2366 3756
379 153 484 204 ‘176

305 227 458 269 statorem
472 223 674 267 'Bruhenem
690 230 963 275 Andegavensem
983 230 1182 275 Episcopum

305 283 436 318 volebat
446 279 641 329 degradatos
653 282 671 315 ὲ
682 280 794 325 Regni
812 281 860 315 sui
872 280 1028 324 Synodo,
1059 281 1184 326 scripse-

303 333 346 368 tit
364 329 586 366 Theoduinus
605 330 788 374 Episcopus
805 330 1015 366 Leodienfis:
1042 330 1186 375 Despera-

302 392 370 414 mus
391 382 426 413 id
439 380 507 422 fieri
522 384 599 423 posJe
621 405 632 421 ‚
656 381 720 413 ciam
741 382 849 414 Bruno·
868 382 975 423 exiliat
997 381 1179 425 Epifi‘opus.

301 429 482 473 Episcopum
493 438 591 464 autem
603 442 660 464 non
680 439 790 472 oportet
801 433 1004 466 damnationis
1011 431 1185 477 fiebiresen·

300 486 428 515 tentiam
433 488 552 521 praeror
563 481 751 523 Apostolicctm
764 482 971 516 auc‘i‘oritatem
984 508 991 515 .
1020 484 1065 517 Et
1076 483 1180 518 infrit:

300 531 487 572 Majestatem
505 530 633 571 vestram
656 543 756 565 omnes
777 543 934 567 exoratam
954 535 1100 568 vellemus
1114 559 1125 574 ‚
1150 542 1183 567 ut

301 587 421 615 interim
433 581 548 614 illorum
568 587 715 623 impiam,
735 584 914 628 sacrilegam
934 584 1127 627 &nefariam
1136 583 1186 628 as-

297 629 454 673 fertionem
475 632 578 664 audire
598 637 845 674 contemneretis,
872 635 962 667 donee
984 643 1105 677 accepta
1126 638 1183 667 Ro-

297 692 397 715 manae
417 682 503 714 Sedis
529 682 686 716 audientia
709 684 877 717 damnandi
884 684 1054 727 potestatem
1064 684 1181 718 habere-

296 737 339 763 us
349 755 357 762 .
383 730 420 764 N
421 742 458 766 ec
478 729 524 765 ob
535 730 679 767 haeresim
690 732 871 777 Episcopus
890 736 957 770 fine
967 736 1084 779 praevio
1094 734 1181 767 Pon-

295 781 396 815 tificis
419 782 583 817 consensu
609 793 736 826 poterat
761 793 841 818 tunc
867 784 1038 819 damnari.
1066 785 1110 819 Et
1137 784 1179 820 ad

293 830 444 866 Poloniae
452 831 749 878 Archiopiscopum
762 858 774 875 ‚
791 834 885 878 cujus
896 834 1091 870 Anteceffor
1104 834 1178 879 Epi-

291 882 429 926 scopum
448 882 517 918 fine
532 883 594 918 tali
615 884 775 919 consensu
797 884 1032 926 damnaverat,
1059 885 1177 929 scripsit

293 930 462 967 Paschalis
481 932 659 968 secundus:
687 933 808 979 ,Quibus
830 934 884 970 boc
900 935 1090 976 eunomiam,
1117 941 1178 978 qui-

292 981 349 1016 bus
375 983 520 1018 conciliis
539 984 642 1028 legitur
664 985 919 1029 affepermiffum?
944 986 1055 1032 Qam
1066 986 1176 1030 Regu-

289 1032 360 1069 lam
379 1034 577 1077 frequenter
589 1035 745 1079 supponit
764 1036 865 1070 etiam
885 1037 1017 1071 Sanetus
1030 1035 1087 1069 lvo
1100 1037 1176 1080 Epi-

289 1083 410 1127 scopus
430 1083 642 1119 Carnutenfis
658 1110 667 1116 .
694 1085 738 1120 Et
756 1085 800 1120 ad
823 1086 1004 1121 Gerardum
1027 1086 1176 1131 Engolis·

287 1134 436 1168 mensem
451 1133 653 1178 Episcopum
666 1159 677 1175 ,
702 1135 796 1170 Sedis
808 1135 1008 1180 Apostolicae
1026 1138 1060 1170 in
1073 1137 1174 1181 Aqui-

289 1183 382 1218 tania
392 1184 579 1229 Legatum,
606 1183 717 1219 scribit
728 1186 902 1220 Goffredus
922 1186 1037 1221 Abbas
1049 1185 1176 1220 Vindo-

284 1234 426 1268 cinensis
447 1248 461 1267 .-
485 1236 579 1278 ‚Quod
605 1246 654 1269 me
669 1234 821 1278 praefente
841 1242 934 1270 etiam
954 1247 1050 1269 coram
1071 1240 1173 1270 Laicis

281 1284 477 1325 praedicastis
490 1308 501 1323 ,
528 1296 585 1318 vos
612 1286 751 1319 videlieet
762 1285 922 1329 Episcopos
944 1288 1111 1328 deponendi
1122 1287 1174 1320 ba-

282 1331 355 1366 bere
369 1331 563 1374 potestatem,
590 1344 700 1366 nomm
715 1346 811 1377 genus
819 1335 1066 1377 praefismptionis
1082 1344 1174 1377 puta-

114 931 233 971 Epist.6.

286 1386 389 1415 vimus
401 1406 413 1422 ‚
438 1387 510 1425 qula
530 1384 616 1416 nulla
635 1388 750 1416 ratbone
762 1387 886 1428 Legatis
909 1384 1076 1427 Apostoltcae
1088 1386 1174 1419 Sedis

282 1433 476 1473 conceditur,
502 1434 583 1475 quod
602 1431 744 1475 adsollus
764 1437 892 1467 Romani
916 1434 1070 1477 Pontificis
1077 1441 1172 1477 pern-

282 1491 336 1516 ·net
347 1483 543 1526 dignitatem.
570 1481 712 1527 sedfiira
724 1482 761 1520 est
773 1507 783 1522 ,
795 1491 828 1515 ut
839 1485 859 1514 ἃ
872 1483 958 1516 vobts
966 1484 1083 1525 publice*
1089 1494 1173 1526 prae-

282 1533 421 1566 dicatum
431 1530 619 1574 agnoststur,
643 1530 731 1572 quasi
741 1531 871 1564 alterum
889 1535 1008 1574 Papam
1027 1545 1083 1567 vos
1097 1533 1171 1575 fecl-

276 1581 336 1622 flis
348 1607 355 1614 .
383 1586 452 1614 Nos
463 1590 565 1615 tamen
577 1579 770 1615 credebamus
784 1582 1020 1616 mediocritatem
1042 1583 1170 1623 vestram

278 1631 392 1665 habere
404 1633 580 1674 legationem
596 1633 618 1664 5
617 1632 682 1663 edis
702 1630 867 1672 Apoflohcae
877 1656 888 1672 ,
900 1644 972 1665 *non
983 1632 1170 1674 apostolicam

274 1683 390 1715 &edem
402 1681 454 1723 effe
465 1704 476 1721 ‚
503 1682 568 1715 &d
578 1682 704 1713 Domino
716 1682 805 1722 Papa
821 1689 943 1722 partem
951 1680 1066 1724 fusi-epi
1087 1694 1102 1715 e
1114 1682 1170 1725 sol·

275 1732 450 1766 mitudinis
465 1754 477 1770 ,
501 1740 592 1772 quam
608 1728 787 1772 solummodo
807 1737 907 1764 caeteri
943 1734 1053 1776 Legati
1081 1730 1168 1775 susc!-

275 1787 370 1825 piunt
394 1804 406 1821 ‚
433 1789 491 1813 non
513 1780 735 1822 plenitudinem
759 1788 892 1814 'exercere
913 1781 1069 1823 potestatis
1089 1804 1096 1811 .
1125 1781 1169 1815 Et

275 1830 388 1865 hocce
408 1829 501 1863 Sedis
511 1831 574 1864 suae
597 1830 808 1875 privilegium
821 1831 1003 1875 Gregorius
1015 1832 1168 1874 septimus

280 1879 543 1916 hicconsirmat.
571 1879 931 1921 Innocentiustertius‚
959 1892 1058 1925 quern
1077 1883 1169 1915 auda-

280 1942 346 1967 cem
360 1929 579 1974 jurisperitum·
595 1941 690 1965 vocat
702 1929 880 1965 Matthaeus
899 1931 1104 1972 Parifiensis,
1131 1931 1164 1965 in

279 1980 398 2016 {itteris
424 1980 466 2014 ad
486 1981 660 2015 Decanum
685 1982 720 2015 δε
743 1980 936 2024 Capitulum
947 1980 1166 2026 Andegaven-

278 2033 338 2072 se,
364 2029 566 2066 exstantibus
584 2030 671 2074 apud
681 2031 879 2075 Gregorium
899 2043 1028 2066 nonum
1041 2054 1051 2070 ‚
1077 2030 1165 2064 dixit

280 2080 383 2125 long&
404 2077 567 2125 amplius:
593 2085 668 2117 Non
681 2079 839 2120 humana,
860 2079 920 2121 sed
934 2081 1035 2122 potitis
1049 2082 1167 2113 Divina

277 2130 422 2176 potestate
440 2131 609 2173 conjugium
623 2128 785 2170 spirituale
805 2129 974 2169 dtssolvmer
994 2150 1005 2166 ,
1029 2129 1094 2161 edm
1109 2136 1167 2169 per

281 2181 512 2214 translationem
526 2202 537 2218 ‚
561 2176 779 2219 definitionem,
807 2183 861 2210 aut
881 2178 1045 2218 restionem,
1072 2177 1169 2211 auc‘lo·

275 2236 372 2264 *ritate
391 2233 523 2262 Romani·
531 2226 686 2269 Pontificis
697 2251 707 2267 ‚
733 2236 821 2269 quem
831 2226 939 2266 constat
953 2229 1005 2270 effe
1019 2232 1167 2261 Vicarium

279 2279 395 2325 JESU
418 2277 528 2318 Christi
547 2301 559 2319 ‚
585 2275 751 2320 Episcopus
772 2276 812 2308 ab
833 2276 959 2318 Ecclefia
979 2287 1163 2310 removetur.

270 2334 328 2365 Et
338 2331 406 2365 ide&
417 2333 478 2363 tria
489 2328 553 2362 haec
563 2353 574 2369 ‚
600 2325 857 2370 quo-praemisimus
870 2350 881 2366 ,
908 2338 967 2360 non
982 2336 1047 2360 tam
1066 2326 1164 2368 const!-

272 2387 395 2416 -sutione
422 2384 571 2413 Canonica
594 2402 606 2419 ,
631 2380 723 2420 qutun
733 2376 910 2416 institutione
930 2380 1047 2411 Divina
1069 2400 1080 2418 ,
1108 2376 1165 2421 soli

101 1591 134 1623 1„
147 1595 221 1624 ῐ-..Ε-

100 1631 163 1673 pist.
174 1644 221 1664 ιι,

102 2287 133 2315 1,.
148 2284 239 2317 1·.Tit>.

101 2335 128 2362 γ.
145 2336 175 2356 c·
185 2336 213 2356 2·

279 2431 349 2477 funt
361 2435 494 2464 Romano
506 2426 641 2470 Pontifici
652 2425 822 2470 reservata.
854 2427 977 2462 Utitur
990 2437 1178 2472 argutum-¹

277 2494 317 2518 to
329 2482 347 2516 ὲ
360 2480 509 2520 carnali,
535 2477 627 2524 quod
649 2488 719 2512 non
741 2478 800 2512 nisi
822 2489 878 2522 per
890 2478 1001 2512 Deum
1011 2477 1094 2512 solvi
1105 2489 1163 2523 po·

277 2532 363 2572 test,
389 2530 549 2575 conjugio
568 2529 609 2564 ad
621 2528 783 2572 spirituale
795 2554 803 2560 .

332 2581 481 2629 Qaestio
506 2579 551 2615 est
579 2604 591 2621 ,
618 2579 676 2613 An
703 2578 839 2613 Nicolai
868 2578 963 2621 primi
991 2577 1163 2613 pontificis

279 2633 461 2668 Decretum
486 2630 583 2665 fuerit
593 2627 975 2664 alienumaCanonibus
995 2628 1162 2673 antiquis?

278 2682 454 2730 Qidquid
475 2681 579 2725 aliqui
598 2680 713 2719 dicant
735 2679 774 2713 in
797 2679 1005 2723 oppositum,
1035 2681 1163 2723 respon*

281 2733 347 2768 deo
371 2744 441 2767 non
462 2732 558 2765 fuisse
573 2755 581 2763 .
607 2729 759 2778 Qidarn
769 2728 909 2773 probant
919 2740 961 2763 ex
972 2730 1064 2763 causa
1076 2729 1165 2763 Mar·

282 2782 370 2818 ciani
380 2781 579 2816 Arelatensis
594 2780 777 2823 Episcopi,
804 2779 863 2823 qui
873 2779 1024 2813 adversus
1035 2780 1165 2814 Sancio-

282 2842 358 2867 rum
378 2831 586 2865 Pontificum
608 2829 758 2864 Cornelii
778 2829 812 2863 ὅ(
824 2828 922 2864 Lucii
941 2828 1083 2872 delapsis
1093 2829 1164 2874 post

283 2880 468 2926 legitimam
491 2879 724 2924 poenitentiam
743 2879 939 2923 recipiendis
948 2878 1087 2913 Decreta
1099 2891 1165 2923 per-

284 2933 380 2966 tinax
405 2928 534 2965 adhaefit
559 2929 687 2964 duritiae
713 2929 950 2964 Novatianensi
970 2953 982 2971 ,
1010 2929 1165 2973 plurimos

284 2982 484 3026 poenitentes
505 2980 574 3015 fine
596 2978 682 3024 pacis
702 2991 740 3013 ac
750 2978 1030 3014 reconciliationis
1042 2980 1163 3014 viatico

284 3032 424 3078 permisit
434 3031 610 3070 excedere,
636 3040 770 3065 omnem
791 3029 987 3074 inquietavit
998 3029 1141 3064 Galliam
1153 3054 1164 3071 ,

285 3142 395 3167 motus
407 3131 540 3165 Sanctus
551 3129 739 3174 Cyprianus
749 3129 870 3174 scripsit
881 3129 922 3163 ad
933 3130 1083 3164 sanetum
1096 3129 1168 3165 SteI

284 3181 431 3227 phanum
451 3180 575 3224 Papam
592 3192 604 3212 .·
631 3183 810 3223 Dirigamur
830 3184 864 3212 tn
886 3182 1079 3214 Provinciam
1091 3206 1102 3222 ,
1130 3182 1164 3215 (θ’

285 3234 328 3266 ad
345 3231 462 3274 plebem
476 3232 604 3265 Arelaetae
623 3228 810 3271 confistentem
830 3230 889 3263 ate
897 3231 1005 3264 litterae
1020 3255 1031 3270 ‚
1056 3230 1161 3273 quibus

286 3282 413 3322 abstento
438 3285 591 3315 Martiano
612 3281 689 3313 alius
710 3282 843 3314 inlocum
862 3281 927 3319 ey’ur
946 3279 1160 3322 substituatur,

287 3336 406 3377 &grex
428 3330 556 3372 christi,
585 3335 636 3372 qui
657 3336 690 3362 in
709 3329 882 3364 hodiernum
902 3330 941 3362 ab
953 3332 1003 3364 illo
1013 3333 1162 3374 diffipatus

288 3385 322 3418 o·
334 3384 511 3417 vulneratus
533 3384 743 3420 contemnitur,
768 3380 921 3423 colligatur
934 3406 941 3412 .
970 3381 1038 3415 Cur
1056 3381 1160 3426 ipsum

287 3444 357 3468 non
380 3431 595 3479 degradavit,
620 3429 676 3469 sed
693 3428 935 3477 degradandum
958 3430 976 3467 ὲ
999 3431 1162 3469 Pontifice

116 3174 202 3215 Epist.
225 3180 267 3210 67>

674 144 718 188 S.
754 141 1079 190 GRnGonil
1113 142 1755 190 sepum-P‘onnrmis

1244 230 1421 276 postulavit
1441 229 1623 266 Provinciae
1640 226 1816 275 synodus?
1840 230 2053 281 Respondent
2064 238 2130 272 ali-¹

1242 281 1321 324 qui,
1346 281 1503 326 quoniam
1525 282 1591 317 sine
1602 282 1778 317 Pontificis
1798 286 1960 321 consensu
1973 298 2042 322 non
2063 299 2120 332 po-

1243 341 1325 366 terat
1338 358 1349 367 .
1375 330 1502 366 Verum
1521 334 1607 368 ratio
1627 344 1696 367 non
1716 332 1763 366 est
1778 333 1891 369 firma.
1916 336 2018 384 Qiod
2028 338 2118 372 enim

1244 392 1325 415 tunc
1345 382 1379 416 ὅ(
1393 381 1554 426 Hispani,
1579 383 1722 424 &Asi-i,
1749 384 1784 417 ἀ
1802 383 1895 417 Galli
1916 382 1951 418 in
1975 387 2039 421 suis
2059 389 2119 430 Sy-

1244 431 1340 466 nodis
1358 432 1423 465 fine
1443 433 1556 476 praevia
1567 434 1609 468 ad
1619 433 1819 468 Pontificem
1839 434 1998 470 relatione
2009 435 2122 482 degra-

1243 482 1357 516 darent
1379 481 1581 527 Epffcopos,
1606 484 1690 518 lucet
1711 494 1752 517 ex
1774 484 1870 519 variis
1887 484 2032 528 epistolis
2042 487 2121 531 ejus-

1241 530 1317 566 dem
1339 532 1500 576 Cypriani
1518 559 1526 566 .
1552 534 1712 569 Martiani
1737 534 1837 579 igitur
1862 537 1955 570 causa
1973 544 2041 570 erat
2062 537 2120 571 du-

1242 583 1314 616 bia:
1342 582 1464 617 Similis
1472 585 1575 618 causae
1585 584 1721 619 istorum
1735 585 1968 630 Episcoporum
1979 587 2014 620 in
2027 584 2120 621 Afri·

1242 644 1279 666 ca
1289 657 1300 673 ‚
1327 632 1345 665 ὲ
1355 633 1473 677 quibus
1482 632 1662 678 Zephyrini
1676 634 1852 669 Pontificis
1873 636 1916 670 de
1926 636 2133 680 recipiendisv

1243 681 1379 717 moechis
1404 684 1581 719 Decretum
1604 687 1705 729 usque
1727 685 1768 719 ad
1796 686 1853 719 sua
1877 695 2022 732 tempora
2048 698 2119 721 non

1240 733 1332 766 fuisso
1355 744 1539 782 receptum,
1565 735 1617 769 sed
1639 737 1738 770 etiam
1763 736 1798 769 in
1808 736 1875 770 fine
1895 729 2051 781 negatum
2064 737 2129 772 Sa-v

1240 784 1446 819 eramentalis
1470 784 1767 820 Reconciliationis
1791 784 1963 820 Viaticum
1985 785 2120 821 testatur

1241 834 1326 868 idem
1349 834 1538 878 Cyprianus
1560 836 1594 869 in
1608 837 1728 871 litteris
1746 833 1789 870 ad
1799 835 1999 880 Episcopum
2010 836 2131 884 Anto-2

1239 885 1395 918 niarium.
1423 886 1525 933 Qod
1549 897 1618 920 non
1641 899 1683 921 ex
1704 895 1831 932 negatae
1850 886 2018 931 potestatis
2033 898 2120 921 erro-

1240 946 1294 974 re,
1320 933 1376 969 sed
1387 947 1429 969 ex
1452 936 1628 970 retinendae
1646 936 1823 980 disciplinae
1844 937 1916 971 zelo
1938 939 2120 972 refutarent

1238 986 1418 1020 Decretum
1445 1010 1457 1027 ,
1496 997 1567 1021 non
1592 996 1684 1021 erant
1710 987 1866 1021 Haeretici
1887 996 1944 1023 aut
1967 987 2120 1022 Ecclefiae

1238 1034 1438 1075 turbatores,
1465 1035 1605 1080 ideoque
1624 1048 1684 1071 nec
1707 1038 1794 1081 ipsos
1806 1037 1994 1081 Cyprianus
2017 1046 2121 1073 atten-

1237 1086 1316 1119 tavit
1338 1086 1493 1119 damnare
1505 1112 1512 1118 .
1541 1086 1633 1120 Nam
1644 1088 1743 1122 etiam
1755 1087 1826 1130 post
1837 1088 2011 1122 Nicaenum
2024 1113 2034 1128 ,
2061 1087 2121 1132 qui

1237 1135 1330 1168 omni
1352 1134 1483 1177 penitus
1502 1146 1637 1178 peccato
1660 1137 1818 1180 impartiri
1838 1138 1926 1181 jussit
1937 1147 2120 1172 extremum

1238 1184 1540 1218 Reconciliationis
1575 1185 1748 1221 Viaticum
1769 1212 1779 1228 ,
1807 1188 1984 1223 Canonem
2020 1188 2121 1221 multi

1239 1233 1318 1269 hinc
1343 1235 1419 1267 inde
1445 1235 1599 1279 Episcopi
1619 1236 1653 1269 in
1681 1239 1783 1278 priori
1801 1238 1924 1271 duritia
1946 1237 2135 1279 persevera-⁷

1239 1294 1314 1318 runt
1328 1309 1335 1316 .
1362 1285 1487 1318 Eadem
1511 1285 1551 1319 de
1562 1286 1657 1320 causa
1669 1285 2120 1321 Martianum'damnarenon

1238 1335 1302 1367 ausi
1326 1335 1400 1368 sunt
1412 1334 1596 1369 Galliarum
1621 1336 1800 1379 Episcopi,
1827 1335 1881 1369 sed
1899 1337 1989 1379 quod
2012 1335 2123 1371 turbu-

1237 1382 1327 1417 lente
1363 1394 1460 1428 agens
1489 1384 1658 1419 excederet
1682 1385 1820 1419 modurn
1843 1409 1854 1426 ,
1889 1396 1944 1429 pet
1968 1386 2130 1422 Sanctum

1239 1433 1443 1478 Cyprianum
1478 1456 1489 1473 ,
1525 1434 1719 1469 Corneliani
1754 1435 1888 1470 Decreti
1925 1437 2131 1471 acerrimum’

1235 1484 1436 1518 defensorem
1467 1509 1476 1524 ‚
1515 1485 1738 1528 supplicarunt
1763 1485 1913 1520 damnari
1939 1484 1982 1520 ab
2008 1486 2125 1521 Eccle-

1234 1532 1274 1565 sia
1303 1532 1482 1567 Romana.
1513 1534 1556 1569 Et
1583 1535 1661 1569 hinc
1687 1534 1728 1570 ad
1753 1535 1890 1570 adducta
1916 1537 2027 1571 Sanffi
2047 1537 2122 1581 ⁴Cy-

1232 1582 1338 1623 priani
1366 1584 1461 1615 verba
1488 1584 1571 1617 recte
1597 1585 1707 1619 scribit
1735 1585 1899 1620 Nicolaus
1926 1586 2119 1630 Rigaltius:

1232 1632 1353 1674 Licuisse
1383 1634 1454 1673 jam
1482 1634 1552 1666 olim
1579 1631 1770 1676 Pontificibus
1815 1638 1960 1667 Romanis
1996 1631 2120 1678 Epifiwss

1227 1688 1284 1721 pos
1302 1681 1391 1721 justis
1429 1683 1469 1714 de
1502 1681 1599 1723 caufis⁴
1617 1688 1868 1717 excommunicare
1895 1709 1906 1725 ,
1949 1687 2007 1718 imi
2033 1684 2118 1724 desti·

1232 1736 1331 1768 tuere,
1361 1731 1395 1763 ὦ·
1421 1742 1512 1763 novos
1537 1737 1571 1763 in
1595 1743 1694 1765 eorum
1717 1734 1809 1767 Iocum
1829 1733 2023 1776 substituere,
2046 1741 2120 1775 per·->

1227 1777 1363 1822 spicuam
1403 1779 1487 1820 facte
1524 1780 1575 1814 boc
1613 1783 1671 1815 loco
1707 1785 1875 1823 Cyprianus
1912 1785 1950 1816 de
1997 1784 2130 1816 Gallim

1231 1831 1324 1872 ,Quod
1346 1834 1456 1863 mirum
1482 1835 1516 1864 in
1542 1832 1662 1866 modum
1697 1831 1903 1866 aueorttatem
1929 1834 2118 1867 commendat

1231 1880 1265 1912 &
1279 1882 1449 1913 Primatum
1458 1905 1466 1913 .
2115 1892 2117 1895 '

1279 1929 1448 1977 roirca
1469 1942 1578 1966 meam
1595 1932 1801 1968 assertionem
1823 1933 1928 1976 probo
1947 1944 1989 1966 ex
2016 1933 2127 1968 Inno-⁴

1227 1978 1328 2012 centii
1357 1980 1454 2022 primi
1476 1980 1650 2015 Pontificis
1675 1982 1716 2015 ad
1741 1981 1969 2016 Alexandrum
1993 1980 2117 2017 Antio-

1229 2026 1311 2062 chiae
1334 2028 1557 2064 Patriarcham
1583 2031 1704 2065 litteris
1726 2053 1739 2071 ,
1762 2030 2016 2066 asseverantibus
2041 2032 2116 2066 nul-

1227 2075 1296 2110 lum
1308 2078 1408 2112 etiam
1421 2079 1664 2115 provincialem
1675 2081 1901 2125 Episcopuma
1912 2082 2030 2125 quovis
2041 2083 2115 2116 Me-

1227 2126 1385 2168 tropolita
1407 2129 1497 2170 poss'e
1515 2129 1584 2162 fine
1595 2130 1710 2171 praevia
1729 2131 1770 2164 ad
1792 2130 2016 2167 Paniai-eham
2038 2132 2128 2166 tela-2

1225 2174 1320 2209 tione
1343 2199 1355 2216 ,
1380 2176 1415 2210 &
1436 2176 1575 2211 obtenta
1600 2178 1698 2222 ipsius
1720 2179 1975 2214 confirmatione
2001 2183 2128 2215 conse-¹

1226 2224 1327 2258 erari.
1353 2225 1456 2275 Qod
1466 2226 1518 2270 jus
1527 2227 1683 2263 omnibus
1694 2229 1800 2263 tribus
1814 2227 2012 2265 Patriarchis
2021 2229 2126 2264 counss¹
2173 2261 2179 2267 .

1227 2285 1330 2308 mune
1339 2275 1410 2316 est,
1436 2288 1474 2310 ac
1495 2275 1632 2311 indubie
1651 2278 1694 2312 ab
1705 2278 1876 2322 Apostolis
1899 2280 2107 2314 institutum.
2123 2261 2214 2332 {3¹²2st
2237 2264 2281 2293 ¹3·

1227 2324 1275 2358 At
1287 2325 1365 2358 vero
1374 2336 1430 2369 per
1443 2326 1571 2360 easdem
1583 2329 1692 2362 causas
1711 2330 1831 2372 quaevis
1841 2338 1889 2362 res
1907 2329 1942 2363 δε
1953 2329 1993 2363 fit
2012 2330 2045 2364 δε
2055 2330 2109 2364 de-

1226 2374 1380 2415 struitur,
1406 2375 1546 2418 ideoque
1565 2375 1649 2411 ficut
1679 2376 1861 2422 Episcopus
1881 2379 1948 2413 fine
1968 2379 2108 2415 Patriat·

1225 2422 1293 2458 ehae
1317 2427 1436 2468 praevio
1458 2427 1583 2460 assensu
1606 2427 1707 2461 creari
1727 2438 1798 2462 non
1824 2427 1955 2472 potest,
1978 2429 2026 2465 ita
2044 2440 2126 2465 nec·

1223 2473 1416 2519 degradari.
1443 2474 1489 2509 Et
1508 2474 1589 2510 hinc
1609 2477 1777 2522 intelliges
1797 2477 1975 2514 Canonem
1994 2479 2109 2525 vigesi-

1225 2535 1316 2558 mum
1342 2526 1472 2560 sextum
1492 2527 1612 2560 oetavae
1630 2526 1758 2570 Synodi
1779 2540 1787 2560 :
1812 2527 1977 2572 Epist-opos
1994 2529 2108 2572 appel·

1224 2574 1329 2609 lantes
1341 2585 1508 2609 concurrere
1517 2577 1562 2608 ad
1572 2577 1777 2610 Patrrarcbale
1795 2584 1885 2618 capue
1894 2578 2082 2612 decernimus
2089 2601 2103 2619 ‚

1224 2629 1277 2667 qut
1297 2626 1318 2657 ἃ
1335 2625 1529 2667 Metropolim
1545 2624 1634 2668 suis,
1660 2625 1886 2660 damnationis
1904 2628 2103 2664 sententiam

1217 2673 1569 2719 sepertultffefatentur.
1595 2674 1716 2719 Inficper
1730 2681 1821 2710 ettam
1843 2674 2122 2722 nullomodoquefii

1222 2731 1291 2767 quis
1313 2727 1604 2768 metropolitanorum
1637 2728 1690 2760 vel
1709 2725 1919 2769 Episcoporum
1943 2730 1966 2760 ἃ
1989 2733 2118 2762 vicinis*-

1224 2776 1441 2818 Metropolim,
1465 2777 1517 2810 vel
1537 2773 1696 2819 Episcopis
1718 2779 1890 2811 Provincia
1902 2775 1971 2820 fitae
1986 2779 2101 2815 iudice-

1224 2833 1274 2859 tur
1285 2849 1297 2866 ,
1318 2824 1405 2868 seda
1411 2824 1471 2869 folo
1485 2825 1664 2860 Patriarcba
1674 2851 1683 2858 .
1710 2826 1917 2871 Degradatos
1936 2828 1954 2863 a
1970 2827 2119 2864 Metro&

1212 2874 1336 2919 politis
1345 2876 1523 2920 Episcopos
1545 2875 1679 2909 mandat
1699 2877 1739 2910 ad
1753 2876 1976 2911 Patriarcham
1991 2878 2100 2923 appel-

1212 2926 1289 2960 ³lare
1298 2948 1310 2965 ,
1336 2926 1371 2961 ὃ(
1382 2926 1508 2961 eosdem
1518 2925 1538 2959 a
1548 2925 1610 2959 suae
1626 2925 1806 2961 Provinciae
1816 2926 1954 2970 synodo
1964 2928 2102 2963 damna·-
2111 2939 2120 2955 ⁴·

1174 2867 1217 3102 ,ς

284 3082 427 3126 ideoque
446 3080 465 3113 ὲ,
477 3081 637 3115 Faustino
656 3080 927 3125 Lugdunensium
948 3079 1166 3124 Metropolim
1185 3097 1192 3128 3

1212 2976 1250 3018 „ri
1262 2985 1350 3010 vetat
1362 2976 1501 3016 Canon,
1527 2972 1676 3020 adeoque
1694 2977 1822 3012 videtur
1843 2979 1877 3010 in
1889 2977 2098 3022 semetipsum
2108 2995 2117 3003 2

1224 3036 1384 3070 pugnare.
1413 3026 1537 3061 Verum
1558 3036 1627 3059 non
1649 3037 1791 3073 pugnat.
1816 3025 1914 3063 Prior
1923 3028 2014 3064 enim
2025 3037 2113 3072 pars>

1212 3075 1263 3131 {de
1283 3075 1464 3120 degradatis
1488 3075 1589 3119 usque
1613 3085 1692 3111 tunc
1712 3077 1885 3122 Episcopis
1902 3101 1915 3118 ‚
1939 3077 2097 3122 posterior

1186 3131 1191 3155 ἕ
1223 3127 1291 3171 agit
1302 3127 1343 3160 de
1361 3127 1513 3169 deinceps
1522 3125 1757 3170 degradandis.
1783 3127 2115 3171 Permiffimusque:

1211 3172 1304 3211 Ttunc
1325 3175 1469 3220 Synodis
1487 3175 1523 3209 in
1536 3176 1715 3221 Episcopos
1735 3177 1926 3222 potestatem
1939 3186 2096 3219 revocat,

1211 3226 1258 3273 i&
1268 3224 1464 3260 patriarchis
1483 3226 1658 3262 confirmat
1679 3227 1764 3262 istud
1781 3228 1856 3271 jus„
1878 3224 1969 3271 quod
1989 3237 2113 3271 nuper1

1211 3275 1278 3310 sfibi
1291 3275 1488 3320 adjudicarat
1506 3274 1541 3308 N
1545 3276 1668 3312 icolaus
1680 3278 1819 3321 primus.
1849 3277 2022 3312 Romanus
2032 3277 2096 3311 Pa-

1225 3324 1411 3361 triarchatus
1434 3325 1621 3362 vastissimas
1634 3326 1730 3362 habet
1741 3327 1924 3367 Dioeceses,
1952 3326 2093 3371 ideoque

1224 3377 1300 3412 sicut
1318 3375 1452 3411 liberam
1467 3376 1703 3421 Episcoporum
1727 3378 1793 3410 fine
1815 3378 1871 3411 sua
1890 3377 2004 3420 praevia
2015 3389 2098 3411 con-

1225 3426 1412 3466 firmatione
1428 3428 1724 3470 consectationem,
1751 3427 1802 3465 ita
1817 3426 1998 3464 &liberam
2010 3428 2113 3471 ipson

1974 3487 2046 3515 rum
