<?xml version="1.0" encoding="UTF-8"?>
<!DOCTYPE html PUBLIC "-//W3C//DTD XHTML 1.0 Transitional//EN"
    "http://www.w3.org/TR/xhtml1/DTD/xhtml1-transitional.dtd">
<html xmlns="http://www.w3.org/1999/xhtml" xml:lang="en" lang="en">
 <head>
  <title>
</title>
<meta http-equiv="Content-Type" content="text/html;charset=utf-8" />
  <meta name='ocr-system' content='tesseract 3.04.00' />
  <meta name='ocr-capabilities' content='ocr_page ocr_carea ocr_par ocr_line ocrx_word'/>
</head>
<body>
  <div class='ocr_page' id='page_1' title='image "./operaomniastudio05lupuuoft_0329.png"; bbox 0 0 2366 3756; ppageno 0'>
   <div class='ocr_carea' id='block_1_1' title="bbox 58 3358 95 3385">
    <p class='ocr_par' dir='ltr' id='par_1_1' title="bbox 58 3358 95 3385">
     <span class='ocr_line' id='line_1_1' title="bbox 58 3358 95 3385; baseline 0 0"><span class='ocrx_word' id='word_1_1' title='bbox 58 3358 95 3385; x_wconf 84' lang='lat'>²9</span> 
     </span>
    </p>
   </div>
   <div class='ocr_carea' id='block_1_2' title="bbox 57 3305 183 3341">
    <p class='ocr_par' dir='ltr' id='par_1_2' title="bbox 57 3305 183 3341">
     <span class='ocr_line' id='line_1_2' title="bbox 57 3305 183 3341; baseline 0 -2"><span class='ocrx_word' id='word_1_2' title='bbox 57 3307 118 3341; x_wconf 59' lang='lat' dir='ltr'>Lib</span> <span class='ocrx_word' id='word_1_3' title='bbox 128 3305 183 3339; x_wconf 83' lang='lat' dir='ltr'>2.f.</span> 
     </span>
    </p>
   </div>
   <div class='ocr_carea' id='block_1_3' title="bbox 894 123 1388 170">
    <p class='ocr_par' dir='ltr' id='par_1_3' title="bbox 894 123 1388 170">
     <span class='ocr_line' id='line_1_3' title="bbox 894 123 1388 170; baseline 0.004 -2"><span class='ocrx_word' id='word_1_4' title='bbox 894 123 1388 170; x_wconf 54' lang='lat' dir='ltr'>chrnrust</span> 
     </span>
    </p>
   </div>
   <div class='ocr_carea' id='block_1_4' title="bbox 219 204 1137 3469">
    <p class='ocr_par' dir='ltr' id='par_1_4' title="bbox 219 204 1137 3469">
     <span class='ocr_line' id='line_1_4' title="bbox 229 204 1137 252; baseline -0.004 -12"><span class='ocrx_word' id='word_1_5' title='bbox 229 210 357 251; x_wconf 70' lang='lat' dir='ltr'>semper</span> <span class='ocrx_word' id='word_1_6' title='bbox 377 207 563 243; x_wconf 80' lang='lat' dir='ltr'>immunem</span> <span class='ocrx_word' id='word_1_7' title='bbox 584 204 798 250; x_wconf 84' lang='lat' dir='ltr'>protestatur,</span> <span class='ocrx_word' id='word_1_8' title='bbox 822 213 921 248; x_wconf 83' lang='lat' dir='ltr'>atque</span> <span class='ocrx_word' id='word_1_9' title='bbox 943 204 1114 252; x_wconf 73' lang='lat' dir='ltr'>adjungit:</span> <span class='ocrx_word' id='word_1_10' title='bbox 1136 220 1137 223; x_wconf 65' lang='lat'><em>=</em></span> 
     </span>
     <span class='ocr_line' id='line_1_5' title="bbox 231 255 1115 302; baseline -0.006 -12"><span class='ocrx_word' id='word_1_11' title='bbox 231 261 350 292; x_wconf 74' lang='lat' dir='ltr'>saurus</span> <span class='ocrx_word' id='word_1_12' title='bbox 371 267 478 289; x_wconf 83' lang='lat' dir='ltr'>morem</span> <span class='ocrx_word' id='word_1_13' title='bbox 491 279 502 295; x_wconf 87' lang='lat'>,</span> <span class='ocrx_word' id='word_1_14' title='bbox 525 257 716 302; x_wconf 71' lang='lat' dir='ltr'>ordinemque</span> <span class='ocrx_word' id='word_1_15' title='bbox 737 257 892 297; x_wconf 81' lang='lat' dir='ltr'>Majorum</span> <span class='ocrx_word' id='word_1_16' title='bbox 903 278 916 295; x_wconf 91' lang='lat'>,</span> <span class='ocrx_word' id='word_1_17' title='bbox 943 255 1021 293; x_wconf 81' lang='lat' dir='ltr'>nibil</span> <span class='ocrx_word' id='word_1_18' title='bbox 1041 255 1115 291; x_wconf 81' lang='lat' dir='ltr'>addi</span> 
     </span>
     <span class='ocr_line' id='line_1_6' title="bbox 233 304 1112 350; baseline -0.003 -9"><span class='ocrx_word' id='word_1_19' title='bbox 233 306 427 350; x_wconf 80' lang='lat' dir='ltr'>Episcopatui</span> <span class='ocrx_word' id='word_1_20' title='bbox 443 306 526 343; x_wconf 79' lang='lat' dir='ltr'>urbis</span> <span class='ocrx_word' id='word_1_21' title='bbox 548 311 670 346; x_wconf 79' lang='lat' dir='ltr'>Romae,</span> <span class='ocrx_word' id='word_1_22' title='bbox 697 305 774 339; x_wconf 84' lang='lat' dir='ltr'>nibil</span> <span class='ocrx_word' id='word_1_23' title='bbox 793 310 888 341; x_wconf 77' lang='lat' dir='ltr'>minui</span> <span class='ocrx_word' id='word_1_24' title='bbox 907 306 1009 350; x_wconf 80' lang='lat' dir='ltr'>paffus</span> <span class='ocrx_word' id='word_1_25' title='bbox 1024 304 1112 350; x_wconf 86' lang='lat' dir='ltr'>sum.</span> 
     </span>
     <span class='ocr_line' id='line_1_7' title="bbox 232 355 1114 401; baseline -0.005 -10"><span class='ocrx_word' id='word_1_26' title='bbox 232 355 364 400; x_wconf 79' lang='lat' dir='ltr'>Nempe</span> <span class='ocrx_word' id='word_1_27' title='bbox 380 356 423 392; x_wconf 82' lang='lat' dir='ltr'>de</span> <span class='ocrx_word' id='word_1_28' title='bbox 442 357 599 401; x_wconf 84' lang='lat' dir='ltr'>ampliata</span> <span class='ocrx_word' id='word_1_29' title='bbox 623 355 768 393; x_wconf 81' lang='lat' dir='ltr'>Romani</span> <span class='ocrx_word' id='word_1_30' title='bbox 785 355 1000 397; x_wconf 78' lang='lat' dir='ltr'>Episcopatus</span> <span class='ocrx_word' id='word_1_31' title='bbox 1023 355 1114 401; x_wconf 86' lang='lat' dir='ltr'>supra</span> 
     </span>
     <span class='ocr_line' id='line_1_8' title="bbox 230 405 1114 447; baseline -0.003 -6"><span class='ocrx_word' id='word_1_32' title='bbox 230 406 418 443; x_wconf 84' lang='lat' dir='ltr'>Orientales</span> <span class='ocrx_word' id='word_1_33' title='bbox 426 405 629 443; x_wconf 73' lang='lat' dir='ltr'>patriarchas</span> <span class='ocrx_word' id='word_1_34' title='bbox 648 406 681 439; x_wconf 73' lang='grc' dir='ltr'>δε</span> <span class='ocrx_word' id='word_1_35' title='bbox 695 405 846 447; x_wconf 88' lang='lat' dir='ltr'>Synodos</span> <span class='ocrx_word' id='word_1_36' title='bbox 865 405 1054 441; x_wconf 59' lang='lat' dir='ltr'>auaoritate</span> <span class='ocrx_word' id='word_1_37' title='bbox 1067 415 1114 442; x_wconf 81' lang='lat' dir='ltr'>ar·</span> 
     </span>
     <span class='ocr_line' id='line_1_9' title="bbox 230 454 1113 502; baseline -0.002 -12"><span class='ocrx_word' id='word_1_38' title='bbox 230 467 347 502; x_wconf 75' lang='lat' dir='ltr'>guerat</span> <span class='ocrx_word' id='word_1_39' title='bbox 365 468 407 490; x_wconf 86' lang='lat' dir='ltr'>ex</span> <span class='ocrx_word' id='word_1_40' title='bbox 421 455 631 491; x_wconf 81' lang='lat' dir='ltr'>schismaticis</span> <span class='ocrx_word' id='word_1_41' title='bbox 653 454 1113 500; x_wconf 76' lang='lat' dir='ltr'>philippopolitaniconven-</span> 
     </span>
     <span class='ocr_line' id='line_1_10' title="bbox 231 504 1113 542; baseline -0.001 -1"><span class='ocrx_word' id='word_1_42' title='bbox 231 506 329 542; x_wconf 85' lang='lat' dir='ltr'>ticuli</span> <span class='ocrx_word' id='word_1_43' title='bbox 349 506 547 542; x_wconf 86' lang='lat' dir='ltr'>commentis</span> <span class='ocrx_word' id='word_1_44' title='bbox 567 505 780 541; x_wconf 88' lang='lat' dir='ltr'>Constantius</span> <span class='ocrx_word' id='word_1_45' title='bbox 798 518 806 539; x_wconf 91' lang='lat'><strong>:</strong></span> <span class='ocrx_word' id='word_1_46' title='bbox 835 504 878 538; x_wconf 90' lang='lat' dir='ltr'>Et</span> <span class='ocrx_word' id='word_1_47' title='bbox 904 504 1062 539; x_wconf 80' lang='lat' dir='ltr'>Pontifex</span> <span class='ocrx_word' id='word_1_48' title='bbox 1082 505 1113 541; x_wconf 82' lang='lat' dir='ltr'>se</span> 
     </span>
     <span class='ocr_line' id='line_1_11' title="bbox 230 552 1114 601; baseline -0.001 -10"><span class='ocrx_word' id='word_1_49' title='bbox 230 566 350 601; x_wconf 75' lang='lat' dir='ltr'>purgat</span> <span class='ocrx_word' id='word_1_50' title='bbox 372 567 426 599; x_wconf 90' lang='lat' dir='ltr'>per</span> <span class='ocrx_word' id='word_1_51' title='bbox 436 567 562 591; x_wconf 88' lang='lat' dir='ltr'>morem</span> <span class='ocrx_word' id='word_1_52' title='bbox 582 552 776 591; x_wconf 84' lang='lat' dir='ltr'>&amp;ordinem</span> <span class='ocrx_word' id='word_1_53' title='bbox 796 555 984 598; x_wconf 86' lang='lat' dir='ltr'>Majorum‚</span> <span class='ocrx_word' id='word_1_54' title='bbox 1010 564 1114 599; x_wconf 81' lang='lat' dir='ltr'>prote-</span> 
     </span>
     <span class='ocr_line' id='line_1_12' title="bbox 231 602 1113 653; baseline -0.002 -11"><span class='ocrx_word' id='word_1_55' title='bbox 231 607 398 653; x_wconf 77' lang='lat' dir='ltr'>ssaturque</span> <span class='ocrx_word' id='word_1_56' title='bbox 406 607 563 643; x_wconf 83' lang='lat' dir='ltr'>Romano</span> <span class='ocrx_word' id='word_1_57' title='bbox 574 605 786 650; x_wconf 84' lang='lat' dir='ltr'>Episcopatui</span> <span class='ocrx_word' id='word_1_58' title='bbox 799 629 810 647; x_wconf 86' lang='lat'>,</span> <span class='ocrx_word' id='word_1_59' title='bbox 834 604 885 639; x_wconf 83' lang='lat' dir='ltr'>uti</span> <span class='ocrx_word' id='word_1_60' title='bbox 899 602 982 638; x_wconf 89' lang='lat' dir='ltr'>nihil</span> <span class='ocrx_word' id='word_1_61' title='bbox 995 604 1113 642; x_wconf 78' lang='lat' dir='ltr'>adden-</span> 
     </span>
     <span class='ocr_line' id='line_1_13' title="bbox 231 653 1114 698; baseline -0.005 -7"><span class='ocrx_word' id='word_1_62' title='bbox 231 656 337 698; x_wconf 78' lang='lat' dir='ltr'>dum,</span> <span class='ocrx_word' id='word_1_63' title='bbox 363 656 408 694; x_wconf 88' lang='lat' dir='ltr'>ita</span> <span class='ocrx_word' id='word_1_64' title='bbox 420 668 480 691; x_wconf 87' lang='lat' dir='ltr'>nec</span> <span class='ocrx_word' id='word_1_65' title='bbox 500 654 741 692; x_wconf 79' lang='lat' dir='ltr'>minuendum·</span> <span class='ocrx_word' id='word_1_66' title='bbox 771 653 928 692; x_wconf 78' lang='lat' dir='ltr'>Attamen</span> <span class='ocrx_word' id='word_1_67' title='bbox 953 653 1114 690; x_wconf 79' lang='lat' dir='ltr'>Constan-</span> 
     </span>
     <span class='ocr_line' id='line_1_14' title="bbox 230 703 1114 749; baseline 0.001 -9"><span class='ocrx_word' id='word_1_68' title='bbox 230 707 301 742; x_wconf 76' lang='lat' dir='ltr'>tius</span> <span class='ocrx_word' id='word_1_69' title='bbox 321 706 449 743; x_wconf 84' lang='lat' dir='ltr'>videtur</span> <span class='ocrx_word' id='word_1_70' title='bbox 471 718 539 741; x_wconf 85' lang='lat' dir='ltr'>non</span> <span class='ocrx_word' id='word_1_71' title='bbox 559 718 600 740; x_wconf 82' lang='lat' dir='ltr'>ex</span> <span class='ocrx_word' id='word_1_72' title='bbox 612 703 672 740; x_wconf 89' lang='lat' dir='ltr'>hac</span> <span class='ocrx_word' id='word_1_73' title='bbox 698 703 805 739; x_wconf 82' lang='lat' dir='ltr'>radice</span> <span class='ocrx_word' id='word_1_74' title='bbox 816 705 966 749; x_wconf 70' lang='lat' dir='ltr'>scripsisse</span> <span class='ocrx_word' id='word_1_75' title='bbox 984 705 1023 739; x_wconf 86' lang='lat' dir='ltr'>ad</span> <span class='ocrx_word' id='word_1_76' title='bbox 1041 705 1114 741; x_wconf 81' lang='lat' dir='ltr'>Ari-</span> 
     </span>
     <span class='ocr_line' id='line_1_15' title="bbox 229 753 1115 803; baseline -0.002 -13"><span class='ocrx_word' id='word_1_77' title='bbox 229 756 415 792; x_wconf 85' lang='lat' dir='ltr'>minensem</span> <span class='ocrx_word' id='word_1_78' title='bbox 435 756 626 800; x_wconf 81' lang='lat' dir='ltr'>synodum.</span> <span class='ocrx_word' id='word_1_79' title='bbox 653 755 703 790; x_wconf 85' lang='lat' dir='ltr'>lta</span> <span class='ocrx_word' id='word_1_80' title='bbox 726 755 861 791; x_wconf 74' lang='lat' dir='ltr'>suadent</span> <span class='ocrx_word' id='word_1_81' title='bbox 883 753 950 803; x_wconf 80' lang='lat' dir='ltr'>baec</span> <span class='ocrx_word' id='word_1_82' title='bbox 970 754 1037 797; x_wconf 85' lang='lat' dir='ltr'>ejus</span> <span class='ocrx_word' id='word_1_83' title='bbox 1050 765 1115 788; x_wconf 87' lang='lat' dir='ltr'>ver-</span> 
     </span>
     <span class='ocr_line' id='line_1_16' title="bbox 230 803 1113 850; baseline -0.003 -10"><span class='ocrx_word' id='word_1_84' title='bbox 230 805 295 840; x_wconf 77' lang='lat' dir='ltr'>ba:</span> <span class='ocrx_word' id='word_1_85' title='bbox 321 809 354 840; x_wconf 74' lang='lat'>51·</span> <span class='ocrx_word' id='word_1_86' title='bbox 363 808 480 850; x_wconf 83' lang='lat' dir='ltr'>aliquid</span> <span class='ocrx_word' id='word_1_87' title='bbox 503 807 658 842; x_wconf 80' lang='lat' dir='ltr'>volueritis</span> <span class='ocrx_word' id='word_1_88' title='bbox 679 815 782 840; x_wconf 85' lang='lat' dir='ltr'>contra</span> <span class='ocrx_word' id='word_1_89' title='bbox 792 803 906 850; x_wconf 77' lang='lat' dir='ltr'>eosdem</span> <span class='ocrx_word' id='word_1_90' title='bbox 923 829 934 846; x_wconf 93' lang='lat'>‚</span> <span class='ocrx_word' id='word_1_91' title='bbox 956 803 1113 846; x_wconf 72' lang='lat' dir='ltr'>praedillis</span> 
     </span>
     <span class='ocr_line' id='line_1_17' title="bbox 230 854 1114 900; baseline -0.001 -12"><span class='ocrx_word' id='word_1_92' title='bbox 230 854 427 900; x_wconf 71' lang='lat' dir='ltr'>absentibus,</span> <span class='ocrx_word' id='word_1_93' title='bbox 451 855 572 896; x_wconf 83' lang='lat' dir='ltr'>definire</span> <span class='ocrx_word' id='word_1_94' title='bbox 596 880 605 889; x_wconf 88' lang='lat'><strong>.</strong></span> <span class='ocrx_word' id='word_1_95' title='bbox 632 855 786 893; x_wconf 80' lang='lat' dir='ltr'>Laudant</span> <span class='ocrx_word' id='word_1_96' title='bbox 811 856 980 900; x_wconf 86' lang='lat' dir='ltr'>antiquam</span> <span class='ocrx_word' id='word_1_97' title='bbox 1007 854 1114 888; x_wconf 83' lang='lat' dir='ltr'>Eccle-</span> 
     </span>
     <span class='ocr_line' id='line_1_18' title="bbox 229 903 1114 948; baseline -0.006 -7"><span class='ocrx_word' id='word_1_98' title='bbox 229 905 428 941; x_wconf 77' lang='lat' dir='ltr'>fiaflicorum</span> <span class='ocrx_word' id='word_1_99' title='bbox 438 903 633 947; x_wconf 83' lang='lat' dir='ltr'>judiciorum</span> <span class='ocrx_word' id='word_1_100' title='bbox 645 915 794 943; x_wconf 81' lang='lat' dir='ltr'>normam</span> <span class='ocrx_word' id='word_1_101' title='bbox 805 931 816 946; x_wconf 96' lang='lat'>,</span> <span class='ocrx_word' id='word_1_102' title='bbox 842 917 885 940; x_wconf 87' lang='lat' dir='ltr'>ex</span> <span class='ocrx_word' id='word_1_103' title='bbox 905 916 970 948; x_wconf 82' lang='lat' dir='ltr'>qua</span> <span class='ocrx_word' id='word_1_104' title='bbox 986 903 1026 938; x_wconf 86' lang='lat' dir='ltr'>ad</span> <span class='ocrx_word' id='word_1_105' title='bbox 1039 914 1114 939; x_wconf 86' lang='lat' dir='ltr'>eun-</span> 
     </span>
     <span class='ocr_line' id='line_1_19' title="bbox 226 952 1113 998; baseline -0.003 -9"><span class='ocrx_word' id='word_1_106' title='bbox 226 954 309 989; x_wconf 49' lang='lat' dir='ltr'>*dem</span> <span class='ocrx_word' id='word_1_107' title='bbox 319 954 505 998; x_wconf 79' lang='lat' dir='ltr'>Principem</span> <span class='ocrx_word' id='word_1_108' title='bbox 522 979 534 995; x_wconf 83' lang='lat'>‚</span> <span class='ocrx_word' id='word_1_109' title='bbox 559 955 640 991; x_wconf 89' lang='lat' dir='ltr'>dum</span> <span class='ocrx_word' id='word_1_110' title='bbox 653 957 688 991; x_wconf 86' lang='lat' dir='ltr'>in</span> <span class='ocrx_word' id='word_1_111' title='bbox 702 955 941 993; x_wconf 80' lang='lat' dir='ltr'>Mediolanensi</span> <span class='ocrx_word' id='word_1_112' title='bbox 954 952 1113 988; x_wconf 86' lang='lat' dir='ltr'>Concilio</span> 
     </span>
     <span class='ocr_line' id='line_1_20' title="bbox 228 1003 1114 1043; baseline -0.005 -4"><span class='ocrx_word' id='word_1_113' title='bbox 228 1006 267 1039; x_wconf 76' lang='lat' dir='ltr'>*se</span> <span class='ocrx_word' id='word_1_114' title='bbox 286 1006 414 1040; x_wconf 87' lang='lat' dir='ltr'>offerret</span> <span class='ocrx_word' id='word_1_115' title='bbox 442 1006 477 1041; x_wconf 86' lang='lat' dir='ltr'>in</span> <span class='ocrx_word' id='word_1_116' title='bbox 503 1003 680 1041; x_wconf 74' lang='lat' dir='ltr'>Athanasii</span> <span class='ocrx_word' id='word_1_117' title='bbox 705 1004 848 1040; x_wconf 79' lang='lat' dir='ltr'>absentis</span> <span class='ocrx_word' id='word_1_118' title='bbox 867 1004 1114 1043; x_wconf 79' lang='lat' dir='ltr'>accusatorem,</span> 
     </span>
     <span class='ocr_line' id='line_1_21' title="bbox 232 1052 1115 1101; baseline -0.008 -10"><span class='ocrx_word' id='word_1_119' title='bbox 232 1057 443 1101; x_wconf 75' lang='lat' dir='ltr'>reposuerunt</span> <span class='ocrx_word' id='word_1_120' title='bbox 463 1052 642 1089; x_wconf 84' lang='lat' dir='ltr'>orthodoxi</span> <span class='ocrx_word' id='word_1_121' title='bbox 666 1053 846 1096; x_wconf 70' lang='lat' dir='ltr'>Episcopi:</span> <span class='ocrx_word' id='word_1_122' title='bbox 873 1055 1017 1096; x_wconf 75' lang='lat' dir='ltr'>,Quonam</span> <span class='ocrx_word' id='word_1_123' title='bbox 1032 1053 1115 1085; x_wconf 84' lang='lat' dir='ltr'>modo</span> 
     </span>
     <span class='ocr_line' id='line_1_22' title="bbox 232 1102 1115 1150; baseline -0.006 -10"><span class='ocrx_word' id='word_1_124' title='bbox 232 1105 381 1149; x_wconf 84' lang='lat' dir='ltr'>accusator</span> <span class='ocrx_word' id='word_1_125' title='bbox 393 1105 532 1150; x_wconf 80' lang='lat' dir='ltr'>effepoffis</span> <span class='ocrx_word' id='word_1_126' title='bbox 548 1129 558 1145; x_wconf 94' lang='lat'>,</span> <span class='ocrx_word' id='word_1_127' title='bbox 582 1114 639 1136; x_wconf 80' lang='lat' dir='ltr'>non</span> <span class='ocrx_word' id='word_1_128' title='bbox 648 1102 795 1146; x_wconf 81' lang='lat' dir='ltr'>praesente</span> <span class='ocrx_word' id='word_1_129' title='bbox 807 1104 877 1136; x_wconf 81' lang='lat' dir='ltr'>reo?</span> <span class='ocrx_word' id='word_1_130' title='bbox 903 1103 973 1142; x_wconf 83' lang='lat' dir='ltr'>Esto</span> <span class='ocrx_word' id='word_1_131' title='bbox 992 1111 1026 1135; x_wconf 87' lang='lat' dir='ltr'>ut</span> <span class='ocrx_word' id='word_1_132' title='bbox 1037 1113 1115 1135; x_wconf 81' lang='lat' dir='ltr'>accu-</span> 
     </span>
     <span class='ocr_line' id='line_1_23' title="bbox 228 1150 1113 1200; baseline -0.006 -12"><span class='ocrx_word' id='word_1_133' title='bbox 228 1154 314 1200; x_wconf 82' lang='lat' dir='ltr'>sator</span> <span class='ocrx_word' id='word_1_134' title='bbox 328 1155 392 1197; x_wconf 81' lang='lat' dir='ltr'>fis,</span> <span class='ocrx_word' id='word_1_135' title='bbox 420 1153 549 1198; x_wconf 73' lang='lat' dir='ltr'>absentia</span> <span class='ocrx_word' id='word_1_136' title='bbox 570 1163 670 1189; x_wconf 73' lang='lat' dir='ltr'>tamen</span> <span class='ocrx_word' id='word_1_137' title='bbox 692 1159 735 1186; x_wconf 86' lang='lat' dir='ltr'>rei</span> <span class='ocrx_word' id='word_1_138' title='bbox 743 1152 825 1194; x_wconf 81' lang='lat' dir='ltr'>facit</span> <span class='ocrx_word' id='word_1_139' title='bbox 842 1176 853 1192; x_wconf 92' lang='lat'>,</span> <span class='ocrx_word' id='word_1_140' title='bbox 879 1157 956 1185; x_wconf 83' lang='lat' dir='ltr'>utin</span> <span class='ocrx_word' id='word_1_141' title='bbox 968 1150 1059 1194; x_wconf 88' lang='lat' dir='ltr'>causa</span> <span class='ocrx_word' id='word_1_142' title='bbox 1062 1154 1113 1193; x_wconf 83' lang='lat' dir='ltr'>ju-</span> 
     </span>
     <span class='ocr_line' id='line_1_24' title="bbox 231 1203 1115 1241; baseline -0.007 -1"><span class='ocrx_word' id='word_1_143' title='bbox 231 1208 333 1241; x_wconf 79' lang='lat' dir='ltr'>dicare</span> <span class='ocrx_word' id='word_1_144' title='bbox 343 1216 400 1239; x_wconf 87' lang='lat' dir='ltr'>non</span> <span class='ocrx_word' id='word_1_145' title='bbox 411 1206 499 1239; x_wconf 80' lang='lat' dir='ltr'>liceat</span> <span class='ocrx_word' id='word_1_146' title='bbox 509 1230 516 1238; x_wconf 91' lang='lat'><strong><em>.</em></strong></span> <span class='ocrx_word' id='word_1_147' title='bbox 546 1210 617 1237; x_wconf 87' lang='lat' dir='ltr'>Non</span> <span class='ocrx_word' id='word_1_148' title='bbox 629 1207 708 1238; x_wconf 80' lang='lat' dir='ltr'>enim</span> <span class='ocrx_word' id='word_1_149' title='bbox 721 1204 757 1235; x_wconf 84' lang='lat' dir='ltr'>de</span> <span class='ocrx_word' id='word_1_150' title='bbox 774 1214 807 1237; x_wconf 85' lang='lat' dir='ltr'>re</span> <span class='ocrx_word' id='word_1_151' title='bbox 824 1205 959 1236; x_wconf 86' lang='lat' dir='ltr'>Romana</span> <span class='ocrx_word' id='word_1_152' title='bbox 967 1203 1115 1241; x_wconf 81' lang='lat' dir='ltr'>judicium</span> 
     </span>
     <span class='ocr_line' id='line_1_25' title="bbox 228 1250 1116 1298; baseline -0.006 -8"><span class='ocrx_word' id='word_1_153' title='bbox 228 1255 288 1297; x_wconf 82' lang='lat' dir='ltr'>est,</span> <span class='ocrx_word' id='word_1_154' title='bbox 322 1266 377 1298; x_wconf 87' lang='lat' dir='ltr'>quo</span> <span class='ocrx_word' id='word_1_155' title='bbox 401 1255 456 1288; x_wconf 85' lang='lat' dir='ltr'>tibi</span> <span class='ocrx_word' id='word_1_156' title='bbox 475 1262 510 1287; x_wconf 87' lang='lat' dir='ltr'>ut</span> <span class='ocrx_word' id='word_1_157' title='bbox 524 1258 698 1295; x_wconf 79' lang='lat' dir='ltr'>Imperatori</span> <span class='ocrx_word' id='word_1_158' title='bbox 712 1253 790 1297; x_wconf 86' lang='lat' dir='ltr'>fides</span> <span class='ocrx_word' id='word_1_159' title='bbox 812 1251 959 1286; x_wconf 80' lang='lat' dir='ltr'>habeatur</span> <span class='ocrx_word' id='word_1_160' title='bbox 973 1276 983 1291; x_wconf 92' lang='lat'>,</span> <span class='ocrx_word' id='word_1_161' title='bbox 1007 1250 1063 1295; x_wconf 80' lang='lat' dir='ltr'>sod</span> <span class='ocrx_word' id='word_1_162' title='bbox 1079 1253 1116 1285; x_wconf 87' lang='lat' dir='ltr'>de</span> 
     </span>
     <span class='ocr_line' id='line_1_26' title="bbox 231 1301 1114 1349; baseline -0.003 -10"><span class='ocrx_word' id='word_1_163' title='bbox 231 1304 378 1349; x_wconf 76' lang='lat' dir='ltr'>Episcopo</span> <span class='ocrx_word' id='word_1_164' title='bbox 399 1309 517 1348; x_wconf 75' lang='lat' dir='ltr'>agitur,</span> <span class='ocrx_word' id='word_1_165' title='bbox 544 1306 590 1337; x_wconf 87' lang='lat' dir='ltr'>Et</span> <span class='ocrx_word' id='word_1_166' title='bbox 600 1311 709 1346; x_wconf 83' lang='lat' dir='ltr'>oportet.</span> <span class='ocrx_word' id='word_1_167' title='bbox 733 1310 765 1336; x_wconf 90' lang='lat' dir='ltr'>in</span> <span class='ocrx_word' id='word_1_168' title='bbox 777 1301 947 1344; x_wconf 71' lang='lat' dir='ltr'>boc-judicio</span> <span class='ocrx_word' id='word_1_169' title='bbox 966 1308 1036 1344; x_wconf 84' lang='lat' dir='ltr'>pari</span> <span class='ocrx_word' id='word_1_170' title='bbox 1042 1304 1114 1343; x_wconf 65' lang='lat' dir='ltr'>,iure</span> 
     </span>
     <span class='ocr_line' id='line_1_27' title="bbox 230 1351 1113 1400; baseline -0.006 -10"><span class='ocrx_word' id='word_1_171' title='bbox 230 1362 298 1390; x_wconf 84' lang='lat' dir='ltr'>c&#39;um</span> <span class='ocrx_word' id='word_1_172' title='bbox 317 1367 364 1389; x_wconf 89' lang='lat' dir='ltr'>reo</span> <span class='ocrx_word' id='word_1_173' title='bbox 382 1351 591 1397; x_wconf 73' lang='lat' dir='ltr'>&amp;accusatore</span> <span class='ocrx_word' id='word_1_174' title='bbox 612 1359 661 1400; x_wconf 77' lang='lat' dir='ltr'>agi</span> <span class='ocrx_word' id='word_1_175' title='bbox 675 1379 683 1387; x_wconf 89' lang='lat'><strong>.</strong></span> <span class='ocrx_word' id='word_1_176' title='bbox 710 1354 864 1397; x_wconf 68' lang='lat' dir='ltr'>,Quomodo</span> <span class='ocrx_word' id='word_1_177' title='bbox 887 1362 987 1386; x_wconf 84' lang='lat' dir='ltr'>autem</span> <span class='ocrx_word' id='word_1_178' title='bbox 1000 1351 1113 1396; x_wconf 81' lang='lat' dir='ltr'>accusa·</span> 
     </span>
     <span class='ocr_line' id='line_1_28' title="bbox 230 1403 1114 1451; baseline -0.002 -13"><span class='ocrx_word' id='word_1_179' title='bbox 230 1405 279 1438; x_wconf 85' lang='lat' dir='ltr'>bis</span> <span class='ocrx_word' id='word_1_180' title='bbox 289 1416 354 1440; x_wconf 84' lang='lat' dir='ltr'>eum</span> <span class='ocrx_word' id='word_1_181' title='bbox 365 1427 376 1445; x_wconf 84' lang='lat'>,</span> <span class='ocrx_word' id='word_1_182' title='bbox 400 1410 453 1449; x_wconf 83' lang='lat' dir='ltr'>qui</span> <span class='ocrx_word' id='word_1_183' title='bbox 464 1403 497 1437; x_wconf 83' lang='lat' dir='ltr'>ob</span> <span class='ocrx_word' id='word_1_184' title='bbox 507 1405 754 1451; x_wconf 74' lang='lat' dir='ltr'>longinquitatem.</span> <span class='ocrx_word' id='word_1_185' title='bbox 763 1406 821 1438; x_wconf 83' lang='lat' dir='ltr'>loco</span> <span class='ocrx_word' id='word_1_186' title='bbox 832 1403 926 1446; x_wconf 79' lang='lat' dir='ltr'>adesse</span> <span class='ocrx_word' id='word_1_187' title='bbox 936 1414 994 1436; x_wconf 89' lang='lat' dir='ltr'>non</span> <span class='ocrx_word' id='word_1_188' title='bbox 1005 1404 1114 1444; x_wconf 80' lang='lat' dir='ltr'>potuit?</span> 
     </span>
     <span class='ocr_line' id='line_1_29' title="bbox 230 1452 1112 1506; baseline -0.003 -17"><span class='ocrx_word' id='word_1_189' title='bbox 230 1455 284 1489; x_wconf 86' lang='lat' dir='ltr'>lta</span> <span class='ocrx_word' id='word_1_190' title='bbox 304 1454 405 1506; x_wconf 64' lang='lat' dir='ltr'>habes</span> <span class='ocrx_word' id='word_1_191' title='bbox 422 1452 511 1497; x_wconf 86' lang='lat' dir='ltr'>apud</span> <span class='ocrx_word' id='word_1_192' title='bbox 524 1453 741 1489; x_wconf 75' lang='lat' dir='ltr'>Athanasium</span> <span class='ocrx_word' id='word_1_193' title='bbox 767 1455 803 1488; x_wconf 88' lang='lat' dir='ltr'>in</span> <span class='ocrx_word' id='word_1_194' title='bbox 815 1452 964 1496; x_wconf 87' lang='lat' dir='ltr'>Epistola</span> <span class='ocrx_word' id='word_1_195' title='bbox 974 1454 1016 1487; x_wconf 88' lang='lat' dir='ltr'>ad</span> <span class='ocrx_word' id='word_1_196' title='bbox 1031 1453 1112 1487; x_wconf 88' lang='lat' dir='ltr'>Soli-</span> 
     </span>
     <span class='ocr_line' id='line_1_30' title="bbox 229 1502 1114 1549; baseline -0.003 -9"><span class='ocrx_word' id='word_1_197' title='bbox 229 1505 346 1540; x_wconf 80' lang='lat' dir='ltr'>tarios.</span> <span class='ocrx_word' id='word_1_198' title='bbox 373 1503 427 1540; x_wconf 80' lang='lat' dir='ltr'>Ex</span> <span class='ocrx_word' id='word_1_199' title='bbox 437 1504 494 1539; x_wconf 88' lang='lat' dir='ltr'>ista</span> <span class='ocrx_word' id='word_1_200' title='bbox 518 1504 617 1549; x_wconf 83' lang='lat' dir='ltr'>igitur</span> <span class='ocrx_word' id='word_1_201' title='bbox 638 1504 751 1549; x_wconf 77' lang='lat' dir='ltr'>regula</span> <span class='ocrx_word' id='word_1_202' title='bbox 771 1502 986 1539; x_wconf 87' lang='lat' dir='ltr'>Constantius</span> <span class='ocrx_word' id='word_1_203' title='bbox 1006 1504 1114 1538; x_wconf 87' lang='lat' dir='ltr'>voluit</span> 
     </span>
     <span class='ocr_line' id='line_1_31' title="bbox 229 1552 1114 1597; baseline -0.008 -6"><span class='ocrx_word' id='word_1_204' title='bbox 229 1554 377 1591; x_wconf 83' lang='lat' dir='ltr'>Arimini</span> <span class='ocrx_word' id='word_1_205' title='bbox 390 1566 459 1589; x_wconf 85' lang='lat' dir='ltr'>uon</span> <span class='ocrx_word' id='word_1_206' title='bbox 475 1553 612 1597; x_wconf 82' lang='lat' dir='ltr'>judicari</span> <span class='ocrx_word' id='word_1_207' title='bbox 622 1553 664 1590; x_wconf 89' lang='lat' dir='ltr'>de</span> <span class='ocrx_word' id='word_1_208' title='bbox 673 1553 892 1589; x_wconf 85' lang='lat' dir='ltr'>existentibus</span> <span class='ocrx_word' id='word_1_209' title='bbox 910 1552 996 1596; x_wconf 87' lang='lat' dir='ltr'>apud</span> <span class='ocrx_word' id='word_1_210' title='bbox 1007 1553 1114 1587; x_wconf 88' lang='lat' dir='ltr'>Seleu-</span> 
     </span>
     <span class='ocr_line' id='line_1_32' title="bbox 229 1602 1115 1650; baseline -0.006 -12"><span class='ocrx_word' id='word_1_211' title='bbox 229 1605 317 1639; x_wconf 81' lang='lat' dir='ltr'>ciam</span> <span class='ocrx_word' id='word_1_212' title='bbox 342 1604 573 1639; x_wconf 80' lang='lat' dir='ltr'>Orientalibus</span> <span class='ocrx_word' id='word_1_213' title='bbox 595 1628 607 1644; x_wconf 90' lang='lat'><em>,</em></span> <span class='ocrx_word' id='word_1_214' title='bbox 633 1603 847 1650; x_wconf 80' lang='lat' dir='ltr'>praedixitque</span> <span class='ocrx_word' id='word_1_215' title='bbox 879 1603 1007 1637; x_wconf 86' lang='lat' dir='ltr'>irritum</span> <span class='ocrx_word' id='word_1_216' title='bbox 1043 1602 1115 1634; x_wconf 88' lang='lat' dir='ltr'>fore</span> 
     </span>
     <span class='ocr_line' id='line_1_33' title="bbox 228 1649 1114 1695; baseline -0.006 -7"><span class='ocrx_word' id='word_1_217' title='bbox 228 1652 414 1689; x_wconf 87' lang='lat' dir='ltr'>istiusmodi</span> <span class='ocrx_word' id='word_1_218' title='bbox 439 1652 599 1694; x_wconf 77' lang='lat' dir='ltr'>judicium</span> <span class='ocrx_word' id='word_1_219' title='bbox 622 1675 630 1685; x_wconf 92' lang='lat'>.</span> <span class='ocrx_word' id='word_1_220' title='bbox 657 1653 866 1694; x_wconf 81' lang='lat' dir='ltr'>Rescriptum</span> <span class='ocrx_word' id='word_1_221' title='bbox 893 1650 978 1684; x_wconf 83' lang='lat' dir='ltr'>istud</span> <span class='ocrx_word' id='word_1_222' title='bbox 1006 1649 1114 1695; x_wconf 71' lang='lat' dir='ltr'>palam</span> 
     </span>
     <span class='ocr_line' id='line_1_34' title="bbox 228 1699 1114 1748; baseline -0.005 -10"><span class='ocrx_word' id='word_1_223' title='bbox 228 1703 380 1748; x_wconf 83' lang='lat' dir='ltr'>agnoscit</span> <span class='ocrx_word' id='word_1_224' title='bbox 408 1699 632 1737; x_wconf 84' lang='lat' dir='ltr'>Ariminenses</span> <span class='ocrx_word' id='word_1_225' title='bbox 670 1699 808 1744; x_wconf 84' lang='lat' dir='ltr'>potuisse</span> <span class='ocrx_word' id='word_1_226' title='bbox 830 1699 975 1744; x_wconf 78' lang='lat' dir='ltr'>judicare</span> <span class='ocrx_word' id='word_1_227' title='bbox 997 1700 1041 1734; x_wconf 88' lang='lat' dir='ltr'>de</span> <span class='ocrx_word' id='word_1_228' title='bbox 1061 1702 1114 1735; x_wconf 77' lang='lat' dir='ltr'>Se-</span> 
     </span>
     <span class='ocr_line' id='line_1_35' title="bbox 229 1749 1113 1793; baseline -0.005 -5"><span class='ocrx_word' id='word_1_229' title='bbox 229 1751 441 1788; x_wconf 78' lang='lat' dir='ltr'>leucienfibus</span> <span class='ocrx_word' id='word_1_230' title='bbox 462 1765 473 1784; x_wconf 93' lang='lat'>.-</span> <span class='ocrx_word' id='word_1_231' title='bbox 501 1749 548 1784; x_wconf 86' lang='lat' dir='ltr'>At</span> <span class='ocrx_word' id='word_1_232' title='bbox 564 1761 621 1784; x_wconf 89' lang='lat' dir='ltr'>eos</span> <span class='ocrx_word' id='word_1_233' title='bbox 644 1760 757 1784; x_wconf 89' lang='lat' dir='ltr'>monet</span> <span class='ocrx_word' id='word_1_234' title='bbox 779 1775 790 1790; x_wconf 89' lang='lat'>,</span> <span class='ocrx_word' id='word_1_235' title='bbox 828 1761 871 1783; x_wconf 91' lang='lat' dir='ltr'>ne</span> <span class='ocrx_word' id='word_1_236' title='bbox 896 1750 975 1793; x_wconf 84' lang='lat' dir='ltr'>quid</span> <span class='ocrx_word' id='word_1_237' title='bbox 1009 1759 1113 1784; x_wconf 82' lang='lat' dir='ltr'>atten—</span> 
     </span>
     <span class='ocr_line' id='line_1_36' title="bbox 230 1798 1112 1845; baseline -0.007 -7"><span class='ocrx_word' id='word_1_238' title='bbox 230 1812 304 1838; x_wconf 83' lang='lat' dir='ltr'>tent</span> <span class='ocrx_word' id='word_1_239' title='bbox 315 1811 430 1837; x_wconf 86' lang='lat' dir='ltr'>contra</span> <span class='ocrx_word' id='word_1_240' title='bbox 449 1799 634 1845; x_wconf 63' lang='lat' dir='ltr'>iudicialem</span> <span class='ocrx_word' id='word_1_241' title='bbox 644 1798 797 1834; x_wconf 87' lang='lat' dir='ltr'>ordinem</span> <span class='ocrx_word' id='word_1_242' title='bbox 811 1823 818 1831; x_wconf 94' lang='lat'>.</span> <span class='ocrx_word' id='word_1_243' title='bbox 846 1798 890 1832; x_wconf 89' lang='lat' dir='ltr'>Et</span> <span class='ocrx_word' id='word_1_244' title='bbox 904 1799 983 1833; x_wconf 88' lang='lat' dir='ltr'>hinc</span> <span class='ocrx_word' id='word_1_245' title='bbox 996 1799 1112 1834; x_wconf 79' lang='lat' dir='ltr'>similes</span> 
     </span>
     <span class='ocr_line' id='line_1_37' title="bbox 231 1846 1111 1888; baseline -0.008 0"><span class='ocrx_word' id='word_1_246' title='bbox 231 1846 357 1888; x_wconf 73' lang='lat' dir='ltr'>litteras</span> <span class='ocrx_word' id='word_1_247' title='bbox 369 1850 586 1886; x_wconf 88' lang='lat' dir='ltr'>Constantius</span> <span class='ocrx_word' id='word_1_248' title='bbox 611 1862 679 1884; x_wconf 88' lang='lat' dir='ltr'>non</span> <span class='ocrx_word' id='word_1_249' title='bbox 702 1850 788 1885; x_wconf 85' lang='lat' dir='ltr'>misit</span> <span class='ocrx_word' id='word_1_250' title='bbox 811 1847 852 1884; x_wconf 91' lang='lat' dir='ltr'>ad</span> <span class='ocrx_word' id='word_1_251' title='bbox 875 1849 1111 1884; x_wconf 82' lang='lat' dir='ltr'>Seleucienses:</span> 
     </span>
     <span class='ocr_line' id='line_1_38' title="bbox 219 1899 1112 1950; baseline -0.007 -12"><span class='ocrx_word' id='word_1_252' title='bbox 219 1903 334 1950; x_wconf 72' lang='lat' dir='ltr'>Qod</span> <span class='ocrx_word' id='word_1_253' title='bbox 356 1900 472 1945; x_wconf 75' lang='lat' dir='ltr'>nempe</span> <span class='ocrx_word' id='word_1_254' title='bbox 497 1901 703 1944; x_wconf 83' lang='lat' dir='ltr'>exploratum</span> <span class='ocrx_word' id='word_1_255' title='bbox 724 1900 802 1935; x_wconf 81' lang='lat' dir='ltr'>esset</span> <span class='ocrx_word' id='word_1_256' title='bbox 823 1899 908 1943; x_wconf 88' lang='lat' dir='ltr'>ipsos</span> <span class='ocrx_word' id='word_1_257' title='bbox 929 1910 999 1932; x_wconf 84' lang='lat' dir='ltr'>non</span> <span class='ocrx_word' id='word_1_258' title='bbox 1025 1899 1112 1942; x_wconf 76' lang='lat' dir='ltr'>posse</span> 
     </span>
     <span class='ocr_line' id='line_1_39' title="bbox 229 1948 1111 1998; baseline -0.008 -10"><span class='ocrx_word' id='word_1_259' title='bbox 229 1953 374 1998; x_wconf 82' lang='lat' dir='ltr'>judicare</span> <span class='ocrx_word' id='word_1_260' title='bbox 393 1950 436 1985; x_wconf 87' lang='lat' dir='ltr'>de</span> <span class='ocrx_word' id='word_1_261' title='bbox 457 1950 720 1985; x_wconf 83' lang='lat' dir='ltr'>Ariminensibus</span> <span class='ocrx_word' id='word_1_262' title='bbox 734 1975 742 1984; x_wconf 90' lang='lat'><em>.</em></span> <span class='ocrx_word' id='word_1_263' title='bbox 772 1950 867 1984; x_wconf 84' lang='lat' dir='ltr'>Hinc</span> <span class='ocrx_word' id='word_1_264' title='bbox 888 1950 967 1984; x_wconf 86' lang='lat' dir='ltr'>item</span> <span class='ocrx_word' id='word_1_265' title='bbox 991 1948 1111 1983; x_wconf 85' lang='lat' dir='ltr'>Arimi·</span> 
     </span>
     <span class='ocr_line' id='line_1_40' title="bbox 230 1999 1111 2046; baseline -0.006 -8"><span class='ocrx_word' id='word_1_266' title='bbox 230 2003 339 2038; x_wconf 83' lang='lat' dir='ltr'>nensis</span> <span class='ocrx_word' id='word_1_267' title='bbox 353 2000 508 2046; x_wconf 90' lang='lat' dir='ltr'>Synodus</span> <span class='ocrx_word' id='word_1_268' title='bbox 530 2011 599 2034; x_wconf 85' lang='lat' dir='ltr'>non</span> <span class='ocrx_word' id='word_1_269' title='bbox 618 1999 790 2034; x_wconf 78' lang='lat' dir='ltr'>dumtaxat</span> <span class='ocrx_word' id='word_1_270' title='bbox 811 1999 1023 2034; x_wconf 80' lang='lat' dir='ltr'>Auxentium</span> <span class='ocrx_word' id='word_1_271' title='bbox 1039 1999 1111 2033; x_wconf 88' lang='lat' dir='ltr'>Me-</span> 
     </span>
     <span class='ocr_line' id='line_1_41' title="bbox 230 2048 1111 2092; baseline -0.007 -5"><span class='ocrx_word' id='word_1_272' title='bbox 230 2051 477 2092; x_wconf 88' lang='lat' dir='ltr'>diolanensem,</span> <span class='ocrx_word' id='word_1_273' title='bbox 504 2050 683 2085; x_wconf 83' lang='lat' dir='ltr'>Valentem</span> <span class='ocrx_word' id='word_1_274' title='bbox 706 2050 924 2085; x_wconf 86' lang='lat' dir='ltr'>Mursiensern</span> <span class='ocrx_word' id='word_1_275' title='bbox 944 2074 955 2091; x_wconf 90' lang='lat'><strong>,</strong></span> <span class='ocrx_word' id='word_1_276' title='bbox 980 2061 1019 2084; x_wconf 88' lang='lat' dir='ltr'>ac</span> <span class='ocrx_word' id='word_1_277' title='bbox 1043 2048 1111 2083; x_wconf 88' lang='lat' dir='ltr'>Ur·</span> 
     </span>
     <span class='ocr_line' id='line_1_42' title="bbox 231 2097 1111 2146; baseline -0.01 -9"><span class='ocrx_word' id='word_1_278' title='bbox 231 2103 354 2137; x_wconf 87' lang='lat' dir='ltr'>saciurn</span> <span class='ocrx_word' id='word_1_279' title='bbox 377 2100 649 2146; x_wconf 85' lang='lat' dir='ltr'>Singidunensem</span> <span class='ocrx_word' id='word_1_280' title='bbox 669 2121 681 2138; x_wconf 92' lang='lat'>‚</span> <span class='ocrx_word' id='word_1_281' title='bbox 713 2099 946 2135; x_wconf 76' lang='lat' dir='ltr'>occidentales</span> <span class='ocrx_word' id='word_1_282' title='bbox 982 2097 1111 2139; x_wconf 85' lang='lat' dir='ltr'>Episco-</span> 
     </span>
     <span class='ocr_line' id='line_1_43' title="bbox 232 2145 1113 2196; baseline -0.01 -9"><span class='ocrx_word' id='word_1_283' title='bbox 232 2164 293 2196; x_wconf 84' lang='lat' dir='ltr'>pos</span> <span class='ocrx_word' id='word_1_284' title='bbox 312 2163 322 2192; x_wconf 86' lang='lat'>·,</span> <span class='ocrx_word' id='word_1_285' title='bbox 348 2152 403 2185; x_wconf 86' lang='lat' dir='ltr'>sed</span> <span class='ocrx_word' id='word_1_286' title='bbox 423 2152 526 2184; x_wconf 83' lang='lat' dir='ltr'>etiam</span> <span class='ocrx_word' id='word_1_287' title='bbox 545 2147 718 2183; x_wconf 84' lang='lat' dir='ltr'>damnavit</span> <span class='ocrx_word' id='word_1_288' title='bbox 739 2145 947 2180; x_wconf 89' lang='lat' dir='ltr'>Germinium</span> <span class='ocrx_word' id='word_1_289' title='bbox 970 2170 980 2186; x_wconf 93' lang='lat'><em>,</em></span> <span class='ocrx_word' id='word_1_290' title='bbox 1007 2145 1113 2179; x_wconf 89' lang='lat' dir='ltr'>homi·</span> 
     </span>
     <span class='ocr_line' id='line_1_44' title="bbox 233 2195 1111 2243; baseline -0.007 -8"><span class='ocrx_word' id='word_1_291' title='bbox 233 2212 312 2235; x_wconf 88' lang='lat' dir='ltr'>nem</span> <span class='ocrx_word' id='word_1_292' title='bbox 324 2201 442 2243; x_wconf 89' lang='lat' dir='ltr'>Syrum</span> <span class='ocrx_word' id='word_1_293' title='bbox 455 2223 466 2239; x_wconf 90' lang='lat'>‚</span> <span class='ocrx_word' id='word_1_294' title='bbox 492 2198 611 2242; x_wconf 87' lang='lat' dir='ltr'>Cyzici</span> <span class='ocrx_word' id='word_1_295' title='bbox 625 2197 826 2242; x_wconf 84' lang='lat' dir='ltr'>Episcopum</span> <span class='ocrx_word' id='word_1_296' title='bbox 848 2207 885 2230; x_wconf 87' lang='lat' dir='ltr'>ac</span> <span class='ocrx_word' id='word_1_297' title='bbox 899 2195 1111 2239; x_wconf 85' lang='lat' dir='ltr'>Hellesponti</span> 
     </span>
     <span class='ocr_line' id='line_1_45' title="bbox 233 2246 1111 2293; baseline -0.007 -9"><span class='ocrx_word' id='word_1_298' title='bbox 233 2249 507 2293; x_wconf 84' lang='lat' dir='ltr'>Metropolitam‚</span> <span class='ocrx_word' id='word_1_299' title='bbox 533 2259 594 2283; x_wconf 90' lang='lat' dir='ltr'>nec</span> <span class='ocrx_word' id='word_1_300' title='bbox 605 2258 675 2282; x_wconf 87' lang='lat' dir='ltr'>non</span> <span class='ocrx_word' id='word_1_301' title='bbox 697 2246 883 2292; x_wconf 85' lang='lat' dir='ltr'>&amp;Cajum,</span> <span class='ocrx_word' id='word_1_302' title='bbox 910 2246 1111 2290; x_wconf 86' lang='lat' dir='ltr'>Episcopum</span> 
     </span>
     <span class='ocr_line' id='line_1_46' title="bbox 231 2293 1112 2343; baseline -0.005 -9"><span class='ocrx_word' id='word_1_303' title='bbox 231 2300 311 2335; x_wconf 89' lang='lat' dir='ltr'>item</span> <span class='ocrx_word' id='word_1_304' title='bbox 330 2299 536 2333; x_wconf 84' lang='lat' dir='ltr'>Orientalem</span> <span class='ocrx_word' id='word_1_305' title='bbox 561 2323 568 2331; x_wconf 90' lang='lat'><strong><em>.</em></strong></span> <span class='ocrx_word' id='word_1_306' title='bbox 597 2295 699 2343; x_wconf 70' lang='lat' dir='ltr'>Quid</span> <span class='ocrx_word' id='word_1_307' title='bbox 721 2295 837 2339; x_wconf 76' lang='lat' dir='ltr'>nempe</span> <span class='ocrx_word' id='word_1_308' title='bbox 858 2293 958 2330; x_wconf 77' lang='lat' dir='ltr'>essent</span> <span class='ocrx_word' id='word_1_309' title='bbox 982 2295 1112 2339; x_wconf 79' lang='lat' dir='ltr'>praesen·</span> 
     </span>
     <span class='ocr_line' id='line_1_47' title="bbox 231 2344 1111 2393; baseline -0.006 -9"><span class='ocrx_word' id='word_1_310' title='bbox 231 2360 280 2384; x_wconf 87' lang='lat' dir='ltr'>tes</span> <span class='ocrx_word' id='word_1_311' title='bbox 301 2348 438 2393; x_wconf 90' lang='lat' dir='ltr'>Synodo</span> <span class='ocrx_word' id='word_1_312' title='bbox 461 2374 469 2382; x_wconf 86' lang='lat'><strong>.</strong></span> <span class='ocrx_word' id='word_1_313' title='bbox 496 2348 547 2382; x_wconf 84' lang='lat' dir='ltr'>lta</span> <span class='ocrx_word' id='word_1_314' title='bbox 576 2347 711 2391; x_wconf 88' lang='lat' dir='ltr'>quidam</span> <span class='ocrx_word' id='word_1_315' title='bbox 731 2346 925 2381; x_wconf 84' lang='lat' dir='ltr'>existimant</span> <span class='ocrx_word' id='word_1_316' title='bbox 948 2371 955 2378; x_wconf 89' lang='lat'>.</span> <span class='ocrx_word' id='word_1_317' title='bbox 984 2344 1111 2379; x_wconf 72' lang='lat' dir='ltr'>Verum</span> 
     </span>
     <span class='ocr_line' id='line_1_48' title="bbox 231 2395 1108 2443; baseline -0.006 -9"><span class='ocrx_word' id='word_1_318' title='bbox 231 2398 323 2443; x_wconf 89' lang='lat' dir='ltr'>quod</span> <span class='ocrx_word' id='word_1_319' title='bbox 343 2398 443 2442; x_wconf 83' lang='lat' dir='ltr'>Cajus</span> <span class='ocrx_word' id='word_1_320' title='bbox 464 2422 476 2439; x_wconf 92' lang='lat'>‚</span> <span class='ocrx_word' id='word_1_321' title='bbox 514 2396 591 2432; x_wconf 76' lang='lat' dir='ltr'>licet</span> <span class='ocrx_word' id='word_1_322' title='bbox 621 2398 728 2432; x_wconf 83' lang='lat' dir='ltr'>forsan</span> <span class='ocrx_word' id='word_1_323' title='bbox 762 2395 866 2431; x_wconf 90' lang='lat' dir='ltr'>homo</span> <span class='ocrx_word' id='word_1_324' title='bbox 899 2396 1108 2438; x_wconf 76' lang='lat' dir='ltr'>Orientalis,</span> 
     </span>
     <span class='ocr_line' id='line_1_49' title="bbox 229 2444 1110 2489; baseline -0.006 -5"><span class='ocrx_word' id='word_1_325' title='bbox 229 2449 327 2484; x_wconf 79' lang='lat' dir='ltr'>fuerit</span> <span class='ocrx_word' id='word_1_326' title='bbox 348 2448 466 2483; x_wconf 88' lang='lat' dir='ltr'>Panno</span> <span class='ocrx_word' id='word_1_327' title='bbox 490 2471 502 2488; x_wconf 93' lang='lat'><em>‚</em></span> <span class='ocrx_word' id='word_1_328' title='bbox 538 2445 686 2489; x_wconf 81' lang='lat' dir='ltr'>adeoque</span> <span class='ocrx_word' id='word_1_329' title='bbox 716 2444 942 2482; x_wconf 85' lang='lat' dir='ltr'>Occidentalis</span> <span class='ocrx_word' id='word_1_330' title='bbox 976 2446 1110 2489; x_wconf 64' lang='lat' dir='ltr'>Episco»</span> 
     </span>
     <span class='ocr_line' id='line_1_50' title="bbox 229 2494 1109 2543; baseline -0.005 -9"><span class='ocrx_word' id='word_1_331' title='bbox 229 2510 313 2543; x_wconf 81' lang='lat' dir='ltr'>pus,</span> <span class='ocrx_word' id='word_1_332' title='bbox 339 2498 536 2533; x_wconf 75' lang='lat' dir='ltr'>Athanasius</span> <span class='ocrx_word' id='word_1_333' title='bbox 555 2496 673 2532; x_wconf 75' lang='lat' dir='ltr'>diserte</span> <span class='ocrx_word' id='word_1_334' title='bbox 693 2497 827 2532; x_wconf 88' lang='lat' dir='ltr'>testatur</span> <span class='ocrx_word' id='word_1_335' title='bbox 851 2495 887 2529; x_wconf 91' lang='lat' dir='ltr'>in</span> <span class='ocrx_word' id='word_1_336' title='bbox 898 2494 1046 2539; x_wconf 87' lang='lat' dir='ltr'>Epistola</span> <span class='ocrx_word' id='word_1_337' title='bbox 1069 2495 1109 2530; x_wconf 90' lang='lat' dir='ltr'>ad</span> 
     </span>
     <span class='ocr_line' id='line_1_51' title="bbox 229 2544 1110 2593; baseline -0.006 -10"><span class='ocrx_word' id='word_1_338' title='bbox 229 2549 417 2593; x_wconf 73' lang='lat' dir='ltr'>Epistetum</span> <span class='ocrx_word' id='word_1_339' title='bbox 440 2549 642 2591; x_wconf 88' lang='lat' dir='ltr'>Episcopum</span> <span class='ocrx_word' id='word_1_340' title='bbox 661 2545 916 2584; x_wconf 83' lang='lat' dir='ltr'>Corinthiorum</span> <span class='ocrx_word' id='word_1_341' title='bbox 932 2571 940 2579; x_wconf 89' lang='lat'><strong>.</strong></span> <span class='ocrx_word' id='word_1_342' title='bbox 968 2544 1012 2578; x_wconf 91' lang='lat' dir='ltr'>Et</span> <span class='ocrx_word' id='word_1_343' title='bbox 1033 2544 1110 2579; x_wconf 88' lang='lat' dir='ltr'>Ger-</span> 
     </span>
     <span class='ocr_line' id='line_1_52' title="bbox 230 2594 1111 2640; baseline -0.006 -7"><span class='ocrx_word' id='word_1_344' title='bbox 230 2599 373 2633; x_wconf 85' lang='lat' dir='ltr'>minium</span> <span class='ocrx_word' id='word_1_345' title='bbox 396 2597 487 2631; x_wconf 78' lang='lat' dir='ltr'>fuisse</span> <span class='ocrx_word' id='word_1_346' title='bbox 517 2597 647 2640; x_wconf 84' lang='lat' dir='ltr'>Cyzico</span> <span class='ocrx_word' id='word_1_347' title='bbox 667 2596 858 2631; x_wconf 83' lang='lat' dir='ltr'>translatum</span> <span class='ocrx_word' id='word_1_348' title='bbox 893 2595 929 2629; x_wconf 86' lang='lat' dir='ltr'>in</span> <span class='ocrx_word' id='word_1_349' title='bbox 951 2594 1111 2639; x_wconf 87' lang='lat' dir='ltr'>Syrmien·</span> 
     </span>
     <span class='ocr_line' id='line_1_53' title="bbox 230 2643 1106 2682; baseline -0.003 0"><span class='ocrx_word' id='word_1_350' title='bbox 230 2649 297 2682; x_wconf 85' lang='lat' dir='ltr'>sem</span> <span class='ocrx_word' id='word_1_351' title='bbox 312 2646 489 2682; x_wconf 87' lang='lat' dir='ltr'>Ecclesiam</span> <span class='ocrx_word' id='word_1_352' title='bbox 508 2646 659 2681; x_wconf 87' lang='lat' dir='ltr'>adfirmat</span> <span class='ocrx_word' id='word_1_353' title='bbox 681 2645 715 2680; x_wconf 87' lang='lat' dir='ltr'>in</span> <span class='ocrx_word' id='word_1_354' title='bbox 731 2646 847 2680; x_wconf 90' lang='lat' dir='ltr'>litteris</span> <span class='ocrx_word' id='word_1_355' title='bbox 868 2643 910 2679; x_wconf 87' lang='lat' dir='ltr'>ad</span> <span class='ocrx_word' id='word_1_356' title='bbox 921 2644 1106 2680; x_wconf 79' lang='lat' dir='ltr'>Solitarios.</span> 
     </span>
     <span class='ocr_line' id='line_1_54' title="bbox 233 2694 1109 2744; baseline -0.002 -13"><span class='ocrx_word' id='word_1_357' title='bbox 233 2698 441 2744; x_wconf 75' lang='lat' dir='ltr'>Qapropter</span> <span class='ocrx_word' id='word_1_358' title='bbox 460 2696 519 2731; x_wconf 89' lang='lat' dir='ltr'>ista</span> <span class='ocrx_word' id='word_1_359' title='bbox 540 2694 678 2731; x_wconf 87' lang='lat' dir='ltr'>adsertio</span> <span class='ocrx_word' id='word_1_360' title='bbox 700 2695 869 2740; x_wconf 83' lang='lat' dir='ltr'>probanda</span> <span class='ocrx_word' id='word_1_361' title='bbox 880 2695 924 2729; x_wconf 87' lang='lat' dir='ltr'>est</span> <span class='ocrx_word' id='word_1_362' title='bbox 935 2706 976 2729; x_wconf 88' lang='lat' dir='ltr'>ex</span> <span class='ocrx_word' id='word_1_363' title='bbox 994 2695 1109 2729; x_wconf 88' lang='lat' dir='ltr'>litteris</span> 
     </span>
     <span class='ocr_line' id='line_1_55' title="bbox 232 2745 1110 2790; baseline -0.005 -9"><span class='ocrx_word' id='word_1_364' title='bbox 232 2749 275 2781; x_wconf 83' lang='lat' dir='ltr'>ad</span> <span class='ocrx_word' id='word_1_365' title='bbox 298 2746 473 2790; x_wconf 82' lang='lat' dir='ltr'>Episcopos</span> <span class='ocrx_word' id='word_1_366' title='bbox 495 2747 689 2781; x_wconf 80' lang='lat' dir='ltr'>Africanos:</span> <span class='ocrx_word' id='word_1_367' title='bbox 718 2749 774 2780; x_wconf 82' lang='lat' dir='ltr'>Vos</span> <span class='ocrx_word' id='word_1_368' title='bbox 786 2745 960 2785; x_wconf 75' lang='lat' dir='ltr'>dilee‘liffimi</span> <span class='ocrx_word' id='word_1_369' title='bbox 980 2754 1110 2789; x_wconf 79' lang='lat' dir='ltr'>comper·</span> 
     </span>
     <span class='ocr_line' id='line_1_56' title="bbox 230 2795 1109 2839; baseline -0.003 -8"><span class='ocrx_word' id='word_1_370' title='bbox 230 2805 295 2831; x_wconf 73' lang='lat' dir='ltr'>tum</span> <span class='ocrx_word' id='word_1_371' title='bbox 305 2796 419 2829; x_wconf 83' lang='lat' dir='ltr'>habetis</span> <span class='ocrx_word' id='word_1_372' title='bbox 431 2807 470 2829; x_wconf 75' lang='lat' dir='ltr'>ox</span> <span class='ocrx_word' id='word_1_373' title='bbox 480 2801 517 2828; x_wconf 86' lang='lat' dir='ltr'>iis</span> <span class='ocrx_word' id='word_1_374' title='bbox 531 2820 541 2836; x_wconf 95' lang='lat'>,</span> <span class='ocrx_word' id='word_1_375' title='bbox 549 2802 649 2839; x_wconf 80' lang='lat' dir='ltr'>quiex</span> <span class='ocrx_word' id='word_1_376' title='bbox 659 2795 754 2837; x_wconf 86' lang='lat' dir='ltr'>vestro</span> <span class='ocrx_word' id='word_1_377' title='bbox 765 2806 883 2829; x_wconf 86' lang='lat' dir='ltr'>numero</span> <span class='ocrx_word' id='word_1_378' title='bbox 894 2796 937 2827; x_wconf 82' lang='lat' dir='ltr'>ad</span> <span class='ocrx_word' id='word_1_379' title='bbox 946 2797 1109 2828; x_wconf 78' lang='lat' dir='ltr'>Concilium</span> 
     </span>
     <span class='ocr_line' id='line_1_57' title="bbox 233 2843 1106 2889; baseline -0.001 -9"><span class='ocrx_word' id='word_1_380' title='bbox 233 2843 666 2889; x_wconf 75' lang='lat' dir='ltr'>Ariminensesecontulerunt,</span> <span class='ocrx_word' id='word_1_381' title='bbox 691 2846 831 2888; x_wconf 84' lang='lat' dir='ltr'>quomodo</span> <span class='ocrx_word' id='word_1_382' title='bbox 845 2843 981 2887; x_wconf 83' lang='lat' dir='ltr'>Ursacius</span> <span class='ocrx_word' id='word_1_383' title='bbox 1006 2846 1106 2879; x_wconf 74' lang='lat' dir='ltr'>&amp;Va-</span> 
     </span>
     <span class='ocr_line' id='line_1_58' title="bbox 232 2894 1106 2939; baseline -0.005 -8"><span class='ocrx_word' id='word_1_384' title='bbox 232 2898 297 2931; x_wconf 83' lang='lat' dir='ltr'>lens</span> <span class='ocrx_word' id='word_1_385' title='bbox 317 2897 377 2929; x_wconf 84' lang='lat' dir='ltr'>illic</span> <span class='ocrx_word' id='word_1_386' title='bbox 392 2894 498 2937; x_wconf 75' lang='lat' dir='ltr'>praesto</span> <span class='ocrx_word' id='word_1_387' title='bbox 513 2895 619 2937; x_wconf 81' lang='lat' dir='ltr'>fuere,</span> <span class='ocrx_word' id='word_1_388' title='bbox 646 2899 751 2930; x_wconf 63' lang='lat' dir='ltr'>&amp;unci</span> <span class='ocrx_word' id='word_1_389' title='bbox 773 2907 836 2929; x_wconf 88' lang='lat' dir='ltr'>cum</span> <span class='ocrx_word' id='word_1_390' title='bbox 865 2896 923 2928; x_wconf 83' lang='lat' dir='ltr'>illis</span> <span class='ocrx_word' id='word_1_391' title='bbox 951 2894 1106 2939; x_wconf 83' lang='lat' dir='ltr'>Demophi-</span> 
     </span>
     <span class='ocr_line' id='line_1_59' title="bbox 232 2944 1108 2989; baseline -0.002 -9"><span class='ocrx_word' id='word_1_392' title='bbox 232 2948 301 2986; x_wconf 73' lang='lat' dir='ltr'>ius,</span> <span class='ocrx_word' id='word_1_393' title='bbox 324 2944 425 2989; x_wconf 85' lang='lat' dir='ltr'>eosque</span> <span class='ocrx_word' id='word_1_394' title='bbox 436 2947 503 2979; x_wconf 70' lang='lat' dir='ltr'>ideo</span> <span class='ocrx_word' id='word_1_395' title='bbox 513 2944 651 2987; x_wconf 76' lang='lat' dir='ltr'>depofitor</span> <span class='ocrx_word' id='word_1_396' title='bbox 673 2945 917 2981; x_wconf 70' lang='lat' dir='ltr'>&amp;exaut‘loratos</span> <span class='ocrx_word' id='word_1_397' title='bbox 927 2944 1003 2988; x_wconf 76' lang='lat' dir='ltr'>effe,</span> <span class='ocrx_word' id='word_1_398' title='bbox 1027 2947 1108 2988; x_wconf 81' lang='lat' dir='ltr'>quod</span> 
     </span>
     <span class='ocr_line' id='line_1_60' title="bbox 233 2994 1102 3038; baseline -0.001 -9"><span class='ocrx_word' id='word_1_399' title='bbox 233 2997 298 3029; x_wconf 74' lang='lat' dir='ltr'>alia</span> <span class='ocrx_word' id='word_1_400' title='bbox 310 3020 321 3035; x_wconf 91' lang='lat'>,</span> <span class='ocrx_word' id='word_1_401' title='bbox 345 2997 436 3038; x_wconf 65' lang='lat' dir='ltr'>quam</span> <span class='ocrx_word' id='word_1_402' title='bbox 454 3007 521 3038; x_wconf 81' lang='lat' dir='ltr'>quae</span> <span class='ocrx_word' id='word_1_403' title='bbox 541 3002 573 3028; x_wconf 83' lang='lat' dir='ltr'>in</span> <span class='ocrx_word' id='word_1_404' title='bbox 588 2999 715 3030; x_wconf 82' lang='lat' dir='ltr'>Nicaeno</span> <span class='ocrx_word' id='word_1_405' title='bbox 728 2996 854 3029; x_wconf 81' lang='lat' dir='ltr'>Concilio</span> <span class='ocrx_word' id='word_1_406' title='bbox 877 2996 992 3028; x_wconf 80' lang='lat' dir='ltr'>decreta</span> <span class='ocrx_word' id='word_1_407' title='bbox 1011 2994 1102 3038; x_wconf 83' lang='lat' dir='ltr'>sunt,</span> 
     </span>
     <span class='ocr_line' id='line_1_61' title="bbox 233 3043 1106 3090; baseline -0.001 -10"><span class='ocrx_word' id='word_1_408' title='bbox 233 3043 407 3089; x_wconf 72' lang='lat' dir='ltr'>conscribere</span> <span class='ocrx_word' id='word_1_409' title='bbox 427 3045 539 3079; x_wconf 85' lang='lat' dir='ltr'>vellent</span> <span class='ocrx_word' id='word_1_410' title='bbox 552 3071 559 3078; x_wconf 94' lang='lat'>.</span> <span class='ocrx_word' id='word_1_411' title='bbox 586 3043 687 3078; x_wconf 65' lang='lat' dir='ltr'>Porro</span> <span class='ocrx_word' id='word_1_412' title='bbox 697 3044 934 3089; x_wconf 86' lang='lat' dir='ltr'>Demophilum</span> <span class='ocrx_word' id='word_1_413' title='bbox 946 3070 956 3085; x_wconf 85' lang='lat'><strong>,</strong></span> <span class='ocrx_word' id='word_1_414' title='bbox 983 3046 1037 3090; x_wconf 90' lang='lat' dir='ltr'>qui</span> <span class='ocrx_word' id='word_1_415' title='bbox 1052 3056 1106 3088; x_wconf 90' lang='lat' dir='ltr'>po·</span> 
     </span>
     <span class='ocr_line' id='line_1_62' title="bbox 233 3093 1104 3138; baseline -0.002 -8"><span class='ocrx_word' id='word_1_416' title='bbox 233 3096 300 3130; x_wconf 58' lang='lat' dir='ltr'>ste&amp;</span> <span class='ocrx_word' id='word_1_417' title='bbox 321 3094 646 3138; x_wconf 86' lang='lat' dir='ltr'>Constantinopolim</span> <span class='ocrx_word' id='word_1_418' title='bbox 668 3097 813 3136; x_wconf 86' lang='lat' dir='ltr'>transiit,</span> <span class='ocrx_word' id='word_1_419' title='bbox 838 3095 930 3129; x_wconf 75' lang='lat' dir='ltr'>fuisse</span> <span class='ocrx_word' id='word_1_420' title='bbox 952 3093 1104 3129; x_wconf 83' lang='lat' dir='ltr'>Berrhaeae</span> 
     </span>
     <span class='ocr_line' id='line_1_63' title="bbox 234 3143 1104 3189; baseline -0.001 -9"><span class='ocrx_word' id='word_1_421' title='bbox 234 3145 271 3180; x_wconf 90' lang='lat' dir='ltr'>in</span> <span class='ocrx_word' id='word_1_422' title='bbox 292 3143 436 3179; x_wconf 72' lang='lat' dir='ltr'>Thracia</span> <span class='ocrx_word' id='word_1_423' title='bbox 461 3145 660 3188; x_wconf 79' lang='lat' dir='ltr'>Episcopum</span> <span class='ocrx_word' id='word_1_424' title='bbox 682 3168 694 3185; x_wconf 88' lang='lat'>‚</span> <span class='ocrx_word' id='word_1_425' title='bbox 729 3144 866 3188; x_wconf 89' lang='lat' dir='ltr'>ideoque</span> <span class='ocrx_word' id='word_1_426' title='bbox 892 3144 1038 3189; x_wconf 65' lang='lat' dir='ltr'>spectasse</span> <span class='ocrx_word' id='word_1_427' title='bbox 1065 3147 1104 3179; x_wconf 87' lang='lat' dir='ltr'>ad</span> 
     </span>
     <span class='ocr_line' id='line_1_64' title="bbox 232 3193 1105 3239; baseline 0 -9"><span class='ocrx_word' id='word_1_428' title='bbox 232 3194 440 3231; x_wconf 81' lang='lat' dir='ltr'>orientalem</span> <span class='ocrx_word' id='word_1_429' title='bbox 463 3193 663 3234; x_wconf 86' lang='lat' dir='ltr'>Ecclesiam,</span> <span class='ocrx_word' id='word_1_430' title='bbox 690 3193 786 3229; x_wconf 86' lang='lat' dir='ltr'>habet</span> <span class='ocrx_word' id='word_1_431' title='bbox 807 3197 958 3239; x_wconf 83' lang='lat' dir='ltr'>antiquus</span> <span class='ocrx_word' id='word_1_432' title='bbox 981 3195 1105 3238; x_wconf 86' lang='lat' dir='ltr'>Byzan·</span> 
     </span>
     <span class='ocr_line' id='line_1_65' title="bbox 233 3244 1105 3289; baseline 0 -10"><span class='ocrx_word' id='word_1_433' title='bbox 233 3247 380 3280; x_wconf 87' lang='lat' dir='ltr'>tinorum</span> <span class='ocrx_word' id='word_1_434' title='bbox 393 3244 630 3288; x_wconf 85' lang='lat' dir='ltr'>Episcoporum</span> <span class='ocrx_word' id='word_1_435' title='bbox 640 3245 808 3289; x_wconf 87' lang='lat' dir='ltr'>catalogus</span> <span class='ocrx_word' id='word_1_436' title='bbox 819 3269 831 3286; x_wconf 86' lang='lat'>‚</span> <span class='ocrx_word' id='word_1_437' title='bbox 855 3247 982 3280; x_wconf 84' lang='lat' dir='ltr'>exstans</span> <span class='ocrx_word' id='word_1_438' title='bbox 994 3246 1026 3278; x_wconf 91' lang='lat' dir='ltr'>in</span> <span class='ocrx_word' id='word_1_439' title='bbox 1038 3245 1105 3288; x_wconf 84' lang='lat' dir='ltr'>jure</span> 
     </span>
     <span class='ocr_line' id='line_1_66' title="bbox 233 3294 1098 3341; baseline -0.002 -11"><span class='ocrx_word' id='word_1_440' title='bbox 233 3295 533 3331; x_wconf 67' lang='lat' dir='ltr'>Graeco-Romano.</span> <span class='ocrx_word' id='word_1_441' title='bbox 564 3294 674 3328; x_wconf 86' lang='lat' dir='ltr'>Etiam</span> <span class='ocrx_word' id='word_1_442' title='bbox 697 3294 853 3338; x_wconf 85' lang='lat' dir='ltr'>quosdam</span> <span class='ocrx_word' id='word_1_443' title='bbox 867 3295 1013 3341; x_wconf 85' lang='lat' dir='ltr'>AEgypti</span> <span class='ocrx_word' id='word_1_444' title='bbox 1028 3296 1098 3339; x_wconf 86' lang='lat' dir='ltr'>Epi-</span> 
     </span>
     <span class='ocr_line' id='line_1_67' title="bbox 233 3342 1132 3469; baseline 0 -89"><span class='ocrx_word' id='word_1_445' title='bbox 233 3347 350 3392; x_wconf 85' lang='lat' dir='ltr'>scopos</span> <span class='ocrx_word' id='word_1_446' title='bbox 369 3344 503 3380; x_wconf 80' lang='lat' dir='ltr'>adfuisse</span> <span class='ocrx_word' id='word_1_447' title='bbox 527 3344 724 3380; x_wconf 82' lang='lat' dir='ltr'>Ariminensi</span> <span class='ocrx_word' id='word_1_448' title='bbox 746 3342 922 3388; x_wconf 79' lang='lat' dir='ltr'>Concilio,</span> <span class='ocrx_word' id='word_1_449' title='bbox 948 3346 1102 3381; x_wconf 82' lang='lat' dir='ltr'>testantur</span> <span class='ocrx_word' id='word_1_450' title='bbox 1120 3366 1132 3469; x_wconf 58' lang='grc' dir='ltr'><em>Ι</em></span> 
     </span>
    </p>
   </div>
   <div class='ocr_carea' id='block_1_5' title="bbox 1172 202 2068 1345">
    <p class='ocr_par' dir='ltr' id='par_1_5' title="bbox 1176 202 2056 499">
     <span class='ocr_line' id='line_1_68' title="bbox 1178 202 2053 250; baseline 0.007 -12"><span class='ocrx_word' id='word_1_451' title='bbox 1178 204 1210 238; x_wconf 78' lang='lat' dir='ltr'>in</span> <span class='ocrx_word' id='word_1_452' title='bbox 1222 203 1378 242; x_wconf 81' lang='lat' dir='ltr'>exhibitis</span> <span class='ocrx_word' id='word_1_453' title='bbox 1390 204 1521 249; x_wconf 71' lang='lat' dir='ltr'>Magno</span> <span class='ocrx_word' id='word_1_454' title='bbox 1532 202 1727 240; x_wconf 84' lang='lat' dir='ltr'>Theodosio</span> <span class='ocrx_word' id='word_1_455' title='bbox 1749 203 1897 250; x_wconf 78' lang='lat' dir='ltr'>precibus</span> <span class='ocrx_word' id='word_1_456' title='bbox 1907 206 2053 244; x_wconf 89' lang='lat' dir='ltr'>Romani</span> 
     </span>
     <span class='ocr_line' id='line_1_69' title="bbox 1180 254 2053 299; baseline 0.003 -10"><span class='ocrx_word' id='word_1_457' title='bbox 1180 255 1363 299; x_wconf 82' lang='lat' dir='ltr'>Presbyteri</span> <span class='ocrx_word' id='word_1_458' title='bbox 1398 254 1571 291; x_wconf 82' lang='lat' dir='ltr'>Faustinus</span> <span class='ocrx_word' id='word_1_459' title='bbox 1598 256 1876 291; x_wconf 63' lang='lat' dir='ltr'>:tc-Marcellinus</span> <span class='ocrx_word' id='word_1_460' title='bbox 1896 280 1903 291; x_wconf 82' lang='lat'>.</span> <span class='ocrx_word' id='word_1_461' title='bbox 1940 257 2053 294; x_wconf 86' lang='lat' dir='ltr'>Etiam</span> 
     </span>
     <span class='ocr_line' id='line_1_70' title="bbox 1179 305 2055 353; baseline 0.005 -15"><span class='ocrx_word' id='word_1_462' title='bbox 1179 306 1262 348; x_wconf 89' lang='lat' dir='ltr'>ipsos</span> <span class='ocrx_word' id='word_1_463' title='bbox 1285 316 1411 349; x_wconf 86' lang='lat' dir='ltr'>poterat</span> <span class='ocrx_word' id='word_1_464' title='bbox 1432 305 1586 352; x_wconf 85' lang='lat' dir='ltr'>Synodus</span> <span class='ocrx_word' id='word_1_465' title='bbox 1608 306 1764 347; x_wconf 84' lang='lat' dir='ltr'>judicare.</span> <span class='ocrx_word' id='word_1_466' title='bbox 1791 306 1954 353; x_wconf 72' lang='lat' dir='ltr'>roirca</span> <span class='ocrx_word' id='word_1_467' title='bbox 1964 307 2055 350; x_wconf 90' lang='lat' dir='ltr'>quod</span> 
     </span>
     <span class='ocr_line' id='line_1_71' title="bbox 1177 355 2056 399; baseline 0.003 -11"><span class='ocrx_word' id='word_1_468' title='bbox 1177 355 1260 398; x_wconf 86' lang='lat' dir='ltr'>apud</span> <span class='ocrx_word' id='word_1_469' title='bbox 1276 356 1457 391; x_wconf 82' lang='lat' dir='ltr'>Seleuciam</span> <span class='ocrx_word' id='word_1_470' title='bbox 1469 355 1641 392; x_wconf 76' lang='lat' dir='ltr'>existentes</span> <span class='ocrx_word' id='word_1_471' title='bbox 1652 356 1796 399; x_wconf 89' lang='lat' dir='ltr'>judicare</span> <span class='ocrx_word' id='word_1_472' title='bbox 1810 369 1877 390; x_wconf 88' lang='lat' dir='ltr'>non</span> <span class='ocrx_word' id='word_1_473' title='bbox 1892 358 2056 399; x_wconf 87' lang='lat' dir='ltr'>potuerit,</span> 
     </span>
     <span class='ocr_line' id='line_1_72' title="bbox 1177 405 2056 448; baseline 0.005 -10"><span class='ocrx_word' id='word_1_474' title='bbox 1177 405 1316 441; x_wconf 77' lang='lat' dir='ltr'>absentia</span> <span class='ocrx_word' id='word_1_475' title='bbox 1339 405 1575 441; x_wconf 75' lang='lat' dir='ltr'>&amp;necessarius</span> <span class='ocrx_word' id='word_1_476' title='bbox 1596 405 1793 448; x_wconf 85' lang='lat' dir='ltr'>judiciorum</span> <span class='ocrx_word' id='word_1_477' title='bbox 1819 405 1901 442; x_wconf 88' lang='lat' dir='ltr'>ordo</span> <span class='ocrx_word' id='word_1_478' title='bbox 1922 408 2056 446; x_wconf 83' lang='lat' dir='ltr'>fuerunt</span> 
     </span>
     <span class='ocr_line' id='line_1_73' title="bbox 1176 454 1746 499; baseline -0.004 -9"><span class='ocrx_word' id='word_1_479' title='bbox 1176 457 1269 491; x_wconf 87' lang='lat' dir='ltr'>causa</span> <span class='ocrx_word' id='word_1_480' title='bbox 1280 481 1291 496; x_wconf 88' lang='lat'>‚</span> <span class='ocrx_word' id='word_1_481' title='bbox 1318 466 1387 489; x_wconf 90' lang='lat' dir='ltr'>non</span> <span class='ocrx_word' id='word_1_482' title='bbox 1405 454 1550 491; x_wconf 66' lang='lat' dir='ltr'>defectus</span> <span class='ocrx_word' id='word_1_483' title='bbox 1561 454 1727 499; x_wconf 85' lang='lat' dir='ltr'>potestatis</span> <span class='ocrx_word' id='word_1_484' title='bbox 1739 482 1746 488; x_wconf 96' lang='lat'>.</span> 
     </span>
    </p>

    <p class='ocr_par' dir='ltr' id='par_1_6' title="bbox 1172 504 2068 1345">
     <span class='ocr_line' id='line_1_74' title="bbox 1225 504 2057 551; baseline 0.005 -13"><span class='ocrx_word' id='word_1_485' title='bbox 1225 506 1269 538; x_wconf 90' lang='lat' dir='ltr'>D.</span> <span class='ocrx_word' id='word_1_486' title='bbox 1284 504 1559 549; x_wconf 81' lang='lat' dir='ltr'>Archiepiscopus</span> <span class='ocrx_word' id='word_1_487' title='bbox 1579 506 1781 548; x_wconf 87' lang='lat' dir='ltr'>prosequitur</span> <span class='ocrx_word' id='word_1_488' title='bbox 1803 520 1813 539; x_wconf 90' lang='lat'><em>:</em></span> <span class='ocrx_word' id='word_1_489' title='bbox 1841 511 1959 551; x_wconf 70' lang='lat' dir='ltr'>Negare·</span> <span class='ocrx_word' id='word_1_490' title='bbox 1979 508 2057 542; x_wconf 66' lang='lat' dir='ltr'>cert?</span> 
     </span>
     <span class='ocr_line' id='line_1_75' title="bbox 1178 553 2058 598; baseline 0.003 -10"><span class='ocrx_word' id='word_1_491' title='bbox 1178 567 1234 588; x_wconf 89' lang='lat' dir='ltr'>non</span> <span class='ocrx_word' id='word_1_492' title='bbox 1243 553 1334 597; x_wconf 83' lang='lat' dir='ltr'>potest</span> <span class='ocrx_word' id='word_1_493' title='bbox 1346 579 1357 595; x_wconf 93' lang='lat'><em>‚</em></span> <span class='ocrx_word' id='word_1_494' title='bbox 1382 560 1454 597; x_wconf 85' lang='lat' dir='ltr'>quin</span> <span class='ocrx_word' id='word_1_495' title='bbox 1479 555 1567 588; x_wconf 83' lang='lat' dir='ltr'>aliter</span> <span class='ocrx_word' id='word_1_496' title='bbox 1588 566 1623 590; x_wconf 85' lang='lat' dir='ltr'>ea</span> <span class='ocrx_word' id='word_1_497' title='bbox 1638 554 1806 597; x_wconf 81' lang='lat' dir='ltr'>tempestate</span> <span class='ocrx_word' id='word_1_498' title='bbox 1825 555 1966 598; x_wconf 78' lang='lat' dir='ltr'>visumfit</span> <span class='ocrx_word' id='word_1_499' title='bbox 1979 560 2058 591; x_wconf 86' lang='lat' dir='ltr'>Occi-</span> 
     </span>
     <span class='ocr_line' id='line_1_76' title="bbox 1177 604 2058 648; baseline 0.001 -9"><span class='ocrx_word' id='word_1_500' title='bbox 1177 606 1345 640; x_wconf 76' lang='lat' dir='ltr'>dentalibus</span> <span class='ocrx_word' id='word_1_501' title='bbox 1357 630 1364 636; x_wconf 88' lang='lat'>.</span> <span class='ocrx_word' id='word_1_502' title='bbox 1393 605 1498 638; x_wconf 68' lang='lat' dir='ltr'>Verum</span> <span class='ocrx_word' id='word_1_503' title='bbox 1507 606 1589 648; x_wconf 64' lang='lat' dir='ltr'>longe*</span> <span class='ocrx_word' id='word_1_504' title='bbox 1602 604 1730 642; x_wconf 84' lang='lat' dir='ltr'>aberant</span> <span class='ocrx_word' id='word_1_505' title='bbox 1745 605 1783 639; x_wconf 90' lang='lat' dir='ltr'>ab</span> <span class='ocrx_word' id='word_1_506' title='bbox 1796 610 1927 647; x_wconf 83' lang='lat' dir='ltr'>opinione</span> <span class='ocrx_word' id='word_1_507' title='bbox 1940 617 2058 648; x_wconf 83' lang='lat' dir='ltr'>eorum,</span> 
     </span>
     <span class='ocr_line' id='line_1_77' title="bbox 1176 653 2057 698; baseline 0.001 -10"><span class='ocrx_word' id='word_1_508' title='bbox 1176 661 1228 698; x_wconf 85' lang='lat' dir='ltr'>qui</span> <span class='ocrx_word' id='word_1_509' title='bbox 1240 654 1334 688; x_wconf 74' lang='lat' dir='ltr'>mllra</span> <span class='ocrx_word' id='word_1_510' title='bbox 1346 662 1436 689; x_wconf 82' lang='lat' dir='ltr'>aetaie</span> <span class='ocrx_word' id='word_1_511' title='bbox 1444 654 1617 690; x_wconf 61' lang='lat' dir='ltr'>tradarunt</span> <span class='ocrx_word' id='word_1_512' title='bbox 1628 656 1665 687; x_wconf 83' lang='lat' dir='ltr'>de</span> <span class='ocrx_word' id='word_1_513' title='bbox 1675 653 1872 698; x_wconf 72' lang='lat' dir='ltr'>controversiis</span> <span class='ocrx_word' id='word_1_514' title='bbox 1881 655 1957 697; x_wconf 83' lang='lat' dir='ltr'>fidei</span> <span class='ocrx_word' id='word_1_515' title='bbox 1971 680 1981 696; x_wconf 91' lang='lat'>,</span> <span class='ocrx_word' id='word_1_516' title='bbox 2007 661 2057 698; x_wconf 74' lang='lat' dir='ltr'>quc·</span> 
     </span>
     <span class='ocr_line' id='line_1_78' title="bbox 1174 704 2058 748; baseline 0 -10"><span class='ocrx_word' id='word_1_517' title='bbox 1174 710 1377 747; x_wconf 81' lang='lat' dir='ltr'>pronunciant</span> <span class='ocrx_word' id='word_1_518' title='bbox 1398 705 1612 746; x_wconf 80' lang='lat' dir='ltr'>appellationes</span> <span class='ocrx_word' id='word_1_519' title='bbox 1634 704 1844 748; x_wconf 69' lang='lat' dir='ltr'>Epifioporum</span> <span class='ocrx_word' id='word_1_520' title='bbox 1858 706 2058 741; x_wconf 74' lang='lat' dir='ltr'>orientalium</span> 
     </span>
     <span class='ocr_line' id='line_1_79' title="bbox 1172 754 2059 801; baseline 0.001 -14"><span class='ocrx_word' id='word_1_521' title='bbox 1172 757 1363 796; x_wconf 81' lang='lat' dir='ltr'>judicandas</span> <span class='ocrx_word' id='word_1_522' title='bbox 1384 755 1437 801; x_wconf 75' lang='lat' dir='ltr'>effe</span> <span class='ocrx_word' id='word_1_523' title='bbox 1457 755 1542 796; x_wconf 78' lang='lat' dir='ltr'>apud</span> <span class='ocrx_word' id='word_1_524' title='bbox 1562 754 1663 788; x_wconf 85' lang='lat' dir='ltr'>urbem</span> <span class='ocrx_word' id='word_1_525' title='bbox 1674 757 1798 789; x_wconf 83' lang='lat' dir='ltr'>Romam</span> <span class='ocrx_word' id='word_1_526' title='bbox 1820 758 1840 788; x_wconf 77' lang='grc' dir='ltr'><em>ἃ</em></span> <span class='ocrx_word' id='word_1_527' title='bbox 1853 759 1968 788; x_wconf 76' lang='lat' dir='ltr'>Summo</span> <span class='ocrx_word' id='word_1_528' title='bbox 1982 758 2059 788; x_wconf 85' lang='lat' dir='ltr'>Pon-</span> 
     </span>
     <span class='ocr_line' id='line_1_80' title="bbox 1178 803 2058 846; baseline 0.001 -9"><span class='ocrx_word' id='word_1_529' title='bbox 1178 805 1269 846; x_wconf 81' lang='lat' dir='ltr'>tifice.</span> <span class='ocrx_word' id='word_1_530' title='bbox 1298 809 1448 838; x_wconf 83' lang='lat' dir='ltr'>Nituntur</span> <span class='ocrx_word' id='word_1_531' title='bbox 1459 803 1491 836; x_wconf 87' lang='lat' dir='ltr'>bi</span> <span class='ocrx_word' id='word_1_532' title='bbox 1507 828 1518 844; x_wconf 92' lang='lat'>‚</span> <span class='ocrx_word' id='word_1_533' title='bbox 1544 813 1586 845; x_wconf 36' lang='lat' dir='ltr'>ut·</span> <span class='ocrx_word' id='word_1_534' title='bbox 1600 803 1830 845; x_wconf 71' lang='lat' dir='ltr'>ipfiexistimant</span> <span class='ocrx_word' id='word_1_535' title='bbox 1845 828 1856 844; x_wconf 91' lang='lat'>,</span> <span class='ocrx_word' id='word_1_536' title='bbox 1879 807 2058 845; x_wconf 76' lang='lat' dir='ltr'>praejudicio</span> 
     </span>
     <span class='ocr_line' id='line_1_81' title="bbox 1179 853 2060 900; baseline 0.001 -14"><span class='ocrx_word' id='word_1_537' title='bbox 1179 854 1316 896; x_wconf 67' lang='lat' dir='ltr'>Epistola</span> <span class='ocrx_word' id='word_1_538' title='bbox 1333 856 1420 900; x_wconf 82' lang='lat' dir='ltr'>Julii</span> <span class='ocrx_word' id='word_1_539' title='bbox 1445 857 1543 896; x_wconf 80' lang='lat' dir='ltr'>Papae</span> <span class='ocrx_word' id='word_1_540' title='bbox 1566 877 1577 893; x_wconf 90' lang='lat'>,</span> <span class='ocrx_word' id='word_1_541' title='bbox 1603 865 1671 896; x_wconf 83' lang='lat' dir='ltr'>quae</span> <span class='ocrx_word' id='word_1_542' title='bbox 1694 853 1790 894; x_wconf 83' lang='lat' dir='ltr'>exstat</span> <span class='ocrx_word' id='word_1_543' title='bbox 1820 855 1907 895; x_wconf 51' lang='lat' dir='ltr'>apa-d</span> <span class='ocrx_word' id='word_1_544' title='bbox 1926 854 2060 898; x_wconf 71' lang='lat' dir='ltr'>Athana·</span> 
     </span>
     <span class='ocr_line' id='line_1_82' title="bbox 1197 901 2063 949; baseline -0.001 -12"><span class='ocrx_word' id='word_1_545' title='bbox 1197 918 1268 945; x_wconf 86' lang='lat' dir='ltr'>um,</span> <span class='ocrx_word' id='word_1_546' title='bbox 1294 907 1378 946; x_wconf 79' lang='lat' dir='ltr'>cujus</span> <span class='ocrx_word' id='word_1_547' title='bbox 1398 902 1518 949; x_wconf 64' lang='lat' dir='ltr'>sensum</span> <span class='ocrx_word' id='word_1_548' title='bbox 1534 906 1708 948; x_wconf 82' lang='lat' dir='ltr'>detorquent</span> <span class='ocrx_word' id='word_1_549' title='bbox 1732 905 1778 937; x_wconf 86' lang='lat' dir='ltr'>ad</span> <span class='ocrx_word' id='word_1_550' title='bbox 1803 912 1932 937; x_wconf 85' lang='lat' dir='ltr'>mentem</span> <span class='ocrx_word' id='word_1_551' title='bbox 1948 901 2063 946; x_wconf 81' lang='lat' dir='ltr'>suam,</span> 
     </span>
     <span class='ocr_line' id='line_1_83' title="bbox 1177 953 2062 997; baseline -0.001 -10"><span class='ocrx_word' id='word_1_552' title='bbox 1177 955 1239 991; x_wconf 68' lang='lat' dir='ltr'>ciam</span> <span class='ocrx_word' id='word_1_553' title='bbox 1263 964 1362 988; x_wconf 85' lang='lat' dir='ltr'>tamen</span> <span class='ocrx_word' id='word_1_554' title='bbox 1374 966 1412 988; x_wconf 82' lang='lat' dir='ltr'>ex</span> <span class='ocrx_word' id='word_1_555' title='bbox 1422 967 1458 988; x_wconf 86' lang='lat' dir='ltr'>ea</span> <span class='ocrx_word' id='word_1_556' title='bbox 1467 953 1569 995; x_wconf 82' lang='lat' dir='ltr'>constet</span> <span class='ocrx_word' id='word_1_557' title='bbox 1575 956 1650 995; x_wconf 85' lang='lat' dir='ltr'>jura</span> <span class='ocrx_word' id='word_1_558' title='bbox 1665 956 1751 988; x_wconf 73' lang='lat' dir='ltr'>Sedis</span> <span class='ocrx_word' id='word_1_559' title='bbox 1776 954 1940 997; x_wconf 69' lang='lat' dir='ltr'>apostolica</span> <span class='ocrx_word' id='word_1_560' title='bbox 1951 962 2062 995; x_wconf 84' lang='lat' dir='ltr'>tempe-</span> 
     </span>
     <span class='ocr_line' id='line_1_84' title="bbox 1177 1004 2064 1048; baseline 0 -10"><span class='ocrx_word' id='word_1_561' title='bbox 1177 1014 1313 1038; x_wconf 77' lang='lat' dir='ltr'>ramento</span> <span class='ocrx_word' id='word_1_562' title='bbox 1325 1006 1451 1046; x_wconf 79' lang='lat' dir='ltr'>quodam</span> <span class='ocrx_word' id='word_1_563' title='bbox 1478 1007 1645 1047; x_wconf 78' lang='lat' dir='ltr'>prudenter</span> <span class='ocrx_word' id='word_1_564' title='bbox 1657 1004 1794 1038; x_wconf 81' lang='lat' dir='ltr'>adhibito</span> <span class='ocrx_word' id='word_1_565' title='bbox 1808 1013 1867 1048; x_wconf 84' lang='lat' dir='ltr'>per</span> <span class='ocrx_word' id='word_1_566' title='bbox 1888 1015 1939 1037; x_wconf 88' lang='lat' dir='ltr'>eas</span> <span class='ocrx_word' id='word_1_567' title='bbox 1952 1011 2064 1048; x_wconf 77' lang='lat' dir='ltr'>tempe-</span> 
     </span>
     <span class='ocr_line' id='line_1_85' title="bbox 1173 1052 2064 1095; baseline 0.001 -10"><span class='ocrx_word' id='word_1_568' title='bbox 1173 1052 1264 1093; x_wconf 79' lang='lat' dir='ltr'>states</span> <span class='ocrx_word' id='word_1_569' title='bbox 1287 1056 1428 1095; x_wconf 77' lang='lat' dir='ltr'>explicari</span> <span class='ocrx_word' id='word_1_570' title='bbox 1455 1053 1538 1095; x_wconf 74' lang='lat' dir='ltr'>solita</span> <span class='ocrx_word' id='word_1_571' title='bbox 1551 1079 1558 1087; x_wconf 89' lang='lat'><strong>.</strong></span> <span class='ocrx_word' id='word_1_572' title='bbox 1586 1054 1680 1088; x_wconf 81' lang='lat' dir='ltr'>Nihil</span> <span class='ocrx_word' id='word_1_573' title='bbox 1698 1060 1776 1090; x_wconf 78' lang='lat' dir='ltr'>enlm,</span> <span class='ocrx_word' id='word_1_574' title='bbox 1802 1055 1890 1088; x_wconf 84' lang='lat' dir='ltr'>aliud</span> <span class='ocrx_word' id='word_1_575' title='bbox 1909 1053 1947 1086; x_wconf 85' lang='lat' dir='ltr'>ab</span> <span class='ocrx_word' id='word_1_576' title='bbox 1959 1058 2064 1088; x_wconf 73' lang='lat' dir='ltr'>Orien-</span> 
     </span>
     <span class='ocr_line' id='line_1_86' title="bbox 1178 1102 2063 1147; baseline -0.003 -10"><span class='ocrx_word' id='word_1_577' title='bbox 1178 1102 1289 1137; x_wconf 85' lang='lat' dir='ltr'>talibus</span> <span class='ocrx_word' id='word_1_578' title='bbox 1301 1103 1458 1146; x_wconf 78' lang='lat' dir='ltr'>exigebant</span> <span class='ocrx_word' id='word_1_579' title='bbox 1466 1105 1575 1147; x_wconf 85' lang='lat' dir='ltr'>Julius</span> <span class='ocrx_word' id='word_1_580' title='bbox 1599 1107 1633 1139; x_wconf 63' lang='grc' dir='ltr'>δ’</span> <span class='ocrx_word' id='word_1_581' title='bbox 1646 1109 1783 1141; x_wconf 74' lang='lat' dir='ltr'>Romana</span> <span class='ocrx_word' id='word_1_582' title='bbox 1792 1106 1920 1145; x_wconf 74' lang='lat' dir='ltr'>synodus</span> <span class='ocrx_word' id='word_1_583' title='bbox 1932 1130 1942 1145; x_wconf 93' lang='lat'>‚</span> <span class='ocrx_word' id='word_1_584' title='bbox 1971 1105 2063 1146; x_wconf 67' lang='lat' dir='ltr'>qaam</span> 
     </span>
     <span class='ocr_line' id='line_1_87' title="bbox 1179 1151 2064 1198; baseline -0.001 -11"><span class='ocrx_word' id='word_1_585' title='bbox 1179 1162 1211 1187; x_wconf 83' lang='lat' dir='ltr'>ut</span> <span class='ocrx_word' id='word_1_586' title='bbox 1221 1151 1316 1196; x_wconf 81' lang='lat' dir='ltr'>causae</span> <span class='ocrx_word' id='word_1_587' title='bbox 1334 1151 1526 1194; x_wconf 63' lang='lat' dir='ltr'>Ecclcfiarum</span> <span class='ocrx_word' id='word_1_588' title='bbox 1542 1153 1763 1194; x_wconf 66' lang='lat' dir='ltr'>apostolicarum</span> <span class='ocrx_word' id='word_1_589' title='bbox 1774 1180 1784 1196; x_wconf 94' lang='lat'><strong>,</strong></span> <span class='ocrx_word' id='word_1_590' title='bbox 1810 1161 1842 1191; x_wconf 83' lang='lat' dir='ltr'>in</span> <span class='ocrx_word' id='word_1_591' title='bbox 1858 1160 1969 1198; x_wconf 84' lang='lat' dir='ltr'>primis</span> <span class='ocrx_word' id='word_1_592' title='bbox 1992 1155 2064 1187; x_wconf 73' lang='lat' dir='ltr'>vero</span> 
     </span>
     <span class='ocr_line' id='line_1_88' title="bbox 1180 1202 2066 1245; baseline -0.001 -9"><span class='ocrx_word' id='word_1_593' title='bbox 1180 1204 1393 1237; x_wconf 70' lang='lat' dir='ltr'>Alexandrina</span> <span class='ocrx_word' id='word_1_594' title='bbox 1413 1225 1424 1242; x_wconf 91' lang='lat'>,</span> <span class='ocrx_word' id='word_1_595' title='bbox 1452 1207 1565 1245; x_wconf 75' lang='lat' dir='ltr'>quoi-ies</span> <span class='ocrx_word' id='word_1_596' title='bbox 1591 1203 1627 1235; x_wconf 80' lang='lat' dir='ltr'>de</span> <span class='ocrx_word' id='word_1_597' title='bbox 1650 1203 1818 1243; x_wconf 81' lang='lat' dir='ltr'>depofitione</span> <span class='ocrx_word' id='word_1_598' title='bbox 1856 1202 2066 1244; x_wconf 80' lang='lat' dir='ltr'>Episcoporum</span> 
     </span>
     <span class='ocr_line' id='line_1_89' title="bbox 1179 1253 2067 1295; baseline -0.002 -9"><span class='ocrx_word' id='word_1_599' title='bbox 1179 1253 1296 1294; x_wconf 68' lang='lat' dir='ltr'>illarum</span> <span class='ocrx_word' id='word_1_600' title='bbox 1316 1254 1436 1286; x_wconf 82' lang='lat' dir='ltr'>Sedium</span> <span class='ocrx_word' id='word_1_601' title='bbox 1457 1261 1612 1295; x_wconf 83' lang='lat' dir='ltr'>ageretur,</span> <span class='ocrx_word' id='word_1_602' title='bbox 1636 1263 1700 1285; x_wconf 85' lang='lat' dir='ltr'>cum</span> <span class='ocrx_word' id='word_1_603' title='bbox 1725 1255 1811 1294; x_wconf 76' lang='lat' dir='ltr'>Papa</span> <span class='ocrx_word' id='word_1_604' title='bbox 1832 1254 1866 1289; x_wconf 59' lang='lat' dir='ltr'>et</span> <span class='ocrx_word' id='word_1_605' title='bbox 1880 1254 1987 1291; x_wconf 77' lang='lat' dir='ltr'>synodo</span> <span class='ocrx_word' id='word_1_606' title='bbox 2011 1255 2067 1284; x_wconf 82' lang='lat' dir='ltr'>Ro-</span> 
     </span>
     <span class='ocr_line' id='line_1_90' title="bbox 1180 1304 2068 1345; baseline -0.003 -9"><span class='ocrx_word' id='word_1_607' title='bbox 1180 1315 1270 1336; x_wconf 85' lang='lat' dir='ltr'>mana</span> <span class='ocrx_word' id='word_1_608' title='bbox 1289 1306 1568 1337; x_wconf 76' lang='lat' dir='ltr'>communicaremus·</span> <span class='ocrx_word' id='word_1_609' title='bbox 1581 1326 1592 1341; x_wconf 87' lang='lat'><strong>,</strong></span> <span class='ocrx_word' id='word_1_610' title='bbox 1618 1311 1780 1345; x_wconf 79' lang='lat' dir='ltr'>antequam</span> <span class='ocrx_word' id='word_1_611' title='bbox 1805 1304 1907 1339; x_wconf 63' lang='lat' dir='ltr'>synodi</span> <span class='ocrx_word' id='word_1_612' title='bbox 1928 1307 2068 1335; x_wconf 83' lang='lat' dir='ltr'>Orienta-</span> 
     </span>
    </p>
   </div>
   <div class='ocr_carea' id='block_1_6' title="bbox 1155 214 1195 2705">
    <p class='ocr_par' dir='ltr' id='par_1_7' title="bbox 1155 214 1195 2705">
     <span class='ocr_line' id='line_1_91' title="bbox 1160 214 1177 321; baseline 0 -47"><span class='ocrx_word' id='word_1_613' title='bbox 1160 214 1177 321; x_wconf 95' lang='lat' dir='ltr'>  </span> 
     </span>
     <span class='ocr_line' id='line_1_92' title="bbox 1159 321 1177 384; baseline 0 -51"><span class='ocrx_word' id='word_1_614' title='bbox 1159 321 1177 384; x_wconf 95' lang='lat' dir='ltr'>   </span> 
     </span>
     <span class='ocr_line' id='line_1_93' title="bbox 1159 384 1175 582; baseline 0 -113"><span class='ocrx_word' id='word_1_615' title='bbox 1159 384 1175 582; x_wconf 95' lang='lat' dir='ltr'>   </span> 
     </span>
     <span class='ocr_line' id='line_1_94' title="bbox 1159 582 1174 720; baseline 0 -44"><span class='ocrx_word' id='word_1_616' title='bbox 1159 582 1174 720; x_wconf 95' lang='lat' dir='ltr'>   </span> 
     </span>
     <span class='ocr_line' id='line_1_95' title="bbox 1161 720 1172 824; baseline 0 -54"><span class='ocrx_word' id='word_1_617' title='bbox 1161 720 1172 824; x_wconf 95' lang='lat' dir='ltr'>  </span> 
     </span>
     <span class='ocr_line' id='line_1_96' title="bbox 1161 824 1195 1031; baseline 0 -49"><span class='ocrx_word' id='word_1_618' title='bbox 1161 824 1195 1031; x_wconf 95' lang='lat' dir='ltr'>      </span> 
     </span>
     <span class='ocr_line' id='line_1_97' title="bbox 1161 1031 1173 1116; baseline 0 2640"><span class='ocrx_word' id='word_1_619' title='bbox 1161 1031 1173 1116; x_wconf 95' lang='lat' dir='ltr'> </span> 
     </span>
     <span class='ocr_line' id='line_1_98' title="bbox 1163 1116 1173 1521; baseline 0 -93"><span class='ocrx_word' id='word_1_620' title='bbox 1163 1116 1173 1521; x_wconf 95' lang='lat' dir='ltr'>  </span> 
     </span>
     <span class='ocr_line' id='line_1_99' title="bbox 1155 1521 1171 2705; baseline 0 0"><span class='ocrx_word' id='word_1_621' title='bbox 1155 1521 1171 2705; x_wconf 95' lang='lat' dir='ltr'>   </span> 
     </span>
    </p>
   </div>
   <div class='ocr_carea' id='block_1_7' title="bbox 1154 1351 2090 3387">
    <p class='ocr_par' dir='ltr' id='par_1_8' title="bbox 1157 1351 2070 2240">
     <span class='ocr_line' id='line_1_100' title="bbox 1180 1351 2068 1400; baseline -0.006 -11"><span class='ocrx_word' id='word_1_622' title='bbox 1180 1356 1220 1389; x_wconf 87' lang='lat' dir='ltr'>les</span> <span class='ocrx_word' id='word_1_623' title='bbox 1242 1358 1433 1400; x_wconf 77' lang='lat' dir='ltr'>cognitionem</span> <span class='ocrx_word' id='word_1_624' title='bbox 1453 1353 1489 1386; x_wconf 84' lang='lat' dir='ltr'>de</span> <span class='ocrx_word' id='word_1_625' title='bbox 1501 1356 1535 1384; x_wconf 79' lang='lat' dir='ltr'>iis</span> <span class='ocrx_word' id='word_1_626' title='bbox 1561 1351 1764 1394; x_wconf 78' lang='lat' dir='ltr'>instituerent,</span> <span class='ocrx_word' id='word_1_627' title='bbox 1795 1362 1829 1386; x_wconf 86' lang='lat' dir='ltr'>ut</span> <span class='ocrx_word' id='word_1_628' title='bbox 1839 1357 1983 1385; x_wconf 82' lang='lat' dir='ltr'>communi</span> <span class='ocrx_word' id='word_1_629' title='bbox 2003 1362 2068 1384; x_wconf 89' lang='lat' dir='ltr'>con-</span> 
     </span>
     <span class='ocr_line' id='line_1_101' title="bbox 1177 1400 2067 1447; baseline -0.004 -10"><span class='ocrx_word' id='word_1_630' title='bbox 1177 1402 1263 1447; x_wconf 82' lang='lat' dir='ltr'>sensu</span> <span class='ocrx_word' id='word_1_631' title='bbox 1285 1408 1415 1445; x_wconf 87' lang='lat' dir='ltr'>componi</span> <span class='ocrx_word' id='word_1_632' title='bbox 1437 1401 1549 1445; x_wconf 78' lang='lat' dir='ltr'>possent</span> <span class='ocrx_word' id='word_1_633' title='bbox 1561 1413 1678 1445; x_wconf 78' lang='lat' dir='ltr'>magnae</span> <span class='ocrx_word' id='word_1_634' title='bbox 1691 1401 1840 1443; x_wconf 78' lang='lat' dir='ltr'>Ecclefiae.</span> <span class='ocrx_word' id='word_1_635' title='bbox 1870 1404 1965 1445; x_wconf 72' lang='lat' dir='ltr'>‚Quod</span> <span class='ocrx_word' id='word_1_636' title='bbox 1972 1400 2067 1443; x_wconf 79' lang='lat' dir='ltr'>sipost</span> 
     </span>
     <span class='ocr_line' id='line_1_102' title="bbox 1173 1451 2066 1498; baseline -0.003 -11"><span class='ocrx_word' id='word_1_637' title='bbox 1173 1456 1322 1498; x_wconf 74' lang='lat' dir='ltr'>judicium</span> <span class='ocrx_word' id='word_1_638' title='bbox 1338 1454 1540 1487; x_wconf 80' lang='lat' dir='ltr'>Orientalium</span> <span class='ocrx_word' id='word_1_639' title='bbox 1565 1453 1682 1493; x_wconf 80' lang='lat' dir='ltr'>querela</span> <span class='ocrx_word' id='word_1_640' title='bbox 1707 1451 1871 1493; x_wconf 83' lang='lat' dir='ltr'>manifestae</span> <span class='ocrx_word' id='word_1_641' title='bbox 1882 1452 2066 1493; x_wconf 84' lang='lat' dir='ltr'>oppreffionis</span> 
     </span>
     <span class='ocr_line' id='line_1_103' title="bbox 1180 1502 2069 1544; baseline -0.006 -7"><span class='ocrx_word' id='word_1_642' title='bbox 1180 1504 1344 1544; x_wconf 61' lang='lat' dir='ltr'>deferretur·</span> <span class='ocrx_word' id='word_1_643' title='bbox 1369 1504 1414 1534; x_wconf 74' lang='lat' dir='ltr'>ad</span> <span class='ocrx_word' id='word_1_644' title='bbox 1444 1502 1585 1539; x_wconf 72' lang='lat' dir='ltr'>synodum</span> <span class='ocrx_word' id='word_1_645' title='bbox 1607 1502 1824 1534; x_wconf 82' lang='lat' dir='ltr'>Occidentalem</span> <span class='ocrx_word' id='word_1_646' title='bbox 1848 1527 1858 1541; x_wconf 87' lang='lat'>‚</span> <span class='ocrx_word' id='word_1_647' title='bbox 1888 1511 1951 1534; x_wconf 82' lang='lat' dir='ltr'>tum</span> <span class='ocrx_word' id='word_1_648' title='bbox 1974 1512 2069 1535; x_wconf 82' lang='lat' dir='ltr'>retra-</span> 
     </span>
     <span class='ocr_line' id='line_1_104' title="bbox 1178 1551 2070 1592; baseline 0 -8"><span class='ocrx_word' id='word_1_649' title='bbox 1178 1553 1320 1584; x_wconf 64' lang='lat' dir='ltr'>eandum</span> <span class='ocrx_word' id='word_1_650' title='bbox 1343 1551 1395 1592; x_wconf 81' lang='lat' dir='ltr'>esse</span> <span class='ocrx_word' id='word_1_651' title='bbox 1415 1556 1563 1591; x_wconf 67' lang='lat' dir='ltr'>negotium</span> <span class='ocrx_word' id='word_1_652' title='bbox 1586 1554 1618 1580; x_wconf 85' lang='lat' dir='ltr'>in</span> <span class='ocrx_word' id='word_1_653' title='bbox 1631 1552 1757 1582; x_wconf 82' lang='lat' dir='ltr'>Concilio</span> <span class='ocrx_word' id='word_1_654' title='bbox 1778 1552 2011 1583; x_wconf 78' lang='lat' dir='ltr'>occidentalium</span> <span class='ocrx_word' id='word_1_655' title='bbox 2033 1552 2070 1584; x_wconf 60' lang='grc' dir='ltr'>(θ’</span> 
     </span>
     <span class='ocr_line' id='line_1_105' title="bbox 1177 1598 2069 1643; baseline -0.003 -9"><span class='ocrx_word' id='word_1_656' title='bbox 1177 1601 1374 1634; x_wconf 84' lang='lat' dir='ltr'>Orientalium</span> <span class='ocrx_word' id='word_1_657' title='bbox 1389 1625 1396 1632; x_wconf 91' lang='lat'>.</span> <span class='ocrx_word' id='word_1_658' title='bbox 1425 1600 1509 1632; x_wconf 82' lang='lat' dir='ltr'>Unde</span> <span class='ocrx_word' id='word_1_659' title='bbox 1536 1598 1646 1638; x_wconf 85' lang='lat' dir='ltr'>constat</span> <span class='ocrx_word' id='word_1_660' title='bbox 1665 1605 1697 1631; x_wconf 86' lang='lat' dir='ltr'>in</span> <span class='ocrx_word' id='word_1_661' title='bbox 1722 1611 1757 1632; x_wconf 86' lang='lat' dir='ltr'>ea</span> <span class='ocrx_word' id='word_1_662' title='bbox 1782 1599 1916 1641; x_wconf 84' lang='lat' dir='ltr'>Epistola</span> <span class='ocrx_word' id='word_1_663' title='bbox 1939 1610 1996 1631; x_wconf 88' lang='lat' dir='ltr'>non</span> <span class='ocrx_word' id='word_1_664' title='bbox 2019 1605 2069 1643; x_wconf 78' lang='lat' dir='ltr'>agi</span> 
     </span>
     <span class='ocr_line' id='line_1_106' title="bbox 1178 1647 2070 1693; baseline -0.002 -10"><span class='ocrx_word' id='word_1_665' title='bbox 1178 1651 1217 1685; x_wconf 77' lang='lat' dir='ltr'>de</span> <span class='ocrx_word' id='word_1_666' title='bbox 1226 1652 1446 1693; x_wconf 77' lang='lat' dir='ltr'>appellatione,</span> <span class='ocrx_word' id='word_1_667' title='bbox 1468 1647 1524 1691; x_wconf 85' lang='lat' dir='ltr'>sed</span> <span class='ocrx_word' id='word_1_668' title='bbox 1543 1650 1582 1682; x_wconf 84' lang='lat' dir='ltr'>de</span> <span class='ocrx_word' id='word_1_669' title='bbox 1591 1655 1693 1690; x_wconf 82' lang='lat' dir='ltr'>prima</span> <span class='ocrx_word' id='word_1_670' title='bbox 1714 1650 1834 1682; x_wconf 73' lang='lat' dir='ltr'>tantum</span> <span class='ocrx_word' id='word_1_671' title='bbox 1856 1648 1952 1692; x_wconf 80' lang='lat' dir='ltr'>causae</span> <span class='ocrx_word' id='word_1_672' title='bbox 1974 1656 2070 1693; x_wconf 83' lang='lat' dir='ltr'>cogni-</span> 
     </span>
     <span class='ocr_line' id='line_1_107' title="bbox 1178 1697 2069 1740; baseline -0.004 -5"><span class='ocrx_word' id='word_1_673' title='bbox 1178 1706 1275 1740; x_wconf 81' lang='lat' dir='ltr'>tione,</span> <span class='ocrx_word' id='word_1_674' title='bbox 1303 1706 1356 1733; x_wconf 81' lang='lat' dir='ltr'>aut</span> <span class='ocrx_word' id='word_1_675' title='bbox 1370 1697 1526 1740; x_wconf 71' lang='lat' dir='ltr'>emisione,</span> <span class='ocrx_word' id='word_1_676' title='bbox 1553 1709 1645 1740; x_wconf 86' lang='lat' dir='ltr'>neque</span> <span class='ocrx_word' id='word_1_677' title='bbox 1665 1705 1829 1732; x_wconf 80' lang='lat' dir='ltr'>excitatam</span> <span class='ocrx_word' id='word_1_678' title='bbox 1844 1698 2069 1740; x_wconf 78' lang='lat' dir='ltr'>controverfiam</span> 
     </span>
     <span class='ocr_line' id='line_1_108' title="bbox 1176 1746 2069 1793; baseline -0.004 -9"><span class='ocrx_word' id='word_1_679' title='bbox 1176 1751 1214 1784; x_wconf 83' lang='lat' dir='ltr'>de</span> <span class='ocrx_word' id='word_1_680' title='bbox 1242 1749 1377 1784; x_wconf 83' lang='lat' dir='ltr'>omnibus</span> <span class='ocrx_word' id='word_1_681' title='bbox 1387 1746 1564 1793; x_wconf 85' lang='lat' dir='ltr'>Episcopis,</span> <span class='ocrx_word' id='word_1_682' title='bbox 1585 1746 1686 1791; x_wconf 69' lang='lat' dir='ltr'>sedda</span> <span class='ocrx_word' id='word_1_683' title='bbox 1710 1753 1749 1781; x_wconf 81' lang='lat' dir='ltr'>iis</span> <span class='ocrx_word' id='word_1_684' title='bbox 1763 1749 1882 1782; x_wconf 72' lang='lat' dir='ltr'>tantum</span> <span class='ocrx_word' id='word_1_685' title='bbox 1896 1756 1945 1791; x_wconf 84' lang='lat' dir='ltr'>qui</span> <span class='ocrx_word' id='word_1_686' title='bbox 1960 1748 2069 1790; x_wconf 80' lang='lat' dir='ltr'>Aposto-</span> 
     </span>
     <span class='ocr_line' id='line_1_109' title="bbox 1157 1797 2068 1841; baseline -0.002 -7"><span class='ocrx_word' id='word_1_687' title='bbox 1157 1829 1159 1834; x_wconf 95' lang='lat'>.</span> <span class='ocrx_word' id='word_1_688' title='bbox 1176 1802 1241 1834; x_wconf 78' lang='lat' dir='ltr'>licis</span> <span class='ocrx_word' id='word_1_689' title='bbox 1261 1800 1385 1835; x_wconf 77' lang='lat' dir='ltr'>Sedibus</span> <span class='ocrx_word' id='word_1_690' title='bbox 1414 1797 1607 1841; x_wconf 76' lang='lat' dir='ltr'>praefiderent</span> <span class='ocrx_word' id='word_1_691' title='bbox 1619 1823 1630 1839; x_wconf 95' lang='lat'>‚</span> <span class='ocrx_word' id='word_1_692' title='bbox 1654 1804 1687 1831; x_wconf 80' lang='lat' dir='ltr'>in</span> <span class='ocrx_word' id='word_1_693' title='bbox 1709 1804 1817 1840; x_wconf 75' lang='lat' dir='ltr'>primis</span> <span class='ocrx_word' id='word_1_694' title='bbox 1846 1808 1946 1832; x_wconf 84' lang='lat' dir='ltr'>aurem</span> <span class='ocrx_word' id='word_1_695' title='bbox 1956 1800 1992 1831; x_wconf 84' lang='lat' dir='ltr'>de</span> <span class='ocrx_word' id='word_1_696' title='bbox 2006 1800 2068 1832; x_wconf 73' lang='lat' dir='ltr'>Ale-</span> 
     </span>
     <span class='ocr_line' id='line_1_110' title="bbox 1177 1848 2067 1890; baseline -0.003 -6"><span class='ocrx_word' id='word_1_697' title='bbox 1177 1852 1329 1884; x_wconf 74' lang='lat' dir='ltr'>xandrino</span> <span class='ocrx_word' id='word_1_698' title='bbox 1344 1874 1355 1890; x_wconf 91' lang='lat'>‚</span> <span class='ocrx_word' id='word_1_699' title='bbox 1380 1860 1415 1882; x_wconf 83' lang='lat' dir='ltr'>ac</span> <span class='ocrx_word' id='word_1_700' title='bbox 1442 1860 1542 1883; x_wconf 83' lang='lat' dir='ltr'>tamen</span> <span class='ocrx_word' id='word_1_701' title='bbox 1561 1850 1712 1890; x_wconf 84' lang='lat' dir='ltr'>judicium</span> <span class='ocrx_word' id='word_1_702' title='bbox 1734 1850 1823 1882; x_wconf 79' lang='lat' dir='ltr'>reddi</span> <span class='ocrx_word' id='word_1_703' title='bbox 1847 1860 1905 1881; x_wconf 88' lang='lat' dir='ltr'>non</span> <span class='ocrx_word' id='word_1_704' title='bbox 1926 1848 2029 1882; x_wconf 82' lang='lat' dir='ltr'>debere</span> <span class='ocrx_word' id='word_1_705' title='bbox 2047 1851 2067 1881; x_wconf 71' lang='grc' dir='ltr'><em>ἃ</em></span> 
     </span>
     <span class='ocr_line' id='line_1_111' title="bbox 1173 1897 2068 1944; baseline -0.003 -11"><span class='ocrx_word' id='word_1_706' title='bbox 1173 1899 1234 1944; x_wconf 73' lang='lat' dir='ltr'>solo</span> <span class='ocrx_word' id='word_1_707' title='bbox 1247 1898 1393 1942; x_wconf 79' lang='lat' dir='ltr'>Episcopo</span> <span class='ocrx_word' id='word_1_708' title='bbox 1404 1902 1538 1933; x_wconf 76' lang='lat' dir='ltr'>Romano</span> <span class='ocrx_word' id='word_1_709' title='bbox 1561 1909 1625 1931; x_wconf 86' lang='lat' dir='ltr'>cum</span> <span class='ocrx_word' id='word_1_710' title='bbox 1637 1897 1793 1941; x_wconf 79' lang='lat' dir='ltr'>Episcopis</span> <span class='ocrx_word' id='word_1_711' title='bbox 1807 1899 2043 1932; x_wconf 82' lang='lat' dir='ltr'>occidentalibus</span> <span class='ocrx_word' id='word_1_712' title='bbox 2056 1923 2068 1939; x_wconf 92' lang='lat'>‚</span> 
     </span>
     <span class='ocr_line' id='line_1_112' title="bbox 1169 1947 2069 1993; baseline -0.001 -10"><span class='ocrx_word' id='word_1_713' title='bbox 1169 1947 1228 1993; x_wconf 69' lang='lat' dir='ltr'>sed</span> <span class='ocrx_word' id='word_1_714' title='bbox 1242 1949 1280 1981; x_wconf 87' lang='lat' dir='ltr'>ab</span> <span class='ocrx_word' id='word_1_715' title='bbox 1291 1947 1450 1991; x_wconf 75' lang='lat' dir='ltr'>Episcopis</span> <span class='ocrx_word' id='word_1_716' title='bbox 1463 1950 1632 1982; x_wconf 79' lang='lat' dir='ltr'>occidentis</span> <span class='ocrx_word' id='word_1_717' title='bbox 1657 1950 1690 1982; x_wconf 62' lang='grc' dir='ltr'>Θ</span> <span class='ocrx_word' id='word_1_718' title='bbox 1701 1954 1834 1982; x_wconf 79' lang='lat' dir='ltr'>Orientis</span> <span class='ocrx_word' id='word_1_719' title='bbox 1847 1955 1879 1982; x_wconf 86' lang='lat' dir='ltr'>in</span> <span class='ocrx_word' id='word_1_720' title='bbox 1893 1961 1984 1982; x_wconf 83' lang='lat' dir='ltr'>unam</span> <span class='ocrx_word' id='word_1_721' title='bbox 2000 1947 2069 1991; x_wconf 86' lang='lat' dir='ltr'>sen-</span> 
     </span>
     <span class='ocr_line' id='line_1_113' title="bbox 1176 1996 2066 2042; baseline -0.001 -11"><span class='ocrx_word' id='word_1_722' title='bbox 1176 2005 1303 2033; x_wconf 79' lang='lat' dir='ltr'>ientiam</span> <span class='ocrx_word' id='word_1_723' title='bbox 1312 1996 1549 2042; x_wconf 80' lang='lat' dir='ltr'>conspirantibus</span> <span class='ocrx_word' id='word_1_724' title='bbox 1558 2022 1565 2028; x_wconf 93' lang='lat'><strong><em>.</em></strong></span> <span class='ocrx_word' id='word_1_725' title='bbox 1592 1997 1652 2037; x_wconf 84' lang='lat' dir='ltr'>Ista</span> <span class='ocrx_word' id='word_1_726' title='bbox 1664 2005 1742 2031; x_wconf 87' lang='lat' dir='ltr'>enim</span> <span class='ocrx_word' id='word_1_727' title='bbox 1752 1999 1926 2042; x_wconf 66' lang='lat' dir='ltr'>colliguntur</span> <span class='ocrx_word' id='word_1_728' title='bbox 1939 2011 1976 2032; x_wconf 83' lang='lat' dir='ltr'>ex</span> <span class='ocrx_word' id='word_1_729' title='bbox 1990 2002 2066 2040; x_wconf 83' lang='lat' dir='ltr'>Epi-</span> 
     </span>
     <span class='ocr_line' id='line_1_114' title="bbox 1169 2047 2069 2092; baseline 0.002 -13"><span class='ocrx_word' id='word_1_730' title='bbox 1169 2047 1337 2092; x_wconf 86' lang='lat' dir='ltr'>stolaJulii</span> <span class='ocrx_word' id='word_1_731' title='bbox 1351 2071 1362 2087; x_wconf 88' lang='lat'><strong>,</strong></span> <span class='ocrx_word' id='word_1_732' title='bbox 1388 2058 1449 2088; x_wconf 85' lang='lat' dir='ltr'>qua</span> <span class='ocrx_word' id='word_1_733' title='bbox 1472 2047 1640 2082; x_wconf 80' lang='lat' dir='ltr'>orientales</span> <span class='ocrx_word' id='word_1_734' title='bbox 1663 2047 1801 2090; x_wconf 85' lang='lat' dir='ltr'>objurgat</span> <span class='ocrx_word' id='word_1_735' title='bbox 1824 2054 1855 2080; x_wconf 83' lang='lat' dir='ltr'>in</span> <span class='ocrx_word' id='word_1_736' title='bbox 1879 2047 1965 2091; x_wconf 78' lang='lat' dir='ltr'>causa</span> <span class='ocrx_word' id='word_1_737' title='bbox 1978 2048 2069 2081; x_wconf 82' lang='lat' dir='ltr'>Atha-</span> 
     </span>
     <span class='ocr_line' id='line_1_115' title="bbox 1174 2094 2069 2140; baseline 0.004 -13"><span class='ocrx_word' id='word_1_738' title='bbox 1174 2094 1246 2137; x_wconf 82' lang='lat' dir='ltr'>nafii</span> <span class='ocrx_word' id='word_1_739' title='bbox 1290 2096 1487 2128; x_wconf 77' lang='lat' dir='ltr'>Alexandrini</span> <span class='ocrx_word' id='word_1_740' title='bbox 1514 2117 1524 2132; x_wconf 88' lang='lat'>,</span> <span class='ocrx_word' id='word_1_741' title='bbox 1556 2098 1591 2127; x_wconf 69' lang='grc'>6·</span> <span class='ocrx_word' id='word_1_742' title='bbox 1618 2099 1751 2129; x_wconf 84' lang='lat' dir='ltr'>Marcelli</span> <span class='ocrx_word' id='word_1_743' title='bbox 1779 2101 1922 2135; x_wconf 70' lang='lat' dir='ltr'>Ancyram</span> <span class='ocrx_word' id='word_1_744' title='bbox 1947 2123 1958 2139; x_wconf 87' lang='lat'>,</span> <span class='ocrx_word' id='word_1_745' title='bbox 1995 2110 2069 2140; x_wconf 86' lang='lat' dir='ltr'>quos</span> 
     </span>
     <span class='ocr_line' id='line_1_116' title="bbox 1175 2144 2070 2187; baseline 0.006 -10"><span class='ocrx_word' id='word_1_746' title='bbox 1175 2149 1307 2180; x_wconf 72' lang='lat' dir='ltr'>Orientis</span> <span class='ocrx_word' id='word_1_747' title='bbox 1333 2145 1468 2177; x_wconf 71' lang='lat' dir='ltr'>eoncilia</span> <span class='ocrx_word' id='word_1_748' title='bbox 1491 2144 1721 2177; x_wconf 80' lang='lat' dir='ltr'>damnaverant</span> <span class='ocrx_word' id='word_1_749' title='bbox 1750 2144 1913 2187; x_wconf 85' lang='lat' dir='ltr'>inconsulto</span> <span class='ocrx_word' id='word_1_750' title='bbox 1934 2151 2070 2182; x_wconf 85' lang='lat' dir='ltr'>Romano</span> 
     </span>
     <span class='ocr_line' id='line_1_117' title="bbox 1174 2193 1339 2240; baseline 0 -11"><span class='ocrx_word' id='word_1_751' title='bbox 1174 2193 1318 2240; x_wconf 83' lang='lat' dir='ltr'>Episcopo</span> <span class='ocrx_word' id='word_1_752' title='bbox 1331 2220 1339 2229; x_wconf 86' lang='lat'><em>.</em></span> 
     </span>
    </p>

    <p class='ocr_par' dir='ltr' id='par_1_9' title="bbox 1154 2242 2090 3294">
     <span class='ocr_line' id='line_1_118' title="bbox 1227 2242 2069 2288; baseline 0.004 -10"><span class='ocrx_word' id='word_1_753' title='bbox 1227 2245 1360 2279; x_wconf 79' lang='lat' dir='ltr'>Errores</span> <span class='ocrx_word' id='word_1_754' title='bbox 1370 2243 1465 2277; x_wconf 87' lang='lat' dir='ltr'>varii.</span> <span class='ocrx_word' id='word_1_755' title='bbox 1491 2242 1620 2277; x_wconf 89' lang='lat' dir='ltr'>Primus</span> <span class='ocrx_word' id='word_1_756' title='bbox 1637 2242 1704 2284; x_wconf 78' lang='lat' dir='ltr'>est,</span> <span class='ocrx_word' id='word_1_757' title='bbox 1731 2243 1822 2288; x_wconf 75' lang='lat' dir='ltr'>quod</span> <span class='ocrx_word' id='word_1_758' title='bbox 1834 2244 1891 2279; x_wconf 86' lang='lat' dir='ltr'>soli</span> <span class='ocrx_word' id='word_1_759' title='bbox 1903 2246 2069 2281; x_wconf 72' lang='lat' dir='ltr'>Occiden-</span> 
     </span>
     <span class='ocr_line' id='line_1_119' title="bbox 1175 2293 2066 2331; baseline 0.002 -2"><span class='ocrx_word' id='word_1_760' title='bbox 1175 2295 1259 2330; x_wconf 82' lang='lat' dir='ltr'>tales</span> <span class='ocrx_word' id='word_1_761' title='bbox 1277 2294 1399 2328; x_wconf 90' lang='lat' dir='ltr'>fuerint</span> <span class='ocrx_word' id='word_1_762' title='bbox 1420 2294 1454 2328; x_wconf 88' lang='lat' dir='ltr'>in</span> <span class='ocrx_word' id='word_1_763' title='bbox 1467 2293 1525 2327; x_wconf 87' lang='lat' dir='ltr'>ista</span> <span class='ocrx_word' id='word_1_764' title='bbox 1538 2293 1713 2327; x_wconf 83' lang='lat' dir='ltr'>sententia.</span> <span class='ocrx_word' id='word_1_765' title='bbox 1743 2295 1877 2329; x_wconf 88' lang='lat' dir='ltr'>Etenim</span> <span class='ocrx_word' id='word_1_766' title='bbox 1898 2296 1957 2330; x_wconf 90' lang='lat' dir='ltr'>iste</span> <span class='ocrx_word' id='word_1_767' title='bbox 1968 2296 2066 2331; x_wconf 89' lang='lat' dir='ltr'>schis-</span> 
     </span>
     <span class='ocr_line' id='line_1_120' title="bbox 1175 2342 2064 2389; baseline 0.002 -10"><span class='ocrx_word' id='word_1_768' title='bbox 1175 2345 1315 2381; x_wconf 90' lang='lat' dir='ltr'>maticus</span> <span class='ocrx_word' id='word_1_769' title='bbox 1327 2367 1337 2383; x_wconf 95' lang='lat'>,</span> <span class='ocrx_word' id='word_1_770' title='bbox 1364 2354 1461 2388; x_wconf 84' lang='lat' dir='ltr'>quem</span> <span class='ocrx_word' id='word_1_771' title='bbox 1482 2343 1547 2377; x_wconf 87' lang='lat' dir='ltr'>toti</span> <span class='ocrx_word' id='word_1_772' title='bbox 1558 2342 1721 2378; x_wconf 86' lang='lat' dir='ltr'>Orientali</span> <span class='ocrx_word' id='word_1_773' title='bbox 1737 2344 1887 2379; x_wconf 81' lang='lat' dir='ltr'>Ecclefiae</span> <span class='ocrx_word' id='word_1_774' title='bbox 1900 2357 2064 2389; x_wconf 83' lang='lat' dir='ltr'>perperam</span> 
     </span>
     <span class='ocr_line' id='line_1_121' title="bbox 1174 2392 2063 2437; baseline 0 -8"><span class='ocrx_word' id='word_1_775' title='bbox 1174 2394 1325 2430; x_wconf 90' lang='lat' dir='ltr'>adscribit</span> <span class='ocrx_word' id='word_1_776' title='bbox 1337 2394 1383 2428; x_wconf 93' lang='lat' dir='ltr'>D.</span> <span class='ocrx_word' id='word_1_777' title='bbox 1392 2392 1686 2437; x_wconf 81' lang='lat' dir='ltr'>Archiepiscopus‚</span> <span class='ocrx_word' id='word_1_778' title='bbox 1713 2405 1800 2428; x_wconf 87' lang='lat' dir='ltr'>error</span> <span class='ocrx_word' id='word_1_779' title='bbox 1812 2396 1874 2429; x_wconf 88' lang='lat' dir='ltr'>fuit</span> <span class='ocrx_word' id='word_1_780' title='bbox 1889 2395 1986 2430; x_wconf 89' lang='lat' dir='ltr'>solius</span> <span class='ocrx_word' id='word_1_781' title='bbox 1999 2397 2063 2430; x_wconf 76' lang='lat' dir='ltr'>Eu-</span> 
     </span>
     <span class='ocr_line' id='line_1_122' title="bbox 1170 2442 2064 2487; baseline 0.001 -7"><span class='ocrx_word' id='word_1_782' title='bbox 1170 2446 1312 2480; x_wconf 50' lang='lat' dir='ltr'>zsebianae</span> <span class='ocrx_word' id='word_1_783' title='bbox 1339 2444 1491 2479; x_wconf 67' lang='lat' dir='ltr'>fastionis</span> <span class='ocrx_word' id='word_1_784' title='bbox 1515 2467 1523 2476; x_wconf 90' lang='lat'><strong>.</strong></span> <span class='ocrx_word' id='word_1_785' title='bbox 1548 2442 1624 2478; x_wconf 89' lang='lat' dir='ltr'>Nec</span> <span class='ocrx_word' id='word_1_786' title='bbox 1652 2443 1738 2479; x_wconf 89' lang='lat' dir='ltr'>solus</span> <span class='ocrx_word' id='word_1_787' title='bbox 1766 2444 1963 2480; x_wconf 82' lang='lat' dir='ltr'>Athanasius</span> <span class='ocrx_word' id='word_1_788' title='bbox 1991 2471 2002 2487; x_wconf 91' lang='lat'>‚</span> <span class='ocrx_word' id='word_1_789' title='bbox 2028 2447 2064 2481; x_wconf 69' lang='grc' dir='ltr'>ὃς</span> 
     </span>
     <span class='ocr_line' id='line_1_123' title="bbox 1175 2493 2062 2539; baseline 0 -8"><span class='ocrx_word' id='word_1_790' title='bbox 1175 2494 1396 2531; x_wconf 71' lang='grc' dir='ltr'><strong>οαηᾶίαὶίἰίιι</strong></span> <span class='ocrx_word' id='word_1_791' title='bbox 1409 2494 1489 2537; x_wconf 90' lang='lat' dir='ltr'>Julii</span> <span class='ocrx_word' id='word_1_792' title='bbox 1501 2493 1647 2536; x_wconf 84' lang='lat' dir='ltr'>Epistola</span> <span class='ocrx_word' id='word_1_793' title='bbox 1668 2496 1839 2530; x_wconf 86' lang='lat' dir='ltr'>memorati</span> <span class='ocrx_word' id='word_1_794' title='bbox 1854 2495 2007 2539; x_wconf 82' lang='lat' dir='ltr'>Episcopi</span> <span class='ocrx_word' id='word_1_795' title='bbox 2027 2498 2062 2531; x_wconf 77' lang='grc' dir='ltr'>δε</span> 
     </span>
     <span class='ocr_line' id='line_1_124' title="bbox 1176 2543 2063 2590; baseline 0 -10"><span class='ocrx_word' id='word_1_796' title='bbox 1176 2545 1319 2586; x_wconf 89' lang='lat' dir='ltr'>Clerici,</span> <span class='ocrx_word' id='word_1_797' title='bbox 1345 2544 1398 2578; x_wconf 88' lang='lat' dir='ltr'>sed</span> <span class='ocrx_word' id='word_1_798' title='bbox 1411 2544 1512 2578; x_wconf 89' lang='lat' dir='ltr'>etiam</span> <span class='ocrx_word' id='word_1_799' title='bbox 1534 2543 1701 2579; x_wconf 84' lang='lat' dir='ltr'>Eustatius</span> <span class='ocrx_word' id='word_1_800' title='bbox 1718 2544 1911 2581; x_wconf 82' lang='lat' dir='ltr'>Sebastensis</span> <span class='ocrx_word' id='word_1_801' title='bbox 1929 2547 2063 2590; x_wconf 82' lang='lat' dir='ltr'>Episco-</span> 
     </span>
     <span class='ocr_line' id='line_1_125' title="bbox 1175 2593 2061 2640; baseline 0.002 -11"><span class='ocrx_word' id='word_1_802' title='bbox 1175 2606 1232 2640; x_wconf 86' lang='lat' dir='ltr'>pus</span> <span class='ocrx_word' id='word_1_803' title='bbox 1268 2619 1279 2635; x_wconf 93' lang='lat'>‚</span> <span class='ocrx_word' id='word_1_804' title='bbox 1303 2595 1414 2638; x_wconf 82' lang='lat' dir='ltr'>primae</span> <span class='ocrx_word' id='word_1_805' title='bbox 1435 2593 1601 2628; x_wconf 73' lang='lat' dir='ltr'>Armeniae</span> <span class='ocrx_word' id='word_1_806' title='bbox 1623 2595 1862 2639; x_wconf 86' lang='lat' dir='ltr'>Metropolita,</span> <span class='ocrx_word' id='word_1_807' title='bbox 1889 2606 1927 2629; x_wconf 88' lang='lat' dir='ltr'>ac</span> <span class='ocrx_word' id='word_1_808' title='bbox 1949 2596 2061 2631; x_wconf 82' lang='lat' dir='ltr'>omnis</span> 
     </span>
     <span class='ocr_line' id='line_1_126' title="bbox 1175 2645 2058 2690; baseline -0.002 -10"><span class='ocrx_word' id='word_1_809' title='bbox 1175 2646 1241 2689; x_wconf 87' lang='lat' dir='ltr'>ejus</span> <span class='ocrx_word' id='word_1_810' title='bbox 1263 2646 1362 2679; x_wconf 66' lang='lat' dir='ltr'>factio</span> <span class='ocrx_word' id='word_1_811' title='bbox 1383 2645 1550 2678; x_wconf 89' lang='lat' dir='ltr'>senserunt</span> <span class='ocrx_word' id='word_1_812' title='bbox 1572 2655 1649 2678; x_wconf 91' lang='lat' dir='ltr'>cum</span> <span class='ocrx_word' id='word_1_813' title='bbox 1671 2646 1759 2690; x_wconf 82' lang='lat' dir='ltr'>Julio</span> <span class='ocrx_word' id='word_1_814' title='bbox 1787 2646 1821 2679; x_wconf 78' lang='grc' dir='ltr'>δε</span> <span class='ocrx_word' id='word_1_815' title='bbox 1844 2645 2029 2680; x_wconf 87' lang='lat' dir='ltr'>Occidente</span> <span class='ocrx_word' id='word_1_816' title='bbox 2050 2671 2058 2678; x_wconf 94' lang='lat'>.</span> 
     </span>
     <span class='ocr_line' id='line_1_127' title="bbox 1176 2693 2090 2738; baseline 0.002 -9"><span class='ocrx_word' id='word_1_817' title='bbox 1176 2697 1264 2729; x_wconf 89' lang='lat' dir='ltr'>Nam</span> <span class='ocrx_word' id='word_1_818' title='bbox 1282 2693 1361 2729; x_wconf 88' lang='lat' dir='ltr'>&amp;hi</span> <span class='ocrx_word' id='word_1_819' title='bbox 1375 2694 1393 2728; x_wconf 72' lang='grc' dir='ltr'>ὲ</span> <span class='ocrx_word' id='word_1_820' title='bbox 1405 2694 1469 2729; x_wconf 86' lang='lat' dir='ltr'>suis</span> <span class='ocrx_word' id='word_1_821' title='bbox 1480 2694 1623 2738; x_wconf 87' lang='lat' dir='ltr'>Synodis</span> <span class='ocrx_word' id='word_1_822' title='bbox 1635 2693 1781 2729; x_wconf 87' lang='lat' dir='ltr'>damnati</span> <span class='ocrx_word' id='word_1_823' title='bbox 1796 2695 2001 2738; x_wconf 88' lang='lat' dir='ltr'>appellarunt</span> <span class='ocrx_word' id='word_1_824' title='bbox 2012 2695 2056 2731; x_wconf 80' lang='lat' dir='ltr'>ad</span> <span class='ocrx_word' id='word_1_825' title='bbox 2087 2733 2090 2736; x_wconf 70' lang='grc'><strong>,</strong></span> 
     </span>
     <span class='ocr_line' id='line_1_128' title="bbox 1173 2743 2060 2790; baseline -0.001 -10"><span class='ocrx_word' id='word_1_826' title='bbox 1173 2745 1339 2780; x_wconf 89' lang='lat' dir='ltr'>Liberium</span> <span class='ocrx_word' id='word_1_827' title='bbox 1352 2743 1551 2779; x_wconf 85' lang='lat' dir='ltr'>Pontificem</span> <span class='ocrx_word' id='word_1_828' title='bbox 1563 2768 1574 2784; x_wconf 88' lang='lat'><strong>,</strong></span> <span class='ocrx_word' id='word_1_829' title='bbox 1602 2744 1734 2790; x_wconf 81' lang='lat' dir='ltr'>fuerunt</span> <span class='ocrx_word' id='word_1_830' title='bbox 1748 2755 1803 2789; x_wconf 87' lang='lat' dir='ltr'>per</span> <span class='ocrx_word' id='word_1_831' title='bbox 1816 2746 1922 2788; x_wconf 86' lang='lat' dir='ltr'>ipsum</span> <span class='ocrx_word' id='word_1_832' title='bbox 1936 2756 2060 2789; x_wconf 81' lang='lat' dir='ltr'>repara-</span> 
     </span>
     <span class='ocr_line' id='line_1_129' title="bbox 1168 2794 2057 2839; baseline 0 -10"><span class='ocrx_word' id='word_1_833' title='bbox 1168 2796 1216 2834; x_wconf 92' lang='lat' dir='ltr'>ti,</span> <span class='ocrx_word' id='word_1_834' title='bbox 1239 2806 1315 2829; x_wconf 90' lang='lat' dir='ltr'>cum</span> <span class='ocrx_word' id='word_1_835' title='bbox 1330 2794 1424 2839; x_wconf 90' lang='lat' dir='ltr'>ipsius</span> <span class='ocrx_word' id='word_1_836' title='bbox 1438 2794 1554 2830; x_wconf 89' lang='lat' dir='ltr'>litteris</span> <span class='ocrx_word' id='word_1_837' title='bbox 1570 2794 1735 2828; x_wconf 71' lang='lat' dir='ltr'>redierunt</span> <span class='ocrx_word' id='word_1_838' title='bbox 1756 2795 1797 2829; x_wconf 89' lang='lat' dir='ltr'>ad</span> <span class='ocrx_word' id='word_1_839' title='bbox 1811 2794 2057 2838; x_wconf 86' lang='lat' dir='ltr'>Thyanensem</span> 
     </span>
     <span class='ocr_line' id='line_1_130' title="bbox 1168 2844 2057 2889; baseline 0.001 -10"><span class='ocrx_word' id='word_1_840' title='bbox 1168 2846 1202 2879; x_wconf 90' lang='lat' dir='ltr'>in</span> <span class='ocrx_word' id='word_1_841' title='bbox 1227 2844 1436 2889; x_wconf 86' lang='lat' dir='ltr'>Cappadocia</span> <span class='ocrx_word' id='word_1_842' title='bbox 1460 2844 1633 2887; x_wconf 87' lang='lat' dir='ltr'>Synodum</span> <span class='ocrx_word' id='word_1_843' title='bbox 1659 2857 1697 2879; x_wconf 87' lang='lat' dir='ltr'>ac</span> <span class='ocrx_word' id='word_1_844' title='bbox 1720 2845 1789 2878; x_wconf 88' lang='lat' dir='ltr'>suas</span> <span class='ocrx_word' id='word_1_845' title='bbox 1819 2845 1997 2884; x_wconf 88' lang='lat' dir='ltr'>Ecclesias,</span> <span class='ocrx_word' id='word_1_846' title='bbox 2023 2845 2057 2880; x_wconf 88' lang='lat'>&amp;</span> 
     </span>
     <span class='ocr_line' id='line_1_131' title="bbox 1167 2894 2058 2938; baseline -0.001 -8"><span class='ocrx_word' id='word_1_847' title='bbox 1167 2897 1296 2930; x_wconf 87' lang='lat' dir='ltr'>fuerunt</span> <span class='ocrx_word' id='word_1_848' title='bbox 1310 2895 1446 2938; x_wconf 85' lang='lat' dir='ltr'>recepti.</span> <span class='ocrx_word' id='word_1_849' title='bbox 1476 2894 1519 2927; x_wconf 87' lang='lat' dir='ltr'>Et</span> <span class='ocrx_word' id='word_1_850' title='bbox 1532 2895 1631 2938; x_wconf 89' lang='lat' dir='ltr'>gratis</span> <span class='ocrx_word' id='word_1_851' title='bbox 1643 2894 1760 2930; x_wconf 87' lang='lat' dir='ltr'>demus</span> <span class='ocrx_word' id='word_1_852' title='bbox 1779 2894 1880 2928; x_wconf 89' lang='lat' dir='ltr'>alium</span> <span class='ocrx_word' id='word_1_853' title='bbox 1906 2906 1985 2929; x_wconf 90' lang='lat' dir='ltr'>tunc</span> <span class='ocrx_word' id='word_1_854' title='bbox 2007 2904 2058 2929; x_wconf 77' lang='lat' dir='ltr'>to·</span> 
     </span>
     <span class='ocr_line' id='line_1_132' title="bbox 1167 2944 2056 2985; baseline -0.002 -6"><span class='ocrx_word' id='word_1_855' title='bbox 1167 2947 1232 2980; x_wconf 78' lang='lat' dir='ltr'>tius</span> <span class='ocrx_word' id='word_1_856' title='bbox 1243 2945 1423 2980; x_wconf 88' lang='lat' dir='ltr'>Orientalis</span> <span class='ocrx_word' id='word_1_857' title='bbox 1440 2969 1452 2985; x_wconf 87' lang='lat'><em>‚</em></span> <span class='ocrx_word' id='word_1_858' title='bbox 1478 2944 1580 2978; x_wconf 88' lang='lat' dir='ltr'>alium</span> <span class='ocrx_word' id='word_1_859' title='bbox 1593 2944 1688 2979; x_wconf 75' lang='lat' dir='ltr'>fuisse</span> <span class='ocrx_word' id='word_1_860' title='bbox 1703 2946 1828 2980; x_wconf 89' lang='lat' dir='ltr'>sensum</span> <span class='ocrx_word' id='word_1_861' title='bbox 1842 2945 1945 2978; x_wconf 83' lang='lat' dir='ltr'>totius</span> <span class='ocrx_word' id='word_1_862' title='bbox 1960 2944 2056 2978; x_wconf 90' lang='lat' dir='ltr'>Occi-</span> 
     </span>
     <span class='ocr_line' id='line_1_133' title="bbox 1167 2993 2055 3030; baseline -0.002 -1"><span class='ocrx_word' id='word_1_863' title='bbox 1167 2995 1306 3030; x_wconf 87' lang='lat' dir='ltr'>dentalis</span> <span class='ocrx_word' id='word_1_864' title='bbox 1319 2994 1468 3030; x_wconf 82' lang='lat' dir='ltr'>Ecclefiae</span> <span class='ocrx_word' id='word_1_865' title='bbox 1483 3019 1489 3026; x_wconf 94' lang='lat'>.</span> <span class='ocrx_word' id='word_1_866' title='bbox 1517 2993 1615 3029; x_wconf 78' lang='lat' dir='ltr'>Certe</span> <span class='ocrx_word' id='word_1_867' title='bbox 1625 3006 1700 3029; x_wconf 89' lang='lat' dir='ltr'>curn</span> <span class='ocrx_word' id='word_1_868' title='bbox 1714 2994 1774 3028; x_wconf 91' lang='lat' dir='ltr'>hac</span> <span class='ocrx_word' id='word_1_869' title='bbox 1789 3005 1849 3029; x_wconf 90' lang='lat' dir='ltr'>nos</span> <span class='ocrx_word' id='word_1_870' title='bbox 1860 3004 1976 3028; x_wconf 86' lang='lat' dir='ltr'>omnes</span> <span class='ocrx_word' id='word_1_871' title='bbox 1988 2994 2055 3028; x_wconf 89' lang='lat' dir='ltr'>Oc-</span> 
     </span>
     <span class='ocr_line' id='line_1_134' title="bbox 1166 3043 2052 3090; baseline -0.003 -10"><span class='ocrx_word' id='word_1_872' title='bbox 1166 3045 1342 3080; x_wconf 90' lang='lat' dir='ltr'>cidentales</span> <span class='ocrx_word' id='word_1_873' title='bbox 1353 3054 1483 3090; x_wconf 87' lang='lat' dir='ltr'>oportet</span> <span class='ocrx_word' id='word_1_874' title='bbox 1494 3044 1631 3078; x_wconf 85' lang='lat' dir='ltr'>sentire:</span> <span class='ocrx_word' id='word_1_875' title='bbox 1658 3045 1784 3079; x_wconf 84' lang='lat' dir='ltr'>Sentire</span> <span class='ocrx_word' id='word_1_876' title='bbox 1797 3043 1951 3081; x_wconf 84' lang='lat' dir='ltr'>debemus</span> <span class='ocrx_word' id='word_1_877' title='bbox 1974 3054 2052 3077; x_wconf 89' lang='lat' dir='ltr'>cum</span> 
     </span>
     <span class='ocr_line' id='line_1_135' title="bbox 1168 3093 2053 3138; baseline -0.005 -7"><span class='ocrx_word' id='word_1_878' title='bbox 1168 3107 1267 3131; x_wconf 88' lang='lat' dir='ltr'>matre</span> <span class='ocrx_word' id='word_1_879' title='bbox 1290 3095 1486 3134; x_wconf 88' lang='lat' dir='ltr'>Catholica,</span> <span class='ocrx_word' id='word_1_880' title='bbox 1517 3093 1551 3128; x_wconf 90' lang='lat' dir='ltr'>in</span> <span class='ocrx_word' id='word_1_881' title='bbox 1566 3105 1629 3138; x_wconf 79' lang='lat' dir='ltr'>qua</span> <span class='ocrx_word' id='word_1_882' title='bbox 1656 3094 1723 3128; x_wconf 89' lang='lat' dir='ltr'>nati</span> <span class='ocrx_word' id='word_1_883' title='bbox 1739 3095 1869 3134; x_wconf 82' lang='lat' dir='ltr'>sumus,</span> <span class='ocrx_word' id='word_1_884' title='bbox 1895 3105 1993 3138; x_wconf 86' lang='lat' dir='ltr'>atque</span> <span class='ocrx_word' id='word_1_885' title='bbox 2007 3103 2053 3127; x_wconf 85' lang='lat' dir='ltr'>re-</span> 
     </span>
     <span class='ocr_line' id='line_1_136' title="bbox 1168 3142 2049 3190; baseline -0.003 -11"><span class='ocrx_word' id='word_1_886' title='bbox 1168 3147 1234 3179; x_wconf 87' lang='lat' dir='ltr'>nati</span> <span class='ocrx_word' id='word_1_887' title='bbox 1257 3171 1266 3178; x_wconf 86' lang='lat'><strong>.</strong></span> <span class='ocrx_word' id='word_1_888' title='bbox 1298 3145 1346 3178; x_wconf 88' lang='lat' dir='ltr'>Ita</span> <span class='ocrx_word' id='word_1_889' title='bbox 1372 3144 1624 3189; x_wconf 78' lang='lat' dir='ltr'>pelagianorum</span> <span class='ocrx_word' id='word_1_890' title='bbox 1653 3143 1789 3179; x_wconf 89' lang='lat' dir='ltr'>Goliath</span> <span class='ocrx_word' id='word_1_891' title='bbox 1817 3144 1947 3190; x_wconf 81' lang='lat' dir='ltr'>Juliano</span> <span class='ocrx_word' id='word_1_892' title='bbox 1970 3167 1981 3182; x_wconf 92' lang='lat'>‚</span> <span class='ocrx_word' id='word_1_893' title='bbox 2008 3142 2049 3176; x_wconf 88' lang='lat' dir='ltr'>ad</span> 
     </span>
     <span class='ocr_line' id='line_1_137' title="bbox 1154 3192 2051 3260; baseline 0 -33"><span class='ocrx_word' id='word_1_894' title='bbox 1154 3195 1368 3260; x_wconf 54' lang='lat' dir='ltr'>lOrientaletn</span> <span class='ocrx_word' id='word_1_895' title='bbox 1383 3194 1554 3229; x_wconf 84' lang='lat' dir='ltr'>Ecclesiam</span> <span class='ocrx_word' id='word_1_896' title='bbox 1568 3195 1760 3238; x_wconf 84' lang='lat' dir='ltr'>provocanti</span> <span class='ocrx_word' id='word_1_897' title='bbox 1774 3206 1830 3239; x_wconf 84' lang='lat' dir='ltr'>pro</span> <span class='ocrx_word' id='word_1_898' title='bbox 1850 3194 1912 3230; x_wconf 82' lang='lat' dir='ltr'>suis</span> <span class='ocrx_word' id='word_1_899' title='bbox 1936 3192 2051 3227; x_wconf 86' lang='lat' dir='ltr'>errori-</span> 
     </span>
     <span class='ocr_line' id='line_1_138' title="bbox 1154 3244 1949 3294; baseline -0.003 -15"><span class='ocrx_word' id='word_1_900' title='bbox 1154 3246 1224 3294; x_wconf 62' lang='lat' dir='ltr'>3bus</span> <span class='ocrx_word' id='word_1_901' title='bbox 1239 3269 1248 3284; x_wconf 86' lang='lat'>,</span> <span class='ocrx_word' id='word_1_902' title='bbox 1276 3244 1357 3278; x_wconf 90' lang='lat' dir='ltr'>olim</span> <span class='ocrx_word' id='word_1_903' title='bbox 1380 3245 1543 3288; x_wconf 83' lang='lat' dir='ltr'>respondit</span> <span class='ocrx_word' id='word_1_904' title='bbox 1564 3245 1699 3278; x_wconf 61' lang='lat' dir='ltr'>Sanctus</span> <span class='ocrx_word' id='word_1_905' title='bbox 1714 3244 1918 3287; x_wconf 81' lang='lat' dir='ltr'>Augustinus</span> <span class='ocrx_word' id='word_1_906' title='bbox 1941 3267 1949 3277; x_wconf 74' lang='grc'><strong>.</strong></span> 
     </span>
    </p>

    <p class='ocr_par' dir='ltr' id='par_1_10' title="bbox 1171 3293 2048 3387">
     <span class='ocr_line' id='line_1_139' title="bbox 1220 3293 2047 3337; baseline -0.004 -9"><span class='ocrx_word' id='word_1_907' title='bbox 1220 3295 1384 3330; x_wconf 87' lang='lat' dir='ltr'>Secundus</span> <span class='ocrx_word' id='word_1_908' title='bbox 1403 3306 1490 3328; x_wconf 89' lang='lat' dir='ltr'>error</span> <span class='ocrx_word' id='word_1_909' title='bbox 1505 3294 1572 3335; x_wconf 85' lang='lat' dir='ltr'>est,</span> <span class='ocrx_word' id='word_1_910' title='bbox 1598 3294 1687 3337; x_wconf 79' lang='lat' dir='ltr'>quod</span> <span class='ocrx_word' id='word_1_911' title='bbox 1713 3293 1790 3336; x_wconf 80' lang='lat' dir='ltr'>Julii</span> <span class='ocrx_word' id='word_1_912' title='bbox 1803 3293 1951 3337; x_wconf 85' lang='lat' dir='ltr'>Epistola</span> <span class='ocrx_word' id='word_1_913' title='bbox 1979 3302 2047 3325; x_wconf 87' lang='lat' dir='ltr'>non</span> 
     </span>
     <span class='ocr_line' id='line_1_140' title="bbox 1171 3341 2048 3387; baseline -0.002 -6"><span class='ocrx_word' id='word_1_914' title='bbox 1171 3346 1287 3381; x_wconf 80' lang='lat' dir='ltr'>statuat</span> <span class='ocrx_word' id='word_1_915' title='bbox 1302 3344 1343 3380; x_wconf 88' lang='lat' dir='ltr'>de</span> <span class='ocrx_word' id='word_1_916' title='bbox 1353 3345 1478 3381; x_wconf 67' lang='lat' dir='ltr'>eunetis</span> <span class='ocrx_word' id='word_1_917' title='bbox 1494 3344 1720 3382; x_wconf 83' lang='lat' dir='ltr'>Orientalibus</span> <span class='ocrx_word' id='word_1_918' title='bbox 1738 3369 1750 3387; x_wconf 88' lang='lat'><em>,</em></span> <span class='ocrx_word' id='word_1_919' title='bbox 1778 3343 1830 3379; x_wconf 87' lang='lat' dir='ltr'>sed</span> <span class='ocrx_word' id='word_1_920' title='bbox 1855 3343 1897 3379; x_wconf 81' lang='lat' dir='ltr'>de</span> <span class='ocrx_word' id='word_1_921' title='bbox 1910 3342 1987 3379; x_wconf 84' lang='lat' dir='ltr'>solis</span> <span class='ocrx_word' id='word_1_922' title='bbox 2011 3341 2048 3376; x_wconf 85' lang='lat' dir='ltr'>il·</span> 
     </span>
    </p>
   </div>
   <div class='ocr_carea' id='block_1_8' title="bbox 1955 3392 1999 3437">
    <p class='ocr_par' dir='ltr' id='par_1_11' title="bbox 1955 3392 1999 3437">
     <span class='ocr_line' id='line_1_141' title="bbox 1955 3392 1999 3437; baseline -0.023 -12"><span class='ocrx_word' id='word_1_923' title='bbox 1955 3392 1999 3437; x_wconf 66' lang='lat' dir='ltr'>lic</span> 
     </span>
    </p>
   </div>
   <div class='ocr_carea' id='block_1_9' title="bbox 1153 3302 1161 3473">
    <p class='ocr_par' dir='ltr' id='par_1_12' title="bbox 1153 3302 1161 3473">
     <span class='ocr_line' id='line_1_142' title="bbox 1153 3302 1161 3473; baseline 0 283"><span class='ocrx_word' id='word_1_924' title='bbox 1153 3302 1161 3473; x_wconf 95' lang='lat' dir='ltr'> </span> 
     </span>
    </p>
   </div>
  </div>
 </body>
</html>
