2366 3756
398 154 422 198 «5
431 151 464 190 6-

321 223 565 262 Ecclesiaetunc
576 219 711 254 discreta
722 216 898 259 haberent,
923 219 957 252 &
983 219 1041 252 suo
1056 227 1139 253 nutu
1163 219 1216 254 ad»

319 262 544 312 ministrarent
569 269 657 306 bona
679 295 690 311 ‚
718 270 812 313 poffit
834 267 943 301 lucide
971 265 1183 304 demonstrari
1204 291 1213 304 2

321 321 447 356 Verum
459 318 826 361 Graecorumdisciplina
849 329 920 352 non
942 319 1061 362 spectat
1088 318 1130 354 ad
1145 331 1214 364 prat-

320 371 442 407 !entem
455 370 627 406 (lenonem
638 393 646 400 .

370 421 558 455 Saracenica
579 418 756 462 captivitas
769 429 905 454 omnem
917 417 950 452 in
964 420 1126 464 Hispania
1141 421 1212 455 dor.

839 520 942 568 Qod
968 520 1072 563 ipsum
1099 470 1209 557 (ἰξὶῆῗι

318 471 402 505 mire
425 470 509 504 fecit
522 466 707 508 Ordinem,
733 479 870 508 omnem
895 469 1061 515 Regulam
1087 483 1094 502 :

318 520 426 563 sertim
448 518 557 563 quoad
578 519 771 562 temporalia
794 546 801 553 .

317 568 577 604 &occidentale
600 568 778 612 Imperium
802 571 885 612 passa
907 570 981 604 sunt
995 572 1067 617 post
1089 572 1210 607 exstin-

315 620 402 654 {tum
422 629 528 664 genus
550 618 665 654 Caroli
684 617 820 664 Magni.
851 619 1006 654 Romana
1029 632 1109 655 tunc
1131 633 1208 664 qua·

311 669 502 713 driparritio
524 667 621 704 variis
644 668 679 702 in
693 668 774 703 locis
784 668 847 704 fuit
857 670 943 704 varie
954 671 1043 705 laesa.
1072 671 1207 707 Etenim

313 718 356 753 de
378 719 443 752 suis
466 717 719 754 Cathedralibus
733 719 870 754 Clericis
882 720 974 767 plura
985 722 1131 766 queritur
1142 723 1207 758 Ra-

313 768 437 804 therius
459 768 661 805 Veronensis
676 770 860 814 Episcopus
881 794 888 804 .
927 769 1042 805 Primo
1065 795 1078 813 ,
1115 772 1204 816 quod

312 819 404 854 suam
429 828 580 869 quartam
605 820 664 863 ipfi
690 819 957 855 administrarent
976 843 987 859 ,
1023 822 1203 868 separarent

311 868 355 903 ab
373 867 447 904 aliis
469 869 637 914 partibus,
663 881 702 904 ac
722 869 806 904 inter
816 871 849 904 se
871 869 1123 906 distribuerent.
1149 873 1203 907 Se·

315 916 427 955 eunde>
439 943 450 960 ,
475 918 564 963 quod
575 930 647 954 eam
659 917 846 954 dividerent
863 920 947 955 inter
967 921 1056 956 solos
1067 921 1202 966 Presby-

309 978 396 1004 teros
405 980 443 1004 ac
454 969 644 1005 Diaconos.
672 969 794 1005 Tertio
807 994 818 1011 ,
844 969 934 1015 quod
945 981 1017 1007 eam
1030 983 1098 1021 non
1109 972 1199 1015 juxta

311 1019 449 1061 merita,
476 1018 529 1054 sed
540 1019 632 1064 juxta
644 1021 750 1067 capita
774 1020 983 1063 dividerent,
1001 1023 1197 1067 &quidem

309 1075 366 1112 per
376 1064 469 1105 villas
484 1071 519 1105 δε
542 1067 678 1105 massas.
709 1069 862 1118 Qarto,
887 1070 977 1116 quod
997 1072 1199 1117 Episcopum

307 1118 352 1153 ab
372 1120 466 1154 omni
487 1120 556 1164 ejus
581 1121 820 1165 dispensatione
839 1131 1005 1157 arcerent·
1032 1122 1164 1171 Qintd
1188 1149 1197 1165 ,

313 1167 403 1212 quod
422 1169 559 1205 inferior
574 1171 691 1206 Clesus
702 1172 749 1206 eis
760 1173 924 1207 faveret&
946 1171 1122 1208 adhaereret
1145 1173 1198 1208 ad-

309 1219 416 1266 versus
429 1220 624 1265 Episcopum
638 1234 645 1254 :
674 1221 808 1265 Utique
829 1235 869 1257 ex
892 1225 944 1266 spe
956 1225 990 1257 in
1003 1222 1061 1258 has
1074 1224 1198 1259 violen-

308 1270 371 1303 tias
384 1271 442 1305 suo
454 1279 600 1315 tempore
611 1272 805 1308 succedendi
815 1268 828 1305 .’
855 1272 967 1318 Urget
979 1273 1090 1308 haeein
1105 1275 1197 1318 opus-

306 1321 385 1353 culo
403 1321 453 1355 de
464 1330 654 1367 contemptu
664 1322 843 1356 Canonum
857 1347 868 1364 ‚
894 1324 979 1357 acin
991 1324 1148 1371 opusculo
1158 1325 1198 1358 de

297 1367 408 1402 ‘causis
437 1369 604 1403 discordiae
626 1371 711 1404 inter
731 1371 762 1403 se
779 1368 815 1404 δε
838 1371 973 1405 Clerurri
1002 1396 1009 1404 .
1026 1369 1030 1373 ’
1047 1373 1131 1406 Haec
1155 1370 1196 1406 ab

300 1417 377 1462 ipsis
399 1418 470 1452 fieri
491 1418 628 1457 affirmat
652 1430 696 1454 ex
713 1421 1053 1456 uxorum6cfiliorum
1065 1432 1195 1463 amore,

303 1478 404 1511 atque
427 1468 505 1502 hinc
527 1469 729 1502 occasionem
747 1470 879 1511 sumpsit
901 1471 935 1502 in
948 1472 1091 1514 ipsorum
1104 1472 1194 1505 sacri-

303 1518 379 1562 lega
389 1516 544 1561 conjugia
569 1516 937 1560 potenterdeclamandi
953 1543 960 1550 .
990 1519 1034 1552 Et
1059 1518 1192 1561 quidem

300 1564 456 1600 mimium
483 1572 624 1611 quatuor
642 1567 850 1610 ⁴portionum
877 1568 1191 1604 administrationem

303 1617 339 1652 ἀ
360 1616 637 1660 dispensationem
655 1617 792 1660 spectare
810 1617 851 1651 ad
874 1616 1073 1662 Episcopum
1097 1643 1109 1660 ,
1146 1631 1193 1654 re·

301 1666 354 1702 sse
372 1666 573 1701 demonstrat
598 1678 640 1701 ex
665 1666 807 1710 Eugenii
819 1667 937 1711 primi,
964 1668 1088 1703 Leonis
1101 1679 1192 1713 quar-

302 1718 354 1755 ti,
379 1727 417 1749 ac
438 1712 578 1750 alibrum
599 1715 803 1750 Pontificum
825 1717 997 1751 Decretis.-
1024 1718 1068 1752 Et
1081 1718 1190 1753 lucide

298 1765 339 1803 id
361 1765 466 1810 ipsum
487 1765 585 1800 docet
607 1766 642 1799 in
668 1765 798 1801 laudata
818 1766 859 1800 ad
881 1767 1045 1810 Justinurn
1072 1766 1190 1802 Archi-

302 1816 481 1850 diaconum
502 1817 538 1851 δε
557 1815 711 1850 Faustum
731 1815 945 1851 Defensorem
957 1816 1103 1861 Epistola
1114 1819 1190 1853 San·

291 1868 371 1902 ¹ssus
393 1865 540 1900 Gelasius
560 1891 567 1899 .
596 1861 691 1900 Sexta
718 1865 868 1901 Ratherii
889 1868 1096 1911 querimonia
1120 1869 1189 1909 est,

303 1914 393 1960 quod
416 1915 435 1950 ὁ
457 1914 582 1950 fabricae
601 1925 714 1959 quarta
734 1915 985 1960 denarialiquid
998 1918 1190 1962 pauperibus

304 1965 427 2000 Clerici
453 1966 595 2001 nollent.
628 1965 800 2011 Insigniter
822 1966 967 2001 ostendit
987 1979 1088 2002 unam
1098 1980 1189 2013 quar-

302 2025 372 2050 tam
400 2017 487 2059 poffe
509 2028 546 2051 ac
569 2016 686 2051 debere
711 2016 808 2058 juvari
833 2017 867 2051 ὃς
892 2014 998 2059 fulciri
1025 2018 1065 2052 ab
1092 2018 1154 2054 alia
1179 2034 1189 2053 ,ν

303 2065 526 2101 Deficientem
548 2066 566 2101 a
585 2067 874 2110 superabundanti.
903 2067 946 2102 Et
968 2067 1046 2102 hinc
1062 2069 1188 2111 ipsein-

302 2114 476 2150 ferioribus
496 2127 551 2166 per
571 2117 710 2160 majores
731 2115 772 2150 ab
794 2117 888 2150 omni
910 2118 974 2166 sure
995 2127 1112 2160 quartae
1123 2129 1189 2161 par-

305 2165 502 2209 ticipatione
519 2164 813 2198 exclufisclericis
835 2165 877 2198 de
894 2166 950 2199 sua
972 2165 1127 2201 succurrit
1148 2167 1189 2200 E·

303 2213 479 2259 piscopali.
506 2212 600 2249 Hinc
622 2213 702 2248 item
713 2213 832 2252 aliam,
859 2215 894 2248 in
906 2215 1056 2250 Gratiani
1070 2217 1187 2251 Decre-

304 2274 342 2300 to
363 2263 565 2303 exstantem,
591 2262 716 2297 laudati
745 2263 863 2296 Gelasii
884 2261 929 2311 ad·
944 2264 1076 2298 eosdem
1100 2265 1191 2307 Justi·

303 2323 386 2348 num
408 2312 443 2347 &
461 2312 615 2347 Faustum
638 2310 820 2355 Epistolam
831 2335 843 2353 ,
870 2323 942 2356 quae
951 2312 1076 2348 fabricae
1088 2315 1189 2358 super-

304 2364 371 2404 flua
392 2360 526 2398 mandat
538 2361 627 2397 tradi
637 2360 807 2401 enthecis,
837 2361 871 2395 ὃ(
886 2363 944 2397 suo
955 2372 1103 2409 tempore
1123 2376 1190 2400 ma-

303 2425 404 2464 gnam
425 2424 467 2448 ex
494 2411 568 2457 ipsis
593 2411 736 2449 construi
764 2412 942 2456 fabricam,
967 2422 1024 2450 aut
1045 2415 1188 2459 aliquam

133 2467 177 2488 ¹²·
190 2455 250 2494 Q·
263 2465 290 2487 ²⁴·
304 2464 531 2509 poffeffionem
553 2459 639 2505 emi,
668 2463 915 2508 intelligendam
943 2475 1024 2510 puto
1034 2477 1110 2500 cum
1124 2464 1188 2501 hoc

130 2505 216 2534 ‘¹²³'
305 2515 548 2551 moderamine:
570 2515 604 2549 si
614 2523 769 2561 pauperes
779 2526 848 2549 non
860 2515 1031 2562 indigeant
1044 2541 1052 2549 .
1168 2523 1170 2525 ’

316 2584 321 2589 ·
355 2564 514 2601 Notanda
528 2564 574 2600 est
595 2566 769 2600 memorati
793 2565 944 2606 Ratherii
964 2566 1004 2600 ad
1028 2566 1188 2612 Pagenses

306 2619 381 2652 suos
402 2616 551 2651 Clericos
572 2614 781 2650 adhortatio.-
807 2616 885 2648 Cum
907 2615 1076 2650 authoritas
1100 2622 1187 2651 conti-

307 2676 376 2701 neat
387 2665 584 2708 Ecclefiastica
595 2689 605 2706 ,
631 2674 665 2699 ut
678 2666 715 2698 de
725 2665 814 2698 rebus
838 2663 1042 2706 Ecclefiqsticis
1062 2676 1187 2710 quatuor

305 2717 643 2760 fieridebeantpartes,
671 2711 801 2757 equibus
815 2726 877 2748 una
904 2713 1063 2758 Episcopi,
1089 2719 1186 2751 altera

303 2766 428 2808 fabricae
441 2765 575 2806 Ecclefiae
586 2790 597 2805 ,
623 2769 714 2799 tertia
728 2766 904 2798 clericorum
914 2789 924 2805 ,
948 2774 1061 2808 quarta
1083 2767 1187 2801 debeat

307 2816 357 2859 effe
361 2823 530 2858 pauperum
545 2815 579 2847 <⁴1
589 2812 733 2856 hospitum
745 2839 754 2854 ,
774 2812 805 2854 fi
814 2815 940 2863 vestrane
947 2816 1075 2857 pleniter
1095 2816 1184 2851 habe·
1199 2842 1201 2845 -

307 2870 350 2898 tis
361 2889 372 2905 ,
397 2865 434 2899 de
445 2864 506 2898 illis
519 2874 584 2906 quae
594 2865 638 2897 ad
646 2862 823 2906 Episcopum
835 2888 845 2904 ‚
866 2864 1018 2905 fabricam
1029 2890 1040 2906 ,
1052 2868 1103 2899 vel
1110 2875 1187 2909 pau·
1200 2870 1201 2873 ’

304 2922 393 2959 peres
401 2919 573 2957 pertinent,-
592 2914 706 2947 nullam
715 2915 870 2947 *invidiam
881 2913 1020 2949 habeatis
1031 2940 1039 2948 .
1066 2918 1112 2949 De
1122 2915 1193 2960 ipsa‘

307 2967 380 2999 vero
391 2989 402 3005 ,
426 2975 492 3007 quae
504 2965 548 2996 ad
558 2975 612 2996 vos
621 2969 751 3006 pertinet
763 2988 773 3003 ,
796 2963 977 3007 fidem-inter
987 2976 1043 2999 vos
1065 2965 1185 3000 habeto-

307 3023 338 3050 te
351 3038 363 3054 ,
389 3016 422 3049 (θ’
433 3020 622 3048 communiter
635 3024 701 3047 eam
710 3014 840 3047 dividite
851 3038 863 3055 ,
881 3013 990 3058 fivefir
999 3027 1110 3060 magna
1120 3041 1130 3057 ,
1149 3016 1188 3058 fi-

305 3062 391 3105 vefit
401 3065 528 3097 modica.
560 3068 719 3098 Noverieis
727 3069 817 3098 etiam
826 3088 837 3104 ,
859 3066 1052 3108 quodaemelias
1057 3064 1094 3106 sit
1105 3073 1186 3100 omni

308 3112 474 3154 Christiano
485 3109 630 3155 fraudem
648 3119 717 3156 pati
740 3125 831 3156 quam
852 3113 965 3156 inferre
987 3139 995 3147 .
1031 3116 1185 3151 Ostendit

306 3164 394 3198 varia
409 3189 416 3196 .
443 3162 557 3198 Primo
567 3187 579 3204 ,
605 3164 695 3207 quod
705 3164 817 3198 omnia
833 3161 1028 3199 Veronensis
1039 3164 1186 3200 Ecclesiae

303 3213 395 3253 ‘bona
406 3212 529 3248 fuerint
541 3213 641 3247 divisa
662 3214 696 3247 iu
718 3213 799 3248 duas
823 3212 960 3248 massas:
989 3214 1183 3260 pagensium

305 3263 522 3301 Ecclesiarum
531 3288 541 3303 ,
554 3263 589 3297 δε
602 3261 806 3296 Cathedralis
820 3289 827 3296 .
854 3264 978 3299 Omnia
989 3264 1181 3310 Pagensium

304 3312 521 3352 ‘Ecclesiarum
532 3313 619 3348 bona
630 3311 718 3347 fixere
730 3313 765 3346 in
777 3324 879 3347 unum
888 3315 1023 3348 confusa
1033 3339 1040 3346 .
1064 3316 1182 3350 Secun-

306 3361 376 3407 do,
399 3362 492 3405 quod
514 3362 614 3397 eriam
634 3373 676 3397 ex
695 3360 758 3396 hac
777 3363 959 3407 Episcopus
981 3365 1070 3400 suam
1090 3377 1181 3410 quar-

306 3420 376 3452 tam
402 3410 550 3452 habuerit
561 3438 584 3449 .-
598 3410 719 3452 Tertio
729 3435 741 3455 ,
767 3412 857 3459 quod
868 3413 959 3451 Cleri
970 3425 1081 3461 quarta
1102 3426 1181 3451 con-

774 137 1237 185 'Vtc’roats-
1302 152 1690 187 securint

1274 220 1364 254 sueta
1383 221 1481 255 fuerit
1500 220 1606 255 dividi
1629 219 1793 263 aequaliter
1813 223 1848 257 'm
1873 234 1973 270 pagos
2000 249 2011 266 ,
2033 231 2091 259 aut
2114 225 2151 260 iu

1275 269 1539 313 presbyterorum
1561 271 1665 314 capita
1680 295 1690 312 ,
1716 270 1856 315 ideoque
1864 274 2152 320 qua-libetPagen-

1275 321 1311 353 sis
1326 321 1467 355 Ecclesia
1480 322 1575 355 suerit
1586 320 1674 364 aeque
1683 321 1774 355 dives
1795 333 1851 356 aut
1874 334 2010 369 pauper.
2036 325 2151 360 Diver-

1274 368 1472 405 sae'Ecclefiae
1481 369 1663 406 habuerunt
1675 371 1832 406 diversam
1856 375 2127 412 consuetudinem
2139 402 2151 411 .

1274 420 1317 455 Et
1329 419 1395 455 haec
1402 422 1596 456 communio
1605 432 1703 466 atque
1714 422 1830 457 divifio
1842 423 1875 456 in
1886 424 1985 470 longe
2001 425 2150 471 'pluribus

1275 471 1423 505 vacillare
1433 478 1598 516 coeperant
1608 473 1692 507 circa
1706 473 1865 516 praesentis
1873 474 2004 518 Synodi
2014 479 2017 482 ’
2026 486 2151 523 tempo-

1271 531 1320 554 ra:
1348 520 1599 559 Cathedralium
1626 523 1831 557 Clericorum
1856 535 1968 568 quarta
1989 527 2088 562 secari
2113 528 2152 563 in

1270 569 1479 613 Praebendas,
1507 571 1668 616 Pagenses
1687 572 1836 608 Ecclefiae
1861 585 2024 619 coeperant
2059 578 2151 615 suam

1269 620 1478 656 substantiam
1506 622 1684 659 discernere
1704 647 1716 664 ‚
1740 635 1779 658 ac
1806 625 1879 667 ipsae
1903 626 2148 664 administrare.

1269 669 1363 717 Quin
1377 672 1529 706 &multas
1548 673 1790 717 poffidebantur
1808 673 1826 707 ὲ
1849 673 1981 718 Laicis,
2007 680 2150 716 multaea

1267 721 1500 764 Monasteriis,
1526 722 1655 766 reliquae
1668 723 1852 768 spectabant
1870 724 1911 760 ad
1933 726 2040 762 sedem
2051 731 2147 770 ,seu

1267 771 1307 805 ad
1320 772 1440 806 avitam
1453 773 1603 817 Episcopi
1615 775 1819 817 potestatem.
2138 786 2141 789 ·

1317 822 1429 869 Quare
1451 821 1516 856 haec
1529 825 1689 867 praesentis
1709 825 1859 859 Canonis
1870 826 1962 860 verba
1975 851 1985 867 ‚
2013 827 2149 871 Ecolefiae

1267 871 1414 915 adsedem
1433 879 1640 914 pertinentes,
1666 886 1733 916 quae
1750 873 1875 918 solvunt
1898 882 2040 916 tertiam,
2060 877 2149 921 fidite

1267 933 1343 955 more
1361 921 1537 966 persolvant
1559 923 1714 967 Episcopis
1741 927 1776 958 (w
1796 926 1942 966 clericis,
1969 928 2148 971 respiciunt

1266 971 1431 1016 Hispanos
1454 998 1462 1005 .
1499 974 1589 1008 Nam
1611 974 1646 1009 δε
1666 976 1806 1018 ipsorum
1829 977 1983 1020 Episcopi
2005 978 2147 1021 Synodo

1262 1022 1450 1058 adfuerunt.
1478 1024 1507 1057 E
1529 1025 1716 1059 Saracenica
1730 1026 1882 1060 servitute
1904 1037 2002 1070 caput
2025 1027 2148 1074 erigere

1261 1070 1326 1115 jam
1350 1083 1491 1118 coeperat
1504 1074 1663 1119 Hispania
1678 1100 1689 1116 ,
1714 1075 1856 1120 ideoque
1875 1075 1960 1111 &de
1971 1078 2146 1121 reparanda

1261 1122 1431 1167 disciplina
1453 1123 1535 1158 serio
1544 1125 1731 1169 cogitabat.
1758 1126 1855 1161 Sexta
1870 1126 1997 1162 decima
2008 1127 2145 1164 Toleta-

1263 1183 1303 1206 na
1313 1174 1467 1217 Synodus
1480 1198 1491 1215 ‚
1516 1184 1586 1217 quae
1598 1177 1729 1210 cunaos
1743 1176 1922 1221 Episcopos
1932 1186 1989 1212 aut
2015 1179 2056 1213 ad
2083 1179 2145 1214 Pa-

1260 1223 1404 1266 gensiurn
1426 1224 1639 1260 Ecclesiamm
1661 1226 1762 1261 tertiae
1781 1226 2058 1270 renuntiandum,
2085 1239 2144 1264 aut

1261 1273 1301 1307 ad
1322 1273 1463 1318 ipsarum
1476 1275 1629 1310 Basilicas
1642 1276 1830 1321 reparandas
1843 1277 2047 1322 obligaverat
2058 1303 2069 1319 ,
2095 1280 2148 1312 in-

1260 1323 1357 1357 duxit
1379 1324 1852 1364 di'versam'consuetudinem.
1879 1327 2028 1376 Qidam
2052 1330 2146 1364 enim

1260 1372 1414 1414 Episcopi
1452 1376 1681 1408 renuntiarunt
1719 1378 1819 1410 tertiae
1841 1400 1852 1415 ,
1879 1377 2014 1420 quidam
2042 1378 2146 1422 ipsam

1260 1420 1337 1455 cum
1359 1419 1447 1455 dieto
1468 1433 1568 1457 onere
1582 1423 1802 1457 retinuerunt.
1832 1424 1929 1459 Etad
1941 1424 2062 1460 horum
2082 1428 2148 1462 Ee-

1260 1471 1367 1504 clesias
1378 1471 1702 1514 dirigunturlaudata
1725 1473 1821 1506 verba
1847 1472 1950 1507 nostri
1976 1474 2146 1512 canonis.

1258 1517 1416 1552 Notanda
1438 1519 1511 1553 sunt
1534 1519 1649 1554 verba:
1676 1519 2034 1563 Episcopis&clerici1.
2063 1521 2148 1560 Uti.

1257 1578 1320 1610 que
1331 1567 1595 1603 Cathedralibus.
1623 1569 1786 1605 Videntur
1809 1569 1895 1606 hanc
1921 1573 2050 1608 tertiam
2071 1586 2144 1611 non

1256 1617 1317 1651 soli
1329 1617 1492 1662 Episcopo
1501 1618 1676 1654 adscribere
1689 1645 1700 1660 ,
1726 1620 1779 1654 sed
1791 1620 1914 1656 sancire
1926 1623 2028 1666 ipsam
2039 1626 2142 1660 etiam

1256 1667 1356 1702 Clero
1365 1679 1580 1704 communem
1601 1681 1640 1704 ac
1650 1669 1882 1706 dividendam.
1907 1673 2010 1721 Qod
2023 1685 2065 1709 an
2087 1686 2144 1711 an-

1256 1717 1382 1759 tiquum
1396 1719 1434 1753 sit
1448 1742 1459 1759 ,
1484 1719 1520 1753 <Sc
1531 1718 1735 1755 observatum
1745 1731 1822 1756 ante
1834 1723 2056 1759 saracenicam
2078 1726 2143 1759 ser-

1256 1768 1395 1802 vitutem
1411 1793 1424 1809 ,
1459 1768 1580 1814 ignoro
1600 1795 1607 1803 .
1636 1770 1734 1806 Certe
1771 1769 1979 1807 Cathedrales
2002 1773 2143 1808 aliarum

1254 1816 1402 1861 gentium
1427 1818 1576 1860 Clerici,
1603 1821 1749 1864 exeeptis
1773 1820 2072 1866 Archipresbytero
2106 1824 2142 1860 δε

1256 1865 1522 1910 Archidiacono,
1550 1871 1700 1905 consueti
1713 1881 1782 1905 non
1792 1872 1926 1907 suerunt
1951 1872 1994 1907 de
2017 1873 2143 1919 Pagena

1253 1917 1332 1951 sium
1356 1917 1570 1954 Ecclesiar-um
1582 1919 1677 1955 bonis
1696 1921 1902 1966 participare.
1931 1920 2035 1956 Porro
2055 1923 2141 1960 dista

1253 1968 1347 2001 tertia
1357 1967 1471 2002 debuit
1483 1970 1683 2014 esseintegra
1694 1982 1736 2005 ex
1757 1972 1881 2006 cunetis
1902 1971 2054 2016 pagensis
2077 1972 2142 2007 Ec-

1252 2016 1351 2052 clefiae
1357 2018 1566 2061 proventibus
1575 2045 1583 2054 .
1615 2020 1709 2054 Hinc
1718 2022 1808 2055 enirn
1819 2021 1949 2056 additur
1959 2021 2001 2056 de
2026 2021 2138 2058 Eccle-

1252 2066 1301 2101 siis
1322 2068 1451 2105 tertiam
1473 2080 1542 2103 non
1564 2071 1729 2105 consuetis
1753 2071 1875 2105 solvere
1895 2085 1906 2104 .·
1932 2073 2036 2105 Tertia
2059 2079 2137 2115 pars

1254 2120 1445 2154 Decimarum
1456 2143 1467 2160 ‚
1493 2130 1559 2153 cum
1565 2123 1712 2162 primitiis
1725 2121 1759 2155 &
1770 2120 1966 2155 oblationibus
1975 2146 1987 2162 ,
2014 2133 2083 2164 quae
2095 2124 2136 2158 de

1251 2173 1422 2199 coemeeeriis
1453 2170 1487 2200 (at
1511 2170 1662 2209 defunffls
1686 2169 1924 2213 consbquuntur,
1942 2170 2135 2214 Epist-opo&

1253 2216 1378 2249 clericis
1399 2217 1572 2260 affigimur.
1601 2217 1692 2252 Sola-s
1702 2230 1777 2253 cum
1790 2220 1985 2264 quibusdam
1995 2220 2136 2256 oblatio·

1252 2263 1348 2298 nibus
1375 2265 1562 2299 immobiles
1593 2269 1798 2308 possessiones
1818 2269 1956 2306 atertia
1977 2269 2138 2306 solvenda

1252 2312 1392 2354 eximit,
1418 2314 1705 2349 Decimas&cum
1727 2318 1881 2359 primitiis
1905 2317 2066 2352 iaciendas
2091 2320 2134 2354 ad

1230 2357 1481 2398 ‘defflnuorum
1508 2364 1661 2408 suffmgia
1687 2374 1743 2399 aut
1770 2366 1967 2408 sepulturam
1992 2367 2135 2404 oblatio.

1252 2424 1309 2447 nes
1336 2412 1405 2447 vult
1427 2413 1477 2448 isti
1489 2413 1581 2449 oneri
1593 2413 1764 2456 subjectas.
1792 2415 1942 2450 Eandem
1953 2416 2058 2462 legem
2072 2417 2133 2453 sta·

1252 2464 1317 2497 tuit
1336 2463 1549 2506 spectantibus
1569 2463 1611 2498 ad
1635 2464 1839 2500 Mouasteria
1861 2465 2029 2502 Ecclefiis.
2058 2468 2134 2504 Ete-

1252 2514 1321 2548 nim
1338 2514 1540 2552 Monasteria
1562 2514 1598 2548 in
1621 2511 1808 2556 hujusmodi
1830 2515 1982 2550 Ecclefiis
2004 2519 2137 2562 usurpa-y

1253 2562 1309 2599 bat
1319 2564 1453 2599 omnia:
1480 2563 1693 2607 Et'Episcopi
1708 2589 1719 2604 ,
1744 2566 1779 2599 ἀ
1791 2564 1996 2608 Presbyteri,
2010 2568 2133 2611 &pau-

1251 2625 1365 2657 perum
1376 2638 1387 2655 ,
1413 2614 1447 2648 &
1456 2612 1582 2648 fabricae
1594 2623 1717 2655 partem
1731 2638 1738 2645 .
1766 2614 1995 2658 Presbyterum
2005 2616 2133 2651 dumta-

1251 2673 1309 2698 xat
1327 2663 1459 2699 alebant
1485 2664 1527 2698 ad
1552 2665 1645 2698 suum
1669 2663 1860 2705 arbitrium,
1886 2666 2070 2710 frequenter
2094 2667 2132 2702 in

1249 2725 1335 2757 pane
1359 2714 1512 2759 angustiae
1532 2714 1670 2757 &aqua
1691 2714 1778 2748 brevi
1801 2715 1883 2749 ..Ita
1904 2715 2132 2752 demonstrant

1250 2765 1435 2808 frequentes
1444 2763 1710 2808 Presbyter-orum
1730 2765 1771 2799 de
1791 2765 2002 2800 Monasteriis
2028 2767 2133 2809 queri·-¹

1250 2814 1389 2855 moniae,
1417 2814 1741 2849 &multiuadversum
1753 2815 1809 2848 illa
1832 2815 2004 2851 Canones.
2033 2817 2131 2852 Hine

1250 2864 1315 2908 ipsa
1327 2863 1368 2898 ad
1383 2866 1511 2900 tertiam
1525 2864 1682 2908 Episcopi
1704 2875 1826 2908 partem
1848 2867 1987 2909 praesens
2008 2867 2133 2902 Canon

1248 2914 1411 2959 obligavit
1434 2941 1441 2947 .
1477 2914 1602 2949 Verum
1635 2915 1911 2957 quemadmodum
1936 2917 2065 2951 modica
2090 2916 2133 2951 fit

1249 2965 1358 2999 secuta
1378 2964 1566 2999 obedientia
1586 2965 1619 2998 ἀ
1641 2966 1796 3000 executio
1810 2989 1822 3006 ,
1846 2965 1951 3010 plures
1971 2967 2029 3001 suo
2052 2966 2132 3001 loco

1246 3009 1376 3057 Synodi
1387 3013 1571 3049 docebunt.
1593 3015 1639 3048 Et
1649 3015 1734 3049 certe
1745 3017 1868 3050 cunctis
1890 3016 2051 3061 Pagenses
2068 3017 2131 3052 Ec·

1248 3063 1356 3098 clefias
1376 3064 1561 3108 &ipsarum
1573 3075 1746 3107 proventus
1757 3066 1988 3109 ‘perfidentibus
2008 3066 2132 3101 Mona·

1247 3112 1349 3148 steriis
1368 3115 1553 3156 frequenter
1577 3114 1773 3150 inculcanda
1802 3115 1847 3149 est
1871 3115 1999 3160 Regula
2021 3119 2128 3151 :dtu

1246 3162 1348 3205 tranfit
1366 3175 1433 3198 cum
1449 3162 1503 3207 fico
1519 3174 1618 3197 onere.
1647 3164 1736 3199 Cum
1758 3176 1856 3199 onere
1881 3163 2070 3200 non-solum
2090 3164 2128 3199 in

1249 3212 1448 3258 Episcopum
1474 3237 1487 3254 ‚
1522 3214 1577 3248 sed
1607 3215 1775 3258 praesertim
1808 3216 1845 3249 in
1876 3213 2129 3256 Presbyterum,

1248 3274 1400 3308 pauperes
1419 3263 1502 3298 item
1526 3265 1559 3298 &
1584 3263 1758 3299 fabricam.
1784 3263 1925 3298 Ecclesia
1946 3264 1983 3297 in
2007 3263 2130 3298 Mona·

1249 3313 1380 3349 sterium
1400 3313 1557 3347 transiens
1577 3324 1638 3348 nec
1649 3315 1719 3350 iota
1730 3314 1926 3357 necapicem
1941 3313 2058 3349 nativae
2067 3313 2129 3350 suae

1247 3362 1464 3408 obligationis
1476 3363 1630 3407 deponit.
1714 3382 1721 3390 ι
1752 3381 1754 3383 -
1807 3387 1809 3389 -
1842 3379 1843 3382 ¹

1282 3414 1326 3450 Et
1334 3424 1377 3460 ex
1388 3410 1553 3460 hucusque
1563 3414 1657 3450 dietis
1667 3423 1754 3461 patet
1765 3412 1919 3458 quintum
1931 3413 2027 3451 sextae
2041 3412 2127 3452 deei-

2025 3473 2087 3500 mm
