2366 3756
177 592 254 632 Cap.
271 603 296 633 4.

158 1442 224 1474 Lib·
248 1452 273 1478 ς.

161 1488 212 1523 Ep·
234 1494 275 1528 132

431 171 959 220 86N1c01A1

357 274 434 310 gem
462 259 631 305 Apologia
665 261 776 294 fratres
805 257 995 294 waldenses
1027 257 1095 300 ejus
1121 256 1244 302 ubique

358 312 569 356 neglectum,
595 309 665 343 imi>
687 311 961 350 &contemptum
982 307 1122 351 graviter
1135 308 1242 352 deplo-

356 371 448 398 rant,
476 360 534 394 An
555 360 656 405 vere2
675 357 784 396 nescio
797 380 805 390 .
832 357 1010 404 Qidquid
1030 357 1068 393 fit
1081 384 1091 400 ,
1117 370 1242 399 certum
1268 397 1276 402 ἡ

356 411 406 451 est·
418 411 513 449 illum
526 409 673 452 obligare
685 408 866 446 etiamnum
879 433 890 448 ‚
917 409 951 442 ὃς
964 409 1025 443 esse
1039 409 1071 442 in
1086 411 1143 447 usu
1159 435 1166 448 ,.

408 458 569 496 Nicolaus
591 457 750 491 secundus
774 469 843 492 non
866 457 911 496 est
935 459 1057 502 primus
1083 460 1170 493 illius
1189 473 1243 496 au-

352 513 443 551 fior.
465 508 600 549 Etenim
613 507 764 545 adversus
785 507 991 549 Eustatium,
1020 510 1240 550 sebastensem

353 561 464 605 primae
483 558 651 593 Armeniae
663 558 916 601 Metropolitam
927 581 938 597 ‚
965 559 1075 599 statuit
1086 560 1168 601 olim
1182 562 1240 606 sy-

351 610 461 651 nodus
477 608 695 653 Gangrenfis:
724 611 756 642 Si
776 614 844 652 quis
868 608 1009 653 discernit
1033 611 1239 650 Presbyterum

350 664 540 704 ‚conjugatum
561 682 572 698 ,
593 658 681 702 quast
697 670 756 700 non
775 668 909 702 oporteat
933 685 944 701 ,
969 673 999 694 eo
1029 662 1236 710 ministrante,

348 714 413 757 ejus
427 710 566 743 oblationi
587 716 798 751 communicare
811 735 822 751 ‚
849 711 1017 745 Anatbema
1024 711 1081 755 fit.
1109 712 1236 756 Conju-

345 761 416 806 gati
429 761 531 805 igitur
542 759 730 804 Presbyteri
742 761 846 795 Sacris
856 761 952 803 affisti
967 763 1000 800 ἃ,
1012 757 1236 804 communica.-

344 811 372 851 εἰ
394 811 566 851 interdixit
585 811 687 857 ctiam
699 811 885 848 Eustatius.
914 812 1041 854 Veer
1064 813 1122 848 ista
1136 815 1234 849 inter-

343 861 443 902 dietio
463 886 474 906 ‚
499 861 591 904 quod
620 872 676 906 per
701 861 866 905 laudatam
904 863 1079 906 Synodum
1117 865 1233 906 cassata

342 913 444 947 fuerit
464 923 561 956 atque
583 912 735 953 ,damnata
749 938 759 954 ,
785 912 929 953 amultis
950 913 1093 956 judicata
1117 916 1161 949 est
1174 927 1233 950 no-

342 963 409 996 stro
435 962 581 1006 praesenti
600 962 734 1002 Canoni
756 964 940 1007 capitaliter
966 963 1093 1001 obesse.
1122 967 1233 1000 Gode-

339 1014 418 1047 fridi
430 1012 657 1058 Lotharingiae
668 1015 775 1049 Ducis
785 1013 955 1060 Capeliani
968 1040 979 1057 ,
1005 1017 1039 1057 ὃς
1053 1016 1108 1050 alii
1125 1016 1231 1060 plures

341 1064 557 1105 Clericalium
595 1064 829 1110 conjugiorum
856 1066 992 1106 Patroni
1030 1066 1229 1108 blaterarunt

339 1112 430 1149 hunc
451 1115 516 1149 esse
541 1115 837 1159 praevaricatorium
864 1116 1007 1160 antiquae
1029 1118 1227 1161 disciplima,

338 1165 567 1210 Gangrensem
590 1166 680 1201 enim
707 1166 882 1210 synodum
907 1178 976 1201 non
1000 1167 1106 1208 solum
1118 1168 1228 1208 Graeca

334 1217 447 1250 omnis
467 1216 584 1259 recepit
604 1215 640 1255 in
666 1218 759 1257 suum
772 1217 950 1257 Canonum
971 1218 1154 1259 Codicem,
1182 1219 1229 1258 di-

336 1266 423 1299 Cium
436 1266 597 1306 Codicem
610 1267 759 1306 Ecclesiae
770 1268 945 1311 uniVersae‚
972 1267 1024 1306 sed
1044 1268 1144 1308 etiam
1158 1268 1226 1303 Ro-.

335 1325 434 1350 mana
456 1317 616 1353 &cundia
634 1317 755 1356 Latina
775 1316 926 1359 probavit
949 1317 1118 1358 Ecclesia,
1144 1319 1225 1357 dum

333 1364 492 1406 Dionysii
516 1365 884 1407 Exiguicolleffionem
905 1366 1054 1403 admifit2
1083 1368 1127 1401 Et
1145 1365 1225 1400 hinc

332 1412 427 1447 distis
456 1413 645 1455 Capelianis
668 1412 834 1457 respondit
862 1415 997 1450 Sanetus
1021 1414 1135 1450 Petrus
1158 1416 1225 1454 Da-

333 1464 438 1497 miani
451 1476 458 1494 :
487 1465 580 1505 ,Quod
593 1462 720 1503 objicitis
731 1487 742 1502 ,
770 1473 889 1496 cautum
901 1465 952 1505 effe
967 1466 1141 1501 ,canonibus
1152 1488 1163 1503 ‚
1189 1476 1224 1505 ug

333 1519 506 1555 quicumque
530 1512 684 1553 conjugati
708 1513 875 1548 Sacerdotis
901 1513 992 1555 officia
1029 1511 1222 1555 spreverint,

334 1562 459 1595 debeant
491 1565 687 1597 communione
727 1567 854 1607 privari
890 1556 917 1602 ,'
939 1569 971 1599 ut
1011 1556 1090 1609 pace
1125 1562 1223 1603 vestra

334 1615 438 1655 loquar
449 1638 460 1653 ,
470 1613 541 1644 dum
554 1612 724 1647 litterarum
732 1612 917 1654 superficiem
928 1612 1109 1655 negligenter
1121 1622 1219 1652 atten-

334 1666 410 1697 ditis
434 1689 445 1704 ,
476 1661 668 1706 fhbrietatem
698 1661 904 1703 Ecclefiasticae
930 1663 1137 1706 intelligentia·
1164 1676 1222 1702 non

332 1719 438 1747 tenetis
453 1737 460 1744 .
488 1713 541 1745 Ille
562 1711 703 1746 nimirum
724 1712 866 1747 Sacerdos
888 1714 1063 1754 conjugatus
1088 1714 1198 1746 dicitur
1212 1737 1222 1753 ,

332 1776 392 1797 non
414 1767 466 1805 qui
488 1760 578 1794 habet
600 1771 742 1801 uxorem,
765 1759 825 1804 sed
844 1766 894 1804 qui
909 1761 1009 1803 potius
1033 1760 1137 1797 babuit
1151 1772 1223 1801 ame

325 1813 495 1858 fissi-eptam
534 1812 736 1848 Sacerdotalis
766 1807 853 1852 >offan·
891 1814 1093 1856 dignitatem.
1122 1815 1224 1856 ,Quem

324 1863 461 1905 profee‘io
478 1861 509 1903 fi
524 1860 719 1905 spernimus,
745 1860 927 1904 consequitur
950 1868 1039 1896 etiam
1056 1887 1065 1902 ‚
1091 1872 1124 1896 ut
1144 1866 1223 1897 Bea-

326 1908 395 1952 Jtum
425 1916 548 1951 Petrum¹
570 1911 751 1958 Apostolum,
779 1914 860 1955 quod
871 1912 952 1951 die‘lu
975 1911 1062 1953 nefas
1074 1912 1136 1954 est,
1161 1925 1223 1951 con·

332 1973 462 1999 temnere
484 1963 642 2003 debeamus
663 1987 670 1994 .
697 1960 826 1999 Eodem
861 1964 953 1997 sensu
994 1962 1221 2007 Gangrensem

332 2016 509 2050 Canonem
537 2013 677 2057 exponit
711 2012 860 2048 laudatus
899 2012 1056 2056 Gregorii
1092 2014 1219 2057 septimi

332 2065 527 2110 Apologus.
557 2064 602 2097 Et
624 2065 711 2097 favet
733 2064 867 2112 antiqua
892 2089 902 2108 ‚
929 2062 1015 2102 edita
1038 2074 1142 2107 nuper
1166 2076 1223 2107 per

335 2114 613 2158 Christophorum
623 2112 790 2157 Justellum
804 2137 814 2152 ,
840 2114 944 2151 latina
956 2112 1060 2149 editio
1077 2125 1084 2145 :
1112 2116 1145 2145 51
1154 2120 1221 2155 quis

335 2166 452 2199 dubitet
463 2167 483 2196 ἃ
494 2163 667 2201 Presbytero
678 2186 690 2201 ,
717 2167 769 2203 qui
780 2161 876 2202 nupsit
888 2185 899 2201 ,
925 2160 1011 2203 quasi
1021 2173 1080 2193 non
1093 2169 1223 2203 oportere

334 2226 400 2254 eum
420 2211 585 2256 consecrare
604 2234 615 2250 ,
641 2214 765 2246 noluerit
796 2211 974 2244 oblationem
1006 2217 1135 2252 accipere
1153 2234 1163 2251 ,
1183 2212 1222 2255 fit

337 2264 507 2301 Anatbema
520 2288 527 2294 .
555 2262 599 2295 Et
612 2262 714 2295 verfio
726 2261 881 2304 Dionyfii
903 2260 1028 2305 Exigui
1048 2273 1054 2291 :
1082 2264 1221 2304 ,Qua-um.

337 2327 393 2360 que
403 2313 542 2358 discernit
552 2315 573 2351 ἃ
584 2311 761 2352 Presbytero
771 2336 782 2352 ,
808 2316 858 2354 qui
867 2322 988 2345 uxorem
1003 2309 1108 2343 habuit
1120 2335 1130 2350 ‚
1143 2314 1224 2354 quod

336 2378 396 2400 non
416 2372 568 2408 oporteat,
596 2375 627 2398 eo
637 2360 844 2403 ministrante,
868 2363 905 2396 de
925 2360 1069 2398 oblatione
1093 2368 1225 2404 pei-cip&

336 2429 389 2456 re,
417 2415 580 2452 anathema
588 2413 646 2455 fit.
674 2412 802 2450 Verum
827 2411 909 2451 reste
927 2410 984 2451 hie
1007 2411 1130 2454 scripsit
1141 2414 1222 2446 anti-

338 2478 420 2511 quus
432 2468 465 2500 in
477 2465 624 2499 Thuana
640 2462 847 2501 Bibliotheca
858 2462 1020 2507 Interpres
1035 2474 1042 2494 :
1070 2462 1220 2501 Presbyte-

338 2530 401 2551 rum
413 2519 600 2560 conjugatum
614 2521 709 2549 vertit
715 2522 876 2556 perperam
890 2513 1039 2555 Dionyfius
1051 2515 1193 2561 Exiguus
1208 2538 1219 2554 ,

338 2571 402 2612 ,Qui
414 2579 534 2602 uxorem
547 2566 660 2599 habuit.
675 2569 738 2599 Vox
747 2566 857 2607 quippe
869 2568 987 2606 Gutta,
998 2574 1223 2608 (ςεγιμῄωεοπς,

337 2630 396 2657 ,non
417 2623 604 2661 praeteritum
616 2641 627 2657 ,
647 2614 704 2659 sed
716 2618 832 2648 omnino
850 2614 989 2659 praesens
1009 2622 1150 2658 importat
1161 2626 1223 2649 con-

331 2672 452 2713 jugium
463 2693 470 2701 .
498 2672 545 2701 Et
556 2667 624 2700 hinc
644 2668 681 2699 de
694 2665 829 2705 Eustatio
838 2666 990 2707 Sebasteno
998 2666 1105 2709 scribit
1123 2668 1223 2702 socra-

332 2714 381 2753 ¹tes
395 2732 402 2751 :
431 2724 468 2752 In
480 2718 596 2752 aedibus
606 2720 825 2761 conjugatorum
831 2722 1017 2758 precationes
1025 2717 1096 2758 fieri
1107 2723 1221 2755 vetuit,

339 2769 614 2805 &benediciionem
629 2764 901 2804 &communionem
926 2767 1092 2807 Presbyteri
1115 2767 1222 2802 baben-

341 2826 380 2853 τι]
391 2831 512 2854 uxorem
524 2844 534 2859 ‚
560 2829 649 2864 quam
660 2818 721 2860 lege
730 2842 740 2858 ‚
753 2818 817 2850 cum
832 2818 897 2860 esset
910 2820 1021 2850 Laicus
1033 2842 1043 2859 ‚
1072 2816 1198 2860 duxisset
1210 2842 1221 2861 3

340 2878 491 2913 tamquam
508 2867 606 2913 scelus
629 2868 841 2903 declinandum
868 2873 1031 2909 praecepit.
1058 2867 1100 2901 Et
1113 2870 1147 2901 in
1167 2869 1223 2902 suo

341 2920 382 2954 ad
406 2915 516 2954 istum‘
538 2920 715 2954 Canonem
741 2918 992 2954 Commentario
1024 2917 1225 2956 Theodorus

342 2971 519 3007 Balsamon
546 2994 553 3002 .
581 2967 719 3012 Praesens
753 2973 858 3003 Canon
880 2979 926 3004 eos
959 2968 1226 3013 anathematizat,

342 3026 394 3063 qui
413 3033 470 3057 non
491 3018 660 3064 indistincte
671 3024 887 3054 communicant
902 3020 1003 3054 Sacris
1016 3020 1205 3052 sacerdotum
1216 3044 1226 3063 2

345 3075 398 3112 qui
417 3070 528 3104 habent
547 3081 669 3106 uxores.
698 3069 842 3112 Nuptias
865 3067 954 3103 enim
979 3069 1146 3105 damnavit
1160 3071 1224 3104 Eu-

343 3120 478 3160 statius,
502 3119 642 3164 ideoque
662 3119 844 3156 exercentis
866 3129 918 3152 eas
930 3118 1111 3161 Presbyteri
1124 3120 1226 3154 Sacris

343 3169 450 3204 vetuit
470 3170 728 3206 communicari.
757 3168 794 3201 In
818 3168 976 3202 Armenia
1000 3179 1102 3210 tunc,
1130 3170 1227 3205 Gala·

343 3220 402 3260 tia,
412 3218 641 3264 Paphlagonia
653 3244 662 3261 ‚
674 3219 708 3255 &
719 3219 811 3252 omni
825 3216 927 3254 ferme
939 3218 1079 3255 Pontica
1094 3219 1226 3255 Dioece÷

343 3269 366 3303 fi
378 3269 508 3313 vigebat
530 3268 691 3304 hodierna
702 3268 777 3304 initi
791 3279 867 3305 ante
879 3269 1101 3304 Diaconatum
1113 3272 1224 3314 conju·

344 3320 393 3365 gii
414 3320 507 3352 usum
524 3319 714 3361 permittens
738 3319 837 3352 etiarn
851 3317 1068 3362 Presbyteris‚
1098 3322 1225 3355 Graeco-

343 3380 417 3404 rum
437 3367 662 3403 consuetudo:
692 3367 773 3400 Eam
786 3379 826 3400 ex
838 3367 988 3404 haeretico
1008 3370 1224 3409 fundamento

343 3418 582 3454 eliminandam
605 3418 702 3452 duxit
725 3417 914 3458 Eustatius,
942 3419 1079 3464 ideoque
1102 3422 1121 3458 a
1136 3422 1225 3455 Gan-

343 3470 448 3517 grensi
469 3467 611 3512 synodo
632 3468 696 3503 fuit
718 3467 839 3504 merito
860 3469 1052 3506 damnatus.
1079 3470 1128 3507 At
1147 3471 1224 3510 vero

1029 182 1421 217 SECUNDI

1495 169 2056 215 ponuat-1013

1308 257 1408 292 ullius
1428 257 1576 302 conjugii
1604 257 1699 290 usum
1721 256 1824 292 Sacris
1846 258 1982 292 Clericis
2005 270 2187 303 numquam

1309 309 1447 352 permifit
1460 308 1579 346 Latina
1594 306 1736 343 Ecclefia
1747 332 1757 347 ‚
1786 317 1881 353 atque
1894 309 1937 345 ita
1953 310 2094 355 ipsorum
2107 321 2187 353 quo-

1307 359 1353 392 vis
1375 357 1534 402 conjugio
1563 358 1726 397 utentium
1744 359 1837 391 Sacra
1859 359 1963 394 audiri
1989 361 2039 393 vel
2065 361 2186 405 percipi

1306 409 1467 448 Nicolaus
1489 406 1647 446 Pontifex
1674 407 1790 444 merito
1814 407 2003 441 interdixit.
2034 409 2188 446 Ecclefia-

1306 459 1455 497 sticarum
1469 459 1745 498 constitutionum
1773 457 1885 494 &loca
1909 458 2100 502 &tempora
2113 460 2188 497 sunt

1302 507 1533 554 distinguenda
1548 534 1555 541 .
1584 509 1678 548 Hinc
1703 509 1792 552 quod
1816 507 2012 554 Gangrenfis
2031 509 2187 551 Synodus

1303 560 1386 598 reste*
1398 561 1539 603 permifit
1551 560 1584 593 in
1597 559 1736 593 Pontica
1753 559 1917 598 Dioecefi‚
1946 559 1978 592 in
1995 559 2112 596 Latina
2125 557 2188 595 Ec·-

1302 610 1397 644 clefia
1437 610 1585 648 laudatus
1623 609 1783 649 Pontifex
1811 608 1977 642 restiffime
1997 610 2184 645 damnavit.

1301 660 1403 707 Qod
1416 661 1518 697 sciens
1529 662 1708 703 Dionysius
1721 659 1869 705 Exiguus
1880 660 1970 694 dietae
1982 660 2110 703 Synodi
2123 660 2187 694 Ca-

1302 723 1424 746 nonem
1447 711 1492 745 ita
1506 711 1670 752 transtulit
1682 736 1694 754 ‚
1720 722 1755 745 ut
1780 710 1904 749 Latinae
1916 710 2062 744 Ecclefiae
2078 720 2187 750 mores

1301 773 1369 796 non
1392 761 1518 800 feriret.
1826 779 1830 783 -

1349 811 1454 846 Aliud
1466 812 1615 850 adversus
1628 814 1813 857 praesentem
1828 811 2002 852 Canonem
2015 822 2188 857 argumen-

1300 872 1372 897 tum
1393 862 1543 907 producit
1566 864 1732 901 inlitteris
1756 864 1795 898 ad
1818 863 1971 897 sanetum
2001 860 2186 896 Annonem

1300 913 1539 955 Coloniensem
1560 913 1857 959 Archiepiscopum
1881 912 2063 958 Gregorius
2085 912 2181 955 sepd-

1298 976 1369 999 mus
1393 977 1400 997 :
1424 970 1530 1004 Novit
1553 969 1751 1001 Fraternitas
1774 964 1872 1005 vestra
1895 989 1906 1005 ‚
1932 969 2007 1007 quia
2026 966 2185 1005 Praecepta

1295 1014 1359 1048 haec
1382 1027 1440 1048 non
1463 1017 1499 1048 de
1515 1016 1605 1056 nostro
1615 1015 1702 1059 sensu
1722 1010 1944 1058 exsculpimus,>
1972 1012 2030 1059 sed
2048 1020 2186 1060 antiquo-

1286 1076 1360 1102 -rum
1382 1072 1510 1102 Patrum
1529 1065 1684 1110 sanc‘iione
1706 1092 1717 1108 ‚
1744 1069 1862 1108 spiritu
1881 1064 1979 1105 sanilo
1993 1065 2185 1106 praedicante

1291 1117 1429 1157 prolatas
1442 1140 1453 1156 ‚
1479 1117 1561 1157 officii
1582 1116 1668 1156 nostri
1680 1119 1836 1157 neccffitate
1862 1122 1894 1148 in
1904 1117 2034 1148 medium
2043 1116 2186 1156 propala·

1294 1177 1384 1207 mus,
1410 1178 1446 1199 ne
1451 1170 1534 1209 pigri
1555 1164 1643 1209 servi
1664 1165 1822 1212 subeamus
1840 1167 2005 1208 periculum
2018 1190 2028 1206 ,
2048 1164 2184 1209 fiDomi-

1295 1221 1391 1248 nicam
1407 1223 1569 1259 pecuniam
1583 1242 1593 1257 ‚
1617 1228 1684 1260 quae
1704 1229 1769 1254 cum
1785 1217 1899 1258 foenore
1923 1215 2102 1259 reposcetur,
2124 1213 2183 1257 sub

1286 1265 1406 1308 filentio-
1419 1265 1634 1310 abscondamus
1649 1293 1656 1300 .
1687 1270 1885 1311 ,Quamquam
1906 1265 1974 1298 huic
1990 1264 2107 1307 saneqae
2129 1267 2186 1296 Ro-

1291 1328 1391 1351 manae
1402 1317 1533 1359 Ecclefiae
1537 1316 1655 1364 semper
1669 1319 1753 1351 licuit
1768 1343 1778 1359 ‚
1786 1316 1962 1360 semperque
1973 1313 2070 1351 licebit
2080 1323 2184 1348 contra

1292 1366 1608 1408 noviter‘increscentes
1620 1369 1746 1408 exceffus
1757 1380 1837 1404 nova
1849 1370 2087 1408 quoqueDecreta
2095 1373 2185 1407 atque

1290 1415 1420 1449 remedia
1429 1420 1590 1455 procurare
1600 1439 1610 1454 ‚
1639 1425 1706 1456 quae
1719 1421 1846 1448 rationis
1870 1417 1905 1452 ὁ·
1915 1416 2106 1449 αιιέἷονὶταιὶι
2119 1416 2181 1447 edi-

1291 1472 1324 1495 ta
1334 1465 1468 1509 judicio,
1494 1465 1569 1496 nulli
1589 1463 1739 1496 hominum
1759 1464 1865 1506 fassit
1875 1473 1909 1497 ut
1931 1469 2020 1499 irrita
2029 1464 2179 1505 refutare.

1292 1512 1345 1543 De
1368 1512 1600 1545 Romanorum
1624 1512 1824 1546 Pontificum
1851 1514 2002 1548 Decretis
2020 1514 2182 1547 scribitin

1290 1560 1382 1593 libris
1392 1560 1433 1594 de
1444 1560 1690 1598 Concordantia
1703 1560 1878 1598 Catholica
1893 1562 2056 1597 Nicolaus
2070 1562 2183 1596 Cardi-
2224 1597 2229 1603 ,

1291 1610 1373 1644 nalis
1397 1610 1547 1646 Cusanus
1566 1624 1572 1643 z
1600 1613 1771 1646 Decretales
1792 1622 1846 1646 aut
1858 1611 2181 1652 DecifionesJudiciales
2200 1595 2332 1667 1¹⁴'b'²'⁶³⁴

1290 1664 1490 1698 Romanorum
1513 1661 1712 1704 Pontificum,
1739 1672 1794 1696 aut
1808 1662 1964 1696 dubiorum
1987 1669 2020 1695 in
2031 1674 2179 1706 emergen-
2221 1647 2249 1676 ᾧ

1289 1710 1370 1743 tibus
1384 1735 1394 1750 ,
1421 1723 1481 1744 non
1493 1722 1530 1744 ex
1541 1713 1696 1748 voluntate
1704 1714 1782 1754 pure’
1789 1713 1972 1755 potestativa
1985 1713 2077 1747 robur
2085 1714 2181 1755 firmi-

1289 1765 1364 1792 tatis
1386 1762 1421 1794 &
1430 1761 1560 1801 Justitiae
1590 1768 1761 1804 recipiunt,
1783 1763 1843 1806 fied
1863 1769 1933 1805 quia
1948 1762 2110 1804 secundum
2121 1769 2183 1798 Ca-

1290 1820 1378 1843 nones
1400 1812 1445 1843 ita
1465 1817 1603 1845 convenit
1624 1812 1744 1856 easdem
1769 1811 1925 1853 Decifiones
1941 1812 2011 1858 fieri
2023 1836 2031 1846 .
2062 1812 2094 1846 A
2108 1812 2182 1847 solo

1289 1861 1448 1897 Romano
1470 1861 1634 1897 Pontifice
1654 1862 1726 1900 vult
1745 1874 1851 1897 novos
1874 1874 1942 1897 non
1965 1863 2055 1907 poffe
2076 1861 2180 1897 condi

1290 1911 1466 1953 Camnes,
1494 1913 1547 1947 sed
1572 1915 1687 1948 cuneta
1709 1912 1778 1956 ejus
1800 1914 1960 1954 Decreta,
1983 1912 2174 1956 Rescripta,

1288 1973 1326 1995 ac
1346 1961 1490 2004 judicata
1516 1975 1558 1996 ex
1571 1962 1715 2005 antiquis
1735 1963 1937 2006 generalium
1960 1963 2178 2005 synodorum

1289 2011 1484 2046 Canonibus
1495 2013 1612 2047 debere
1623 2011 1746 2049 hauriri
1763 2024 1770 2045 :
1799 2013 1852 2050 Ex
1865 2012 1959 2046 simili
1980 2023 2050 2049 non
2063 2011 2176 2048 hausta

1286 2062 1381 2100 fonte
1404 2063 1467 2096 esse
1496 2062 1584 2097 irrita
1611 2064 1834 2101 &attentata.
1862 2062 1998 2099 Eisdem
2020 2086 2031 2106 2
2057 2062 2178 2106 quibus

1286 2112 1318 2151 ὅ(
1345 2112 1380 2150 in
1407 2113 1545 2156 epistola
1566 2113 1716 2150 adversus
1744 2113 1909 2156 Nepotem
1948 2114 2177 2151 Hincmarum
2194 2134 2329 2173 Cap-‘0'

1287 2161 1542 2199 Laudunensem
1564 2163 1764 2206 Episcopum
1786 2164 1990 2200 Hincmarus
2004 2163 2178 2207 Merropoe

1287 2211 1346 2245 lita
1372 2210 1544 2245 Remensis
1567 2236 1577 2251 ‚
1606 2206 1743 2246 Patrum
1764 2212 2011 2250 auctoritatibus
2032 2212 2119 2247 istud
2139 2213 2179 2249 in

1286 2260 1352 2294 alio
1375 2261 1493 2303 Capite
1518 2262 1713 2296 confirmat.
1742 2262 1794 2295 Ex
1808 2261 1874 2296 hoc
1896 2262 2000 2306 igitur
2011 2262 2178 2306 principio

1288 2311 1474 2358 praesentem
1495 2310 1643 2348 nostrum
1658 2313 1831 2344 Canonem
1853 2311 1957 2352 aliqui
1972 2312 2073 2344 etiam
2086 2311 2177 2347 dixe·

1287 2370 1361 2393 runt
1388 2360 1480 2393 nullo
1503 2360 1641 2411 antiquo
1666 2359 1728 2397 niti
1750 2361 1972 2399 fundamento
1994 2385 2006 2402 ‚
2033 2361 2176 2410 ideoque

1286 2413 1349 2445 effe
1376 2409 1531 2443 frivolum
1543 2421 1770 2448 commentum
1782 2435 1789 2443 .

1334 2460 1427 2497 Huic
1440 2461 1611 2496 calumniae
1635 2460 1764 2503 reponit
1776 2460 1959 2505 Gregsrius
1977 2474 1988 2494 .·
2016 2463 2173 2504 Praecepta

1285 2510 1348 2547 ‚haec
1364 2512 1402 2546 de
1422 2510 1511 2551 nostro
1530 2510 1619 2554 sensu
1631 2523 1689 2549 non
1713 2509 1934 2553 exsculpimus.
1964 2511 2010 2545 Ea
2025 2511 2106 2547 dicit
2128 2524 2172 2546 ex

1285 2561 1429 2609 antiquis
1461 2555 1656 2598 Canonibus
1689 2561 1751 2594 esse
1774 2562 1917 2594 omnino
1941 2559 2055 2596 hausta
2076 2587 2083 2594 .
2114 2563 2171 2598 Ut

1285 2612 1375 2650 enim
1397 2610 1638 2653 asuiEpiseopi
1662 2621 1718 2645 aut
1734 2610 1918 2654 Presbyteri
1942 2611 2047 2653 palam
2061 2612 2172 2647 crimi-

2203 946 2261 978 Libo
2270 957 2298 978 2·

2203 988 2257 1027 Ep.
2270 991 2317 1023 67.

1288 2663 1353 2700 noli
1366 2663 1450 2700 sacra
1461 2662 1630 2708 praesertim
1644 2670 1775 2695 commu
1783 2661 1882 2696 nione
1893 2661 2032 2705 populus
2045 2663 2075 2695 se
2087 2663 2172 2706 sepa-

1287 2724 1334 2749 ret
1346 2725 1383 2749 ac
1397 2712 1570 2756 suspendat
1582 2736 1591 2752 ‚
1606 2711 1740 2754 antiqua
1756 2711 1902 2746 Ecclefiae
1914 2712 2086 2756 disciplina
2099 2723 2170 2747 non

1288 2763 1425 2808 permisit
1448 2762 1679 2801 solummodo,
1709 2761 1758 2794 sed
1782 2762 1880 2794 etiam
1903 2762 2069 2806 praecepit,
2097 2762 2171 2799 Nec

1287 2816 1391 2849 solum
1402 2813 1446 2848 ob
1459 2813 1614 2848 Haerefim
1627 2837 1637 2856 2
1664 2810 1716 2845 sed
1741 2812 1786 2845 ob
1800 2811 1939 2855 quodvis
1961 2813 2171 2850 manifestum

1285 2866 1428 2903 crimen.
1457 2864 1551 2900 Hinc
1570 2863 1659 2899 enim
1681 2862 1698 2895 ὲ
1712 2861 1839 2906 Pelagii
1862 2862 1957 2908 primi
1970 2862 2170 2902 Pontii-icis,

1287 2927 1354 2951 non
1377 2914 1417 2951 de
1427 2914 1544 2952 Haerefi
1558 2937 1568 2952 ,
1595 2912 1649 2949 sed
1660 2912 1701 2947 de
1717 2912 1938 2950 Antecefforis
1951 2913 2070 2958 Vigilii
2083 2912 2170 2956 adju-

1286 2978 1317 3002 ta
1331 2975 1437 3001 morte
1448 2963 1573 3007 suspetsti
1587 2988 1599 3006 ‚
1625 2964 1864 2998 communione
1883 2963 1914 2996 se
1926 2962 2088 3006 suspendit
2100 2962 2171 2997 Ro·

1287 3029 1402 3051 manus
1426 3014 1581 3062 populus:
1610 3014 1655 3047 Et
1668 3013 1826 3057 approbat
1850 3012 1930 3047 liber
1942 3012 2168 3052 Pontificalis.

1286 3068 1458 3102 innumera
1495 3065 1569 3098 sunt
1595 3062 1783 3107 hujusmodi
1814 3063 1964 3106 exempla
1991 3088 1999 3097 .
2037 3063 2168 3099 Verum

1285 3117 1374 3163 quod
1394 3114 1504 3151 multis
1519 3113 1743 3150 incommodis
1755 3124 1853 3157 atque
1863 3114 2017 3159 periculis
2026 3112 2171 3154 subiace·
2185 3125 2256 3167 Cap,
2270 3134 2316 3159 ω,

1285 3179 1332 3204 ret
1346 3167 1402 3204 ista
1413 3164 1615 3204 subditorum
1638 3166 1672 3199 in
1687 3164 1861 3200 Antistites
1873 3163 2005 3201 licentia
2019 3186 2030 3202 ,
2056 3162 2168 3200 mode-

1285 3229 1397 3254 ramen
1420 3216 1568 3259 apposuit
1590 3216 1702 3252 ostava
1735 3215 1888 3261 Synodus
1910 3237 1921 3253 ,
1947 3211 2106 3250 mandans
2130 3221 2168 3247 ut

1284 3270 1394 3303 nullus
1421 3266 1625 3309 Episcopus,
1654 3265 1805 3302 Clericus
1827 3288 1839 3304 ‚
1863 3261 2054 3300 Monachus,
2075 3285 2087 3306 2
2110 3271 2167 3296 aut

1286 3320 1405 3354 Laicus
1426 3316 1525 3353 talem
1546 3315 1635 3352 asuo
1656 3313 1842 3352 Patriarcha
1868 3323 1924 3346 aut
1949 3313 2167 3356 Metropolim

1285 3368 1517 3413 separationem
1530 3367 1647 3403 audeat
1658 3366 1736 3403 ante
1746 3363 1950 3401 definitivam
1970 3362 2038 3406 ejus
2048 3362 2166 3397 conde-

1283 3419 1489 3453 mnationem
1503 3427 1663 3452 attentare
1676 3441 1684 3448 .
1710 3413 1886 3449 Innovavit
1898 3415 2039 3457 priorem
2054 3413 2167 3447 Eccle-

1283 3471 1333 3504 fiae
1353 3470 1529 3507 Canonem
1556 3492 1569 3512 ,
1595 3477 1692 3514 quem
1717 3466 1754 3500 in
1774 3461 1966 3509 symmachi
1990 3462 2167 3500 Pontificis

2027 3516 2120 3559 Apo-
