2366 3756
578 138 1108 183 CONC1LIU-1v1

270 222 490 261 Braccarenfis
498 220 670 262 Synodus:
698 219 815 254 Placuit
828 226 860 250 ut
875 222 988 259 quoties
1000 216 1038 248 ab
1052 218 1162 257 aliquo‘

263 275 397 318 fidelium
409 273 453 306 ad
463 270 674 314 consecrandas
685 267 828 310 Ecclefias
853 265 993 310 Episcopi
1017 251 1161 325 invitam-g

266 333 316 358 tur
329 349 339 363 ,
365 332 422 357 non
433 321 517 367 quafi
528 333 564 355 ex
572 320 665 355 debito
674 329 783 354 munus
805 318 925 360 aliquod
945 319 964 349 ἃ
980 315 1161 358 fundatore

252 367 419 416 =requirant
439 398 450 415 ,
481 371 537 416 sed
551 367 645 413 fitpsc
663 369 792 411 quidem.
805 368 927 410 aliquid
946 378 982 403 ex
998 365 1051 409 suo
1080 358 1162 417 voto}

265 424 421 465 obtulerit,
446 435 503 458 non
514 419 669 463 respuatur
682 443 693 461 ,
714 417 744 462 fi
762 421 834 453 vero
848 427 901 451 aut
922 425 1092 459 paupertas
1114 418 1148 449 il-

265 477 327 509 lum
348 484 400 510 aut
428 472 569 512 κακῶται
593 474 704 504 retinet
724 492 735 509 ,
765 467 846 502 nibil
861 473 1002 513 exigatur
1019 466 1061 502 ,ab
1082 467 1148 500 illo.

266 524 364 560 Adec)
381 523 463 560 olim
481 521 517 554 in
540 518 650 557 Gallia
672 518 814 553 invaluit
836 518 895 554 ista
916 517 1044 553 exat‘lio
1067 541 1078 557 ‚
1113 526 1148 549 ut

266 575 398 615 altaria,
423 571 475 607 vel
500 570 655 605 Ecclesxas
675 569 774 613 gratis
792 569 858 602 fine
879 567 1010 611 praemio
1021 566 1149 605 benedi-

265 635 335 659 cere
355 633 413 668 pro
444 632 567 664 magno
594 618 767 663 privilegio
790 618 943 662 Episcopi
964 616 1148 654 addixerint

264 671 564 710 observantioribus.
578 668 787 708 Monasteriis
802 694 809 701 .
849 668 953 706 Lucet
973 679 1016 702 ex
1047 667 1147 711 prima

265 722 402 759 formula
425 721 510 765 apud
536 718 737 754 Marculfum
759 715 966 754 Monachum
981 743 989 749 .
1015 717 1058 751 Et
1083 717 1148 750 tale

264 772 471 820 privilegium
493 769 681 805 Corbeienfi
705 767 911 807 Monasterio
929 766 1018 802 dedit
1028 767 1148 811 >Bente-

264 821 366 859 fridus
389 820 563 864 Episcopus
575 819 804 856 Ambianenfis
819 832 826 851 z
854 820 970 852 Altaria
983 816 1148 861 Episcopus

264 873 415 907 benedicat
435 870 496 911 fine
513 876 635 911 pretio„
655 871 767 907 Etiam
794 869 1015 904 Vezeliacenfi
1028 868 1150 901 Mona-

262 921 361 955 sterio
382 920 472 957 dedit
494 920 657 968 Nicolaus
680 920 801 963 primus
825 933 833 952 :
860 920 1091 965 Subjungimus‚
1117 925 1150 950 ut

262 971 354 1006 locum
376 976 520 1004 avaritia
537 969 726 1012 secludamus
751 994 761 1009 ‚
789 970 902 1002 nullum
928 970 964 1001 dc
991 969 1151 1000 sacerdoti-

262 1019 319 1054 bus
340 1029 398 1062 pro
422 1020 632 1063 consectatione
657 1018 793 1061 Bafilicae
818 1020 925 1052 audere
964 1021 1055 1050 Xenii
1094 1020 1150 1051 loco

261 1076 403 1113 quiquam
425 1078 567 1113 accipere.
603 1070 647 1103 Et
668 1070 789 1104 eisdem
813 1069 917 1104 verbis
940 1069 1149 1102 confirmavit

261 1121 404 1163 joannes
415 1122 545 1158 octavus
557 1145 564 1152 .
587 1120 714 1157 Eorum
727 1119 906 1163 diplomata
921 1118 1048 1153 exstant
1063 1119 1149 1162 apud

260 1171 387 1205 Lucam
408 1171 612 1205 Dacherium
633 1170 668 1207 in
706 1169 881 1207 Chronico
911 1169 1002 1204 istius
1033 1169 1150 1203 Mona·

262 1220 347 1255 sterii
361 1245 368 1252 .
391 1220 503 1255 Exstat
516 1222 550 1256 &
563 1220 722 1264 Diploma
735 1245 745 1263 ‚
767 1232 834 1263 quo
847 1221 960 1255 datum
975 1218 1149 1256 Corbeien·

263 1269 285 1303 fi
306 1269 472 1305 Coenobio
494 1271 514 1304 ὲ
535 1271 726 1306 Bentefrido
750 1270 958 1316 privilegium
970 1270 1104 1305 novavit
1119 1271 1150 1303 ὅ(

261 1321 352 1354 auxit
377 1321 447 1358 Leo
471 1332 577 1355 nonus
599 1335 610 1356 .·
637 1319 812 1365 Episcopus.
836 1320 1034 1362 Ambianenfis
1072 1322 1149 1353 Alta-

261 1376 339 1404 Yium
352 1373 386 1409 Φ
399 1370 590 1413 Basilicarum
614 1371 855 1414 ,consecrationem
880 1370 999 1412 differre
1025 1382 1082 1407 non
1104 1372 1151 1407 de-

261 1413 361 1460 b'ebie,
387 1431 436 1453 nec
460 1423 584 1460 aliquod
590 1423 748 1458 propterea
769 1430 877 1450 munus
899 1417 1053 1460 exposcere
1067 1441 1075 1449 .
1108 1418 1152 1451 Et

262 1467 517 1512 Auregniacenfi
538 1465 740 1502 Monialium
753 1466 1153 1506 Coenohiojnnocentius

259 1517 390 1551 tertius:
408 1520 460 1547 Ne
479 1523 537 1554 pro
558 1512 817 1554 consecrationibus
844 1513 995 1543 Altarium
1020 1513 1072 1543 vel
1097 1515 1152 1543 Ec.

257 1562 404 1604 clefiarum
438 1560 628 1603 Dioecesanus
668 1558 834 1603 Episcopus
858 1559 917 1603 sub
942 1560 1062 1593 obtentu
1088 1571 1150 1597 con-

252 1613 422 1658 suetudinis
439 1634 450 1653 ,
495 1612 549 1646 vel
579 1610 706 1654 quolibet
726 1612 810 1646 modo
834 1612 893 1644 alio
906 1612 1073 1653 quidquam
1085 1617 1151 1646 exi-

251 1675 323 1711 gere
342 1663 393 1699 vel
408 1672 579 1705 extorquere
600 1659 768 1704 prasumat
786 1686 793 1693 .
831 1660 876 1695 Et
903 1660 982 1695 hinc
1007 1660 1152 1704 discipli-

256 1726 334 1749 nam
356 1722 556 1757 reparaturus
580 1711 718 1746 Carolus
745 1722 883 1756 magnus
905 1711 1068 1748 sancitum
1098 1723 1152 1746 vo-

257 1764 319 1799 luit
337 1764 357 1798 a
377 1764 515 1799 secunda
527 1762 736 1797 Cabiloncnfi
752 1760 913 1803 synodo:
936 1765 994 1795 Pro
1011 1763 1152 1796 dedicam

258 1816 312 1865 ιφ,
327 1813 463 1856 Bafilicis
486 1812 565 1847 nibil
582 1813 785 1853 accipiendum
810 1811 847 1852 est
868 1837 876 1845 .
908 1812 1066 1850 Firmavit
1093 1813 1151 1848 sub

259 1863 434 1899 Ludovico
453 1863 516 1897 Pio
530 1861 668 1899 secunda
682 1862 837 1905 Synodus
850 1863 1124 1906 Aquisgranenfis
1141 1889 1147 1894 .

258 1915 369 1949 Nullus
389 1912 599 1956 Episcoporum
611 1921 669 1955 pro
693 1913 886 1948 Dedicatione
907 1913 1025 1946 santiae
1050 1914 1150 1955 Eccle-

250 1963 304 2007 ,ᾖα
323 1965 439 2006 aliquid
460 1970 577 2007 exigere
597 1962 767 2006 praesumat
789 1988 796 1996 .
837 1965 902 2007 ,Qui
921 1963 1022 2009 fuerit
1046 1970 1150 1996 convi-

256 2013 342 2055 θαι,
368 2020 515 2048 canonicae
535 2012 692 2056 subjaceat
717 2011 882 2056 disciplina·
897 2038 904 2046 .
933 2012 1067 2050 Ethinc
1079 2014 1149 2048 He·

256 2063 427 2108 denulpho
449 2063 657 2098 Laudunenfi
684 2063 872 2108 Episcopo,
902 2075 944 2098 ne
966 2075 1024 2107 pro
1039 2064 1148 2101 Eccle-

256 2114 371 2148 siarum
393 2114 695 2151 consecrationibus
717 2114 843 2157 aliquid
870 2115 987 2155 quovis
1009 2115 1147 2158 ingenio

256 2175 446 2205 venaretur,
471 2174 631 2207 tanquam
655 2163 801 2199 lucidam
828 2164 1149 2206 Simoniamrigidis-

255 2214 331 2247 sime
353 2226 406 2255 per
429 2214 636 2251 Canonicas‚
662 2214 747 2254 apud
763 2213 923 2253 Jacobum
936 2211 1146 2243 sirmondum

256 2262 435 2298 exstantes,
463 2262 586 2296 litteras
610 2260 781 2294 interdixit
805 2259 1147 2293 HincmarusMecro-

256 2310 358 2355 polita
379 2309 563 2343 Remensis.
590 2308 778 2342 Laudatum
805 2307 1053 2343 Braccarensem
1081 2307 1142 2342 Ca-

256 2369 379 2394 nonem
400 2358 498 2392 etiam
527 2357 698 2392 innovavit
718 2381 728 2397 ,
768 2357 862 2391 suurn
886 2356 962 2391 fecit
980 2382 990 2396 ,
1029 2357 1063 2391 <Sc
1103 2358 1141 2393 ad

254 2420 390 2444 omnem
411 2408 584 2443 Franciam
602 2406 753 2442 extendit
775 2407 833 2441 sub
857 2405 996 2441 Adriani
1011 2408 1141 2441 secundi

256 2458 458 2493 pontificatu
481 2457 639 2492 celebrata
679 2457 832 2500 Synodus
872 2458 1136 2492 Wormatienfis.

257 2510 339 2542 Haec
362 2519 440 2552 ergo
465 2508 576 2541 omnia
598 2507 772 2541 confirmat
789 2507 823 2541 &
847 2508 978 2549 praesens
1000 2507 1138 2542 Canon.

257 2559 301 2592 Et
320 2557 396 2591 hinc
419 2559 610 2592 Gnidonem
620 2557 905 2592 Mediolanensem
918 2555 1140 2601 Archiepisco·

93 491 162 528 Cap.
194 498 218 526 5.

87 1175 169 1204 Tum.
198 1183 224 1212 3-

95 1554 176 1582 Tom-
192 1554 219 1581 6.

88 1737 146 1768 li').
171 1750 195 1767 2.

88 1783 137 1817 hp.
153 1782 200 1814 46.

92 1970 161 2008 Cap.
175 1974 218 2000 16.

81 2083 142 2116 Lib.
169 2096 192 2114 1.

91 2133 153 2164 cap.
175 2134 198 2162 5.

91 2435 172 2463 Tom.
195 2444 222 2463 2.

86 2590 155 2626 Cap,
184 2598 209 2618 ι.

258 2658 398 2692 Bafilicis
407 2660 615 2693 exactionem
629 2668 704 2692 cum
715 2658 777 2692 alia
793 2660 878 2692 varia
890 2660 1039 2693 Simonia
1052 2670 1140 2694 com·

259 2709 342 2751 pulit
362 2710 461 2743 etiam
474 2709 607 2743 Sanetus
618 2709 730 2743 Petrus
742 2708 916 2743 Damiani.
949 2710 1061 2757 Qiare
1072 2721 1138 2744 non

1178 130 1816 181 THOLosANuM.

2035 55 2045 72 ‘b

1965 156 1989 184 2
2002 158 2021 197 3

1212 217 1264 252 tiit
1285 217 1441 252 Albertus
1463 218 1647 258 Hostienfis
1671 221 1852 264 Episcopus
1868 244 1878 260 ‚
1903 219 2090 262 Cardinalis

1211 268 1353 312 Legatus
1366 267 1550 306 Innocenrii
1565 270 1696 307 secundi
1706 292 1714 300 .
1736 269 1831 305 Adeo
1842 271 2016 316 grassatum
2029 273 2091 306 fuit

1211 317 1357 359 malum,
1384 319 1579 353 utadversus'
1599 317 1779 357 Gerardum
1809 321 2090 364 Engolismensem

1213 368 1408 410 Episcopum
1420 391 1430 406 ‚
1458 368 1580 403 laudati
1593 370 1740 405 Houorii
1752 370 1786 403 in
1801 369 1980 412 Aquitania
1989 370 2092 416 Lega-

1211 427 1282 450 tum
1295 441 1304 456 ,
1330 414 1446 451 scribat
1458 416 1648 459 Arnulphus
1661 421 1841 463 Episcopus
1865 420 2090 460 Lexovienlist,
2107 417 2182 453 Cap·
2204 425 2228 444 1·

1212 464 1402 507 Basilicarum
1412 468 1618 502 Dedicationes
1630 490 1640 505 ‚
1668 470 1816 502 Altarium
1825 470 2036 505 benedictiones
2049 484 2092 508 eo-

2109 303 2142 327 A.
2177 304 2261 335 1138.

1213 517 1279 550 dem
1304 528 1361 559 quo
1369 525 1475 553 caetera
1486 527 1565 550 more
1576 515 1708 556 traHasti
1722 541 1731 555 ‚
1758 527 1789 550 ut
1798 520 1889 559 plani³
1900 519 2093 562 nihilfacien·

1211 568 1284 599 dum
1294 575 1421 608 putares
1435 591 1446 606 ,
1472 568 1554 609 quod
1562 578 1619 599 non
1629 567 1753 607 alicuius
1766 570 1948 601 emolumenti
1961 569 2093 614 auspica-

1210 623 1250 649 tio
1261 623 1451 658 praevenirct
1466 640 1473 647 .
1505 616 1566 650 Per
1576 617 1683 661 plures
1699 617 1792 652 istius
1812 618 1918 652 saeculi
1940 621 2092 664 Synodog

1212 667 1266 700 vix
1293 667 1406 710 potuit
1428 666 1543 701 evelli.
1583 664 1585 667 ”

1261 716 1427 753 Laudatus
1439 715 1624 752 Cardinalis
1637 716 1809 753 Albericus
1822 719 2022 754 Londinenfi
2036 722 2094 754 suae

1187 807 1191 810 ι
1211 765 1348 807 synodo
1363 766 1625 802 indidit&hunc
1641 767 1839 802 Canonem:
1866 772 1895 802 51·
1916 777 1981 812 quis
2006 771 2096 814 Epis-

1210 825 1295 859 copus
1306 822 1338 850 i'n
1352 815 1530 860 Dioecefisua
1546 827 1603 860 per
1626 819 1718 851 alium
1742 817 1922 861 Episcopum
1944 820 2097 862 Ecclesiam

1210 866 1373 911 consecrari
1376 868 1487 908 fecerit
1498 893 1509 908 ,
1535 868 1694 917 Aposlolica
1705 869 2078 911 aut‘loritateprohibemus
2087 896 2099 911 ,

1212 929 1248 952 ne
1266 919 1343 960 quid
1363 919 1433 951 inde*
1455 918 1539 951 ultra
1556 925 1793 961 procurationem
1812 917 1942 962 ejusdem
1960 919 2100 963 Episcopi

1211 973 1333 1012 exigat.
1367 967 1442 1001 Ubi
1457 969 1599 1002 nascitur
1612 970 1766 1013 quaestio,
1794 981 1852 1003 cur
1874 969 1983 1014 potius
2007 970 2101 1004 Vica-

1212 1018 1249 1057 rii
1292 1029 1329 1052 ac
1351 1018 1505 1062 Delegati
1527 1030 1623 1062 quam
1649 1020 1696 1053 sui
1721 1020 1815 1063 ipfius
1836 1021 2100 1063 procurationem

1214 1069 1417 1113 permittatur
1439 1068 1621 1112 Episcopus
1648 1070 1800 1114 exigere?
1827 1070 2025 1113 Respondeo
2059 1071 2101 1103 E-

1214 1117 1387 1163 piscopales
1411 1129 1586 1161 proventus
1603 1120 1667 1153 esse
1687 1121 1823 1163 praestita
1846 1120 1952 1154 asolis
1963 1121 2102 1164 propriis

1213 1169 1330 1206 ovibus
1343 1168 1520 1202 pastoralia
1534 1168 1696 1211 stipendia
1709 1195 1720 1210 ‚
1746 1171 1886 1215 ideoque
1899 1172 2102 1215 Episcopum

1215 1217 1254 1253 ad
1271 1220 1383 1253 alienae
1395 1219 1555 1258 Dioecefis
1566 1219 1790 1254 Ministerium
1803 1233 1844 1254 ex
1857 1221 1927 1264 ipfis
1940 1233 2008 1254 non
2019 1220 2105 1254 obli·

1215 1271 1300 1315 gari.
1330 1270 1423 1305 Hinc
1434 1270 1570 1307 enim&
1593 1270 1780 1307 vacantium
1805 1269 2019 1304 Ecclefiarum
2046 1269 2107 1304 Vi-

1217 1319 1399 1358 fitatoribus
1422 1321 1491 1354 suas
1513 1321 1759 1363 procurationes
1782 1319 1910 1355 addixit
1927 1320 2105 1365 Gregorius

1218 1371 1381 1415 Magnus.
1409 1368 1536 1404 Verum
1558 1371 1606 1404 uti
1630 1368 1748 1409 horum
1766 1395 1777 1411 ,
1817 1383 1886 1406 non
1910 1371 1928 1404 a
1948 1370 2072 1415 populo
2094 1395 2106 1411 ‚

1218 1416 1268 1455 sed
1290 1418 1309 1450 ὸ.
1332 1417 1462 1450 vifitatae
1487 1418 1638 1451 Ecclesiae
1661 1419 1861 1458 substantia,
1898 1422 1944 1454 ita
1971 1422 2107 1455 istorum

1217 1466 1454 1507 Delegatorum
1477 1467 1636 1506 stipendia
1657 1491 1668 1505 ,
1706 1469 1723 1500 a
1749 1468 1921 1510 delegante
1942 1469 2107 1513 Episcopo

1216 1511 1339 1544 debent
1361 1511 1448 1554 exigi
1469 1523 1506 1544 ac
1529 1512 1663 1560 persolvi
1690 1536 1696 1543 .
1733 1513 1835 1559 Qod
1861 1517 2041 1551 notandum
2061 1519 2108 1552 est

1216 1560 1282 1593 illis
1305 1561 1477 1603 Episcopis
1500 1585 1510 1599 ‚
1547 1562 1605 1605 qui
1634 1561 1841 1602 pontificalis
1859 1564 1962 1599 officii
1985 1565 2108 1602 habent

1216 1609 1370 1646 Vicarios
1396 1619 1452 1644 aut
1475 1610 1723 1656 suffraganeos,
1751 1613 1791 1647 de
1820 1613 1938 1658 quibus
1964 1616 2048 1660 apud
2064 1620 2110 1652 A·

1216 1660 1368 1695 drianum
1392 1662 1518 1695 sextum
1541 1663 1670 1705 questus
1692 1662 1804 1706 elapso
1830 1664 1942 1699 saeculo
1957 1668 2021 1701 fuit
2037 1667 2109 1703 Nu-

1217 1711 1449 1756 rembergenfis
1485 1710 1725 1747 Germanorum
1751 1713 1929 1751 Procerum
1954 1710 2111 1753 Conven-

1216 1774 1268 1796 tus
1291 1774 1298 1794 :
1335 1766 1413 1796 Cum
1436 1762 1579 1805 Ecclefias
1601 1776 1636 1798 ac
1663 1766 1775 1806 templa
1791 1773 1964 1808 pra-tenuta
1986 1770 2110 1812 quidem

1218 1816 1279 1849 Deo
1293 1814 1396 1847 dicant
1405 1811 1586 1857 sacramque
1603 1816 1735 1849 nonnulli
1748 1816 2024 1862 suffraganeorum,
2042 1818 2111 1863 fich-

1215 1866 1292 1898 ditos
1310 1873 1368 1906 per
1386 1862 1420 1907 se
1447 1874 1603 1908 utcumque
1623 1865 1744 1909 egestate
1759 1868 1941 1903 ‘laborantes
1966 1895 1976 1911 ‚
2009 1869 2113 1914 super-

1212 1914 1283 1954 fluis
1304 1920 1480 1958 minimeque
1503 1917 1662 1960 necessariis
1670 1915 1841 1960 sumptibus
1866 1930 1990 1953 onerant
2012 1947 2019 1954 .
2049 1926 2114 1954 Ne-

1213 1976 1268 2007 que
1296 1963 1345 1998 boc
1364 1972 1515 2007 contenti,
1546 1974 1619 2010 quin
1642 1979 1762 2001 munera
1782 1981 1912 2013 quoque,
1940 1973 2040 2006 &illa
2049 1965 2113 2015 qui-

1214 2016 1282 2048 dem
1299 2017 1476 2058 immodica,
1501 2018 1521 2051 ἃ
1545 2015 1651 2063 misera
1667 2019 1811 2060 plebecula
1828 2028 1967 2065 exigant.
1999 2023 2040 2055 Et
2064 2033 2112 2056 re-

1214 2065 1284 2098 vera
1304 2067 1481 2111 indignum
1495 2092 1505 2107 ,
1531 2080 1567 2102 ac
1581 2069 1621 2102 ab
1633 2070 1724 2103 omni
1740 2070 1863 2112 justitia
1875 2071 2020 2104 alienum
2033 2072 2078 2105 est
2100 2096 2111 2111 ‚

1213 2126 1248 2149 ut
1263 2116 1413 2159 opulenti
1428 2117 1579 2161 Episcopi
1593 2120 1632 2153 ad
1644 2119 1871 2160 pontificalis,
1899 2122 1992 2162 quod
2006 2133 2060 2165 per
2074 2123 2112 2157 il-

1214 2165 1360 2206 losipsos
1376 2167 1500 2205 explcri
1513 2169 1597 2198 Sacri
1621 2169 1776 2202 Canones
1798 2170 1987 2212 rigidiffime*
2018 2184 2107 2207 man-

1213 2211 1292 2244 dant
1308 2235 1319 2250 ,
1345 2212 1446 2246 officii
1463 2212 1620 2246 alendum
1631 2212 1804 2250 Vicarium
1823 2229 1945 2262 cogant
1968 2232 2024 2254 aut
2044 2233 2109 2263 per-

1211 2259 1345 2293 mittant
1373 2261 1522 2294 miseram
1547 2262 1671 2303 plebem
1693 2265 1854 2299 similibus
1875 2270 2106 2305 exactionibus

1213 2308 1343 2342 vexari.
1373 2309 1453 2347 Non
1477 2310 1517 2343 ad
1541 2310 1678 2351 luxum,
1706 2313 1759 2346 sed
1772 2313 1812 2347 ad
1840 2316 1979 2352 laudatae
2004 2320 2105 2362 plebis

1211 2359 1365 2395 solatium
1378 2358 1738 2406 ChristianiPrincipes
1749 2374 1787 2398 ac
1799 2366 1856 2398 alii
1879 2369 1991 2403 fideles
2016 2372 2102 2414 Epis·

1210 2407 1377 2452 copalibus
1392 2409 1564 2445 Cathedris
1575 2411 1703 2447 divitias
1714 2413 1937 2451 donaverunt.
1953 2420 1995 2454 Et
2008 2432 2102 2455 num-

1210 2470 1306 2500 quam
1329 2459 1524 2498 crediderim
1548 2462 1756 2499 cardinalem
1771 2465 1963 2503 Albericum
1976 2471 2017 2504 ab
2040 2471 2100 2507 hac

1208 2508 1339 2554 Regula
1361 2509 1521 2546 deceffisse
1547 2538 1553 2544 .
1584 2513 1686 2548 Aliud
1712 2526 1779 2549 non
1803 2519 1871 2552 vult
1900 2543 1910 2558 ,
1937 2522 2033 2563 quam
2058 2522 2097 2556 ab

1206 2560 1312 2593 alieno
1335 2559 1374 2594 ad
1396 2563 1649 2598 consecrandam
1674 2566 1851 2602 Ecclesiam
1866 2570 2030 2616 Delegato
2057 2574 2097 2607 E·

258 2621 335 2652 pum
359 2608 399 2644 ad
418 2607 628 2651 abjurandam
660 2619 795 2642 omnem
820 2619 877 2651 pro
912 2609 1141 2643 consecrandis
1205 2610 1337 2653 piscopo
1354 2609 1759 2660 nihilundcquaquepoffe
1770 2619 1882 2664 exigi,
1910 2623 1967 2656 nist
1983 2623 2096 2658 mode-

1203 2671 1285 2694 ratas
1308 2664 1549 2704 procurationes
1563 2690 1570 2697 .

1251 2710 1376 2746 Eodem
1391 2713 1482 2747 sensu
1496 2716 1622 2758 accipio
1638 2717 1818 2752 Alexandri
1831 2721 1918 2755 tertii
1928 2722 2091 2762 ‚sexstans

261 2758 426 2799 dubitem,
453 2760 534 2803 quin
553 2760 641 2793 hunc
667 2759 839 2793 Canonem
861 2759 981 2794 Vilior·
998 2761 1077 2802 item
1098 2761 1140 2795 se·
1200 2760 1285 2804 apud
1311 2762 1509 2807 Gregorium
1521 2777 1645 2800 nonum
1659 2793 1668 2807 ‚
1699 2769 1902 2813 Rescriptum
1924 2772 1964 2805 ad
1994 2775 2087 2819 vggi·
2109 2754 2267 2793 L-5.tit.3.

258 2810 384 2844 cundus
407 2811 542 2844 ediderit
557 2811 592 2844 in
608 2811 660 2844 sua
673 2809 864 2844 Florentina
875 2809 1012 2852 Synodo
1025 2835 1032 2844 .

311 2858 433 2895 Verum
447 2861 540 2904 plena
552 2859 740 2895 obedientia
752 2871 821 2894 non
834 2860 878 2894 est
892 2859 1000 2895 statim
1013 2861 1135 2895 secuta.

259 2909 352 2944 Hinc
363 2911 448 2945 enim
459 2912 596 2954 loannes
609 2911 642 2944 δε
662 2910 875 2950 Benedictus,
903 2910 1068 2945 paschalis
1092 2913 1135 2945 se·

260 2959 359 2992 cundi
374 2971 426 3001 per
438 2961 579 2994 Galliam
591 2960 781 2996 cardinales
805 2959 946 3006 Legati}
973 2961 1006 2994 in
1033 2961 1135 3004 prima

261 3009 316 3041 sua
331 3009 516 3044 Pictavienfi
528 3011 665 3053 Synodo
687 3011 883 3045 statuerunt:
911 3011 1026 3044 Nullus
1047 3011 1135 3055 Epis-

260 3067 344 3099 copus
371 3067 426 3100 pro
447 3060 634 3102 Ecclefiarum
655 3060 899 3094 benedifflombus
925 3073 1031 3095 munus
1063 3069 1135 3096 acci-

257 3114 343 3150 piat.
375 3110 416 3142 Et
439 3110 577 3152 Joannes
597 3110 779 3144 Cardinalis
799 3112 839 3146 de
851 3112 988 3151 crema,
1014 3114 1135 3147 Hono·

262 3159 300 3191 rii
316 3158 446 3192 secundi
460 3171 514 3202 per
528 3159 683 3205 Angliam
695 3160 836 3205 Legatos
847 3186 856 3201 ‚
888 3162 922 3196 in
946 3161 1136 3197 Londinen-

261 3209 281 3240 fi
305 3207 460 3251 synodo:
487 3212 523 3240 In
543 3210 771 3243 dedicationibus
783 3210 979 3252 Ecclesi'arum
992 3224 1048 3245 non
1067 3222 1135 3255 cap·

256 3267 300 3300 pa
312 3283 322 3297 ,
349 3270 405 3291 non
415 3267 530 3300 tapetes
540 3284 550 3298 ‚
577 3270 632 3291 non
646 3268 848 3305 manutergia,
876 3272 932 3294 non
942 3261 1064 3295 baccilia
1075 3288 1085 3303 ,
1099 3266 1132 3297 &

261 3307 338 3340 nihil
349 3312 463 3342 omnino
469 3317 527 3351 per
539 3310 709 3342 violentiam
724 3309 779 3351 nist
788 3309 896 3353 sponte
917 3311 1047 3344 oblatum
1064 3313 1131 3354 fue-

259 3364 300 3390 rit
313 3383 322 3398 ‚
345 3360 463 3400 penitus
474 3364 625 3401 exigatur.
653 3358 754 3406 Qod
767 3360 870 3403 ipsum
882 3361 915 3394 in
928 3361 989 3394 alia
1008 3362 1130 3396 Londi-

187 3403 211 3421 ²·
258 3408 346 3443 nenfi
359 3408 443 3453 apud
456 3409 644 3445 Gervafium
664 3408 869 3445 Monachum
881 3411 1017 3455 Synodo
1042 3424 1129 3456 repe·

89 3122 160 3160 Cap.
187 3132 212 3157 4-

1199 2810 1332 2846 liensem
1357 2814 1555 2858 Episcopum
1569 2831 1579 2850 .·
1607 2816 1819 2861 Consultationi
1841 2829 1902 2854 tuae
1915 2824 2015 2857 taliter
2030 2825 2088 2868 res:

1194 2863 1355 2902 pandemus
1368 2887 1378 2902 ,
1406 2867 1482 2906 quod
1494 2866 1579 2899 ‚nihil
1593 2876 1651 2909 pro
1671 2869 1863 2909 Eccleli‘arum
1874 2872 2085 2916 consecratione
2111 2871 2181 2908 Cap·
2196 2882 2238 2903 10·

1193 2920 1275 2953 potes
1300 2917 1350 2947 vel
1375 2916 1463 2950 debes
1489 2940 1499 2955 ‚
1535 2927 1648 2959 praeter
1669 2927 1927 2963 procurationem,
1952 2931 2081 2968 exigere.

1198 2962 1361 3007 Loquitur
1382 2965 1423 2999 de
1444 2969 1572 3010 propria
1599 2968 1784 3014 Vigilienfis
1808 2972 1959 3007 Dioecefis
1974 2976 2084 3010 Eccle-

1195 3012 1257 3047 fia.
1285 3013 1414 3059 Nempe
1442 3027 1559 3061 pauper
1581 3019 1626 3052 est
1639 3019 1761 3060 hodie,
1785 3021 1911 3056 &runc
1934 3035 1999 3058 erat
2022 3025 2083 3059 Vi-

1194 3062 1343 3107 giliarum
1360 3065 1535 3110 Episcopus
1546 3094 1555 3108 ‚
1583 3069 1720 3112 ideoque
1732 3072 1973 3115 gaudebatjure
1986 3075 2082 3108 Hart-

1195 3113 1258 3147 vici
1285 3114 1463 3150 Bremenfis
1490 3117 1739 3163 Archiepiscopi
1766 3145 1775 3160 ,
1813 3122 1853 3156 dc
1890 3135 1955 3166 quo
1982 3125 2077 3159 rebus

1194 3164 1348 3199 omnibus
1374 3167 1557 3208 exspoliato
1580 3170 1689 3203 scribit
1710 3170 1742 3204 in
1758 3171 1948 3206 Sel-avorum
1972 3175 2077 3209 Chro-

1196 3214 1269 3247 nico
1291 3214 1459 3250 Arnoldus
1481 3217 1592 3252 Abbas
1617 3219 1835 3254 Lubecensis:
1863 3222 2024 3265 Epzfiopus
2035 3212 2074 3258 ex

1193 3262 1259 3302 his,
1290 3276 1353 3307 quae
1379 3267 1415 3298 de
1439 3267 1664 3302 Cathedraticis
1686 3271 1738 3303 vel
1759 3271 1952 3313 Ecclesiarum
1980 3274 2074 3317 conse-

1192 3316 1369 3348 crationibus
1391 3315 1522 3358 consequi
1540 3327 1680 3360 poterat,
1705 3319 1943 3363 sustentabatur.
1974 3323 2072 3357 Com·
2093 3327 2154 3358 Lib.
2172 3314 2207 3367 ff,

1194 3363 1373 3405 petentibus
1393 3366 1513 3408 opibus
1539 3368 1683 3403 instrud’ci
1708 3371 1862 3415 Episcopi
1882 3373 2070 3416 obligantur
2090 3377 2154 3407 αἱΡ·
2176 3382 2223 3402 21·

1190 3413 1328 3448 :emulari
1364 3415 1619 3453 Theudoricum
1639 3450 1641 3453 ,
1663 3419 1885 3456 Lubecensem
1935 3423 2075 3463 Episco-v

1918 3482 2013 3514 pum,
