2366 3756
88 818 221 850 L.1.Tir.

85 862 144 888 ac.
158 870 184 893 7.

332 167 401 211 96
461 156 1324 201 Nlcotul'sucu'ixsnl

268 252 356 283 quem
378 240 536 283 spir-aban
563 239 734 273 nullatenus
757 241 896 272 accedat.
924 239 1018 281 ‚Quod
1030 236 1060 280 fi
1070 246 1153 281 prae-

265 290 445 335 sumpserit,
474 296 754 323 excommunicetur.
784 288 1152 330 EjusmodiMonacha-

269 341 394 374 tionem
405 340 467 373 effe
478 340 697 374 Simoniacam
714 362 724 377 ,
749 337 794 371 est
808 337 852 372 ibi
867 338 1030 372 ostensum
1043 362 1051 371 .
1078 340 1153 374 Ho-

269 391 319 423 sce
340 389 440 433 igitur
456 390 611 423 Canones
636 387 691 422 hic
705 389 841 422 innovat
865 387 1031 423 Nicolaus
1045 390 1153 423 secun-

1398 155 1959 200 Pourimcirs

1219 240 1259 274 ad
1283 239 1434 273 Ecclesxae
1459 239 1520 272 suae
1538 236 1683 271 elericos
1708 237 1940 273 &Monachos
1967 240 2101 276 Sanane

1220 289 1416 334 Agobardus
1440 286 1714 332 Archiepiscopus
1741 288 1968 331 Lugdunensis
1993 302 2001 322 t
2026 295 2101 324 Non

1214 338 1268 382 solt·
1292 342 1427 373 Haeretici
1448 340 1623 372 adulterant
1637 338 1764 371 Verbum
1780 341 1836 370 Dei
1852 361 1862 376 ,
1887 338 2032 383 miscendo
2033 341 2102 382 fal-

1217 391 1310 422 lacius
1329 389 1400 432 suas
1414 413 1425 429 ,
1447 387 1506 431 fied
1525 390 1668 422 &omnes
1695 396 1747 430 qut
1754 397 1810 430 per
1829 386 1951 430 sacrum
1973 390 2100 430 mlm'fle·

268 440 351 479 dus‚²
377 450 414 473 ac-
427 439 491 481 ejus
507 438 664 472 successor
677 437 864 472 Alexander
875 439 1032 473 secundus
1042 438 1153 474 denuo
1219 447 1296 473 rium
1322 442 1367 472 ad
1388 439 1508 472 honores
1537 440 1570 472 (ν
1594 441 1724 472 divitias
1747 439 1924 479 temporales
1941 445 2103 480 pervenire

268 489 493 522 confirmavit.
523 488 566 522 Et
588 486 667 522 hinc
689 487 840 522 adversus
853 489 1020 524 Abbatem
1046 490 1154 524 Lexo-

268 540 409 571 viensem
433 562 443 578 ‚
471 538 526 581 qui
549 537 635 581 prius
656 538 759 573 fuerat
781 539 900 573 electus
928 540 1027 584 quam
1051 541 1152 575 fastus

265 587 453 622 Monachus
471 612 481 627 ‚
508 588 594 631 apud
620 588 817 633 Gregorium
845 600 972 624 nonum
997 590 1079 624 reste
1108 602 1154 624 re-

264 639 384 682 scripsit
396 638 612 672 Innocentius
626 641 748 674 tertius:
763 644 830 673 Nos
844 643 1034 674 attendentes
1047 665 1058 681 ,
1072 643 1155 683 qued

263 698 366 722 contra
377 690 540 732 Regulares
551 690 730 723 traditiones
744 691 824 723 illud
827 690 929 733 fuerit
942 699 1127 725 attentatum
1141 717 1151 733 ‚

262 740 327 771 cum
340 740 437 771 nullus
445 737 531 780 spem
540 749 595 773 aut
603 741 817 782 promtffionem
837 740 950 775 babens
960 767 970 783 ,
998 751 1032 774 ut
1047 742 1148 774 abbas

260 789 341 831 fiat,
368 788 472 823 debeat
491 789 687 831 monachari,
713 790 886 825 clemonem
911 793 949 825 de
962 789 1022 833 ipso
1028 791 1150 832 fac‘lam

263 843 437 872 curavimus
453 844 573 875 irritare
587 865 594 873 .
623 841 752 876 Elestio
763 841 853 876 enim
873 841 919 876 est
933 840 1085 875 Abbatiae
1095 842 1151 875 ad·

264 888 364 924 dictio
376 914 387 931 ,
413 890 555 932 ideoque
576 902 646 926 non
669 892 803 926 caditin
816 892 954 926 Laicum
978 902 1034 926 aut
1046 892 1148 926 Cleri·

260 950 355 973 cum:
386 939 429 974 Et
441 940 512 984 ejus
531 942 626 976 causa
641 942 791 976 attonsus
811 952 976 986 permanet
988 942 1028 976 ad
1041 942 1150 987 digni·

260 997 362 1024 tatem
389 991 589 1036 irregularis.
617 991 710 1027 Hinc
733 993 814 1027 item
836 993 957 1029 deuon
973 992 1146 1027 Monacho

257 1040 374 1074 factam
396 1041 652 1084 postulationem
666 1054 735 1077 non
748 1044 838 1087 poffe
853 1055 909 1088 per
926 1043 1124 1087 Episcopum
1138 1068 1147 1083 ‚

258 1089 312 1123 sed
333 1102 387 1133 per
400 1092 508 1126 solum
521 1092 721 1128 Pontificem
733 1092 864 1128 admitti
890 1093 925 1127 ὅ(
936 1094 1145 1134 confirmari,

255 1140 336 1174 reste
349 1142 501 1185 rescripfit
526 1142 717 1178 Caelessinus
726 1145 840 1178 tertius
853 1159 863 1178 .·
891 1143 973 1177 Haec
992 1144 1082 1178 enirn
1095 1141 1145 1178 ad—

256 1190 369 1224 miffio
392 1192 439 1225 est
461 1193 651 1227 universalis
673 1193 822 1229 Canonis
846 1193 1063 1238 dispensatio,
1094 1205 1148 1237 pa—

255 1239 320 1274 lam
335 1242 481 1285 spestans
504 1244 662 1286 privative
685 1245 727 1279 ad
752 1244 891 1288 Papam.
927 1244 1040 1278 Etiam
1052 1244 1146 1277 novi-

255 1291 339 1324 tium
365 1304 433 1325 non
447 1294 535 1336 poss'e
548 1295 627 1338 eligi
651 1294 766 1328 intulit
779 1307 819 1329 ex
831 1294 948 1329 eodem
962 1294 1055 1327 fonte
1067 1294 1146 1327 Gre-

254 1341 366 1382 gorius
382 1354 507 1376 nonus.
536 1344 580 1376 Et
595 1343 665 1385 jure
686 1343 828 1377 merito:
857 1344 946 1376 Nam
958 1340 1144 1376 Monachiss

254 1400 326 1423 mus
337 1401 378 1422 ex
388 1391 471 1424 dista
483 1392 538 1433 spo
559 1393 635 1424 cum
649 1402 716 1425 non
731 1391 825 1434 poffit
849 1391 950 1434 incipi
963 1402 1019 1434 per
1029 1392 1142 1425 assum-

254 1441 402 1483 ptionem
432 1439 564 1474 habitus
587 1465 598 1480 ,
635 1442 807 1485 quomodo
830 1452 886 1484 per
910 1440 1142 1484 profeffionem

198 1490 215 1508 '³⁴
254 1489 516 1533 poffitcompleri
530 1490 546 1520 ,ἕ
573 1489 776 1534 Eligendum
792 1490 907 1524 debere
930 1492 994 1523 effe
1017 1492 1146 1532 expres-

139 1540 215 1589 '‘·L
253 1540 286 1574 se
314 1540 486 1583 professum
515 1539 710 1573 Bonifacius
736 1541 867 1573 ostavus
893 1561 903 1577 ‚

936 1538 1053 1572 debere
1078 1540 1142 1573 esse

255 1591 290 1624 in
326 1590 445 1624 eodem
473 1589 590 1624 ordine
618 1589 796 1632 professum
823 1586 951 1623 addidit
989 1588 1144 1623 Clemens

255 1639 398 1683 quintus.
426 1640 695 1675 Mendicantium
706 1640 873 1675 Ordinum
884 1639 1012 1673 Fratres
1024 1639 1058 1672 in
1075 1639 1144 1672 Ab·

255 1691 346 1724 bates
360 1701 427 1723 non
439 1689 546 1724 solum
561 1690 664 1733 eligi,
688 1689 742 1723 sed
765 1691 800 1723 &
817 1689 972 1732 postulari
993 1689 1095 1722 vetuit
1108 1688 1142 1721 in

211 1766 213 1768 >
257 1742 503 1785 Extravagante
530 1740 700 1774 communi
731 1739 873 1786 Joannes
900 1738 1074 1787 vigesimus
1102 1739 1144 1770 se·

254 1790 402 1825 cundus.

305 1840 416 1883 Hujus
429 1839 678 1874 constitutionis
702 1840 862 1874 rationem
875 1838 975 1873 edicit
989 1837 1144 1882 Synodus

257 1893 388 1925 estava:
419 1895 523 1933 Neque
533 1897 610 1925 enim
616 1899 740 1933 propter
751 1890 930 1934 Religionem
951 1891 1004 1923 vel
1014 1899 1142 1922 amorem

258 1945 317 1974 Dei
340 1965 351 1981 ‚
377 1950 429 1974 aut
445 1948 570 1983 propter
593 1938 836 1984 exspeHationem
860 1938 1035 1983 transeundi
1059 1943 1144 1971 viam

259 1997 408 2025 virtutum
431 2017 441 2032 ,
463 1990 521 2034 sed
544 1991 578 2025 ob
605 2003 734 2025 amorem
753 1993 861 2035 gloriae
888 2003 922 2023 ac
949 1994 1143 2031 Principatus

259 2040 359 2086 tonsus
387 2040 554 2088 hujusmodi
579 2048 723 2087 reperitur
756 2067 762 2073 .
790 2041 939 2088 Exponit
966 2041 1003 2078 in
1029 2039 1144 2075 litteris

493 2250 988 2371 CAN

1198 1688 1459 1732 appellabantur
1482 1693 1701 1723 Renuntiantes
1721 1716 1729 1723 .

1210 490 1360 532 festinant
1373 514 1380 521 .
1407 493 1436 522 E
1441 490 1616 522 tiam&illi
1630 514 1640 529 ,
1668 495 1717 531 qui
1728 491 1772 521 ad
1781 488 1903 522 honores
1926 490 2102 523 &divitias

1213 539 1370 584 sublimari
1392 551 1450 573 non
1468 540 1584 583 possunt
1606 564 1616 581 ,
1644 540 1677 572 &²
1691 539 1805 572 vidum
1826 547 1880 572 aut
1904 547 2103 583 tegumentum
2154 582 2155 585 ,

1217 592 1422 633 quotidianum
1444 602 1483 623 ex
1511 588 1597 633 sacro
1618 589 1774 629 ministerio
1807 589 1933 633 adipisci
1961 595 2103 632 cuplunt.

1219 644 1303 684 ‚Quia
1316 651 1372 673 non
1384 642 1449 675 ide«)
1469 638 1607 683 sumptus
1634 646 1783 682 accipiunt
1793 650 1827 672 ut
1833 641 2002 681 praedicent
2013 665 2024 681 ,
2046 639 2106 684 sed
2119 657 2253 697 §pithu-

1213 691 1387 733 praedicant
1398 701 1432 723 ut
1445 695 1592 732 accipiant
1605 703 1615 723 .·
1642 695 1709 724 Nec
1722 691 1882 732 loquuntur
1907 689 2105 732 exfincerita-

1217 751 1245 774 te
1260 741 1331 784 ficut
1342 752 1379 774 ex
1394 744 1456 775 Deo
1467 752 1564 774 coram
1576 742 1637 774 Deo
1649 765 1659 780 ‚
1682 740 1738 784 sed
1753 741 1914 774 ambulant
1925 745 1958 772 in
1970 740 2078 781 astutia
2086 753 2105 782 ;⁴

1216 802 1267 825 nec
1289 791 1433 825 abdicant
1456 791 1565 824 occulta
1587 793 1760 831 dedecoris,
1781 791 1842 834 sed
1861 790 2079 832 amplecvuntur
2093 814 2103 823 .

1215 846 1321 875 Omnls
1333 844 1400 886 erge
1410 848 1656 885 quipraeponitur
1668 846 1783 875 caeteris
1791 867 1801 882 ‚
1823 841 1890 883 five
1901 841 2030 874 Clericus
2036 839 2104 882 five

1214 892 1374 926 Monachus
1388 917 1399 932 ,
1418 892 1449 933 fi
1458 894 1509 926 ite?
1524 892 1647 926 videtur
1660 893 1818 926 benevolus
1829 915 1839 931 ,
1864 892 1898 925 (τ
1908 889 2079 934 mansuetus
2090 916 2104 933 ,

1212 951 1302 985 atque
1313 942 1446 983 affabilis
1458 968 1468 983 ,
1493 950 1527 975 ut
1534 941 1722 986 subditorum
1750 944 1840 977 corda
1861 940 1947 984 infin·
1970 952 2101 975 amorem

1213 994 1247 1026 (9⁶
1256 999 1411 1035 propriam
1425 993 1544 1027 laudem
1564 1002 1724 1027 convertat
1735 1018 1745 1033 ‚
1772 994 1887 1026 adulter
1898 991 1936 1031 est
1949 1016 1959 1032 ‚
1987 994 2021 1026 (5
2031 996 2106 1036 regi·

1212 1054 1279 1076 men
1302 1048 1475 1076 animarum
1496 1042 1641 1087 ficftipere
1666 1056 1829 1086 numquam
1853 1043 1959 1076 debet.
1988 1042 2104 1090 Qem

1215 1095 1278 1128 esse
1289 1093 1496 1128 constantem
1505 1095 1657 1127 omnium
1670 1093 1804 1128 Parrum
1819 1118 1829 1134 ,
1857 1093 1962 1127 immo
1978 1092 2012 1126 δε
2023 1091 2106 1126 luci-

1213 1143 1294 1177 dum
1306 1144 1401 1186 ipsius
1415 1142 1570 1185 Apostoli
1587 1155 1625 1177 ac
1639 1144 1811 1190 Evangelii
1825 1145 1951 1179 sensum
1970 1167 1981 1183 ,
2008 1141 2104 1186 poffit

1212 1192 1308 1227 facile
1326 1192 1559 1227 demonstrari.
1587 1193 1631 1229 Et
1645 1196 1773 1238 potiori
1794 1195 1861 1239 jure
1873 1195 1906 1228 id
1931 1204 2045 1227 verum
2055 1191 2103 1226 est

1212 1243 1246 1277 in
1268 1243 1501 1278 Monachismo
1522 1268 1528 1276 .
1563 1243 1814 1279 Monachismus
1834 1246 1879 1278 est
1909 1253 2103 1286 perpetuum

1213 1294 1246 1326 in
1259 1294 1351 1328 Cella
1362 1319 1373 1335 ‚
1401 1294 1488 1337 quasi
1502 1294 1536 1328 iu
1549 1292 1740 1337 sepulchro,
1767 1294 1808 1328 ab
1823 1293 1916 1327 omni
1929 1291 2104 1326 mundano

1212 1343 1346 1386 strepitu
1368 1344 1554 1381 silentium,
1579 1354 1754 1386 perpetuus
1778 1344 1865 1387 apud
1889 1343 2000 1376 Deum
2014 1341 2105 1386 plan*

1212 1393 1280 1424 etus
1301 1391 1563 1434 &poenitentia,
1594 1393 1763 1434 profundae
1781 1393 1974 1426 humilitatis
1996 1403 2034 1425 ac
2054 1402 2106 1426 ac*

1212 1441 1376 1485 quirendae
1387 1452 1466 1475 omn
1474 1441 1500 1474 is
1511 1441 1645 1476 virtutis
1671 1442 1705 1475 &
1715 1442 1921 1485 perfeetionis
1931 1439 2082 1485 profeffio
2092 1463 2106 1481 ,
2159 1454 2164 1463 =

1211 1499 1367 1531 tantaque
1388 1491 1520 1532 ejeratio
1545 1493 1665 1523 cunetae
1683 1492 1783 1525 etiam
1808 1491 2035 1525 Ecclefiasticae
2056 1490 2105 1524 di-

1210 1538 1347 1582 gnitatis
1366 1562 1379 1579 ,
1406 1549 1441 1573 ut
1455 1539 1505 1572 vel
1529 1539 1630 1572 solius
1642 1538 1823 1574 Clericatus
1844 1539 2038 1574 defiderium
2060 1539 2103 1573 ab

1211 1589 1356 1632 antiquis
1377 1589 1490 1631 passim
1514 1588 1644 1622 dicatur
1670 1591 1733 1624 effe
1756 1601 1921 1625 venenum
1951 1590 1985 1624 &
2006 1589 2103 1633 pestis

1211 1637 1472 1673 Monachorum.
1501 1638 1625 1673 Eadem
1651 1640 1692 1673 de
1715 1642 1808 1675 causa
1829 1641 1912 1675 olim
1937 1637 2103 1673 Monachi

1764 1691 1929 1738 Quocirca
1954 1689 2103 1734 quisquis

1210 1748 1251 1771 ex
1267 1736 1454 1772 Abbatialis
1476 1737 1649 1782 dignitatis
1670 1742 1883 1783 promiffione
1906 1740 1959 1774 vel
1980 1741 2034 1783 spe
2055 1750 2106 1773 re-

1210 1787 1367 1827 nuntiat,
1394 1788 1463 1822 sola
1491 1799 1574 1824 voce
1595 1791 1786 1830 renuntiat,
1814 1802 1884 1824 non
1908 1787 2028 1828 corde,
2054 1787 2102 1822 est

1210 1837 1352 1871 mendax
1375 1848 1413 1872 ac
1436 1838 1568 1874 dolosus
1586 1837 1725 1881 histrio,
1753 1840 1789 1873 &
1812 1842 1871 1874 suae
1898 1837 2103 1882 profeffionis

1210 1887 1401 1923 manifestus
1425 1889 1552 1924 adulter
1574 1913 1583 1923 .
1611 1889 1669 1924 Est
1691 1889 1806 1924 fimilis
1826 1889 2000 1926 Consulari
2022 1887 2102 1922 Pra-

1210 1946 1339 1972 textato
1364 1963 1376 1978 ‚
1402 1940 1488 1983 apud
1516 1942 1672 1977 Sanetum
1694 1940 1875 1974 Damasum
1902 1938 2102 1973 Pontificem

1209 1987 1309 2031 jocari
1322 1990 1480 2022 consueto
1495 2001 1501 2020 :
1530 1993 1635 2022 Facite
1657 2001 1703 2024 me
1715 1994 1884 2026 Romanum
1898 1987 2077 2033 Episcopum
2089 2010 2103 2029 ,

1210 2040 1244 2074 (05
1253 2043 1394 2083 protinus
1404 2038 1480 2080 fiam
1490 2038 1681 2081 christianus
1693 2066 1700 2075 .

1105 2253 1199 2375 Ο
1313 2192 1533 2374 Ν
1588 2248 1871 2360 V111·
1915 2349 1923 2367 ‚

266 2440 475 2580 NEC
510 2436 668 2504 aliquis
707 2433 945 2505 Presbyter
978 2433 1084 2484 duas
1123 2400 1335 2483 Ecelefias
1372 2430 1495 2480 simul
1531 2403 1755 2505 obtineat.

456 2643 952 2686 Sen0L1oN.

1207 2591 1284 2636 fiam
1295 2617 1302 2625 .
1323 2596 1427 2635 ltaque
1447 2590 1547 2623 nullus
1561 2589 1717 2627 Presbyter
1724 2590 1828 2630 plures
1836 2586 2004 2631 praesumat
2014 2587 2102 2624 baba

1213 2656 1266 2678 re.
1296 2642 1341 2676 Et
1364 2643 1398 2675 in
1423 2640 1537 2674 litteris
1563 2639 1604 2675 ad
1629 2638 1816 2673 Robertum
1840 2638 2103 2676 Pontiniacenfis
2117 2642 2196 2673 (λε.

1214 2691 1411 2728 Monasterii
1422 2689 1572 2724 Priorem
1595 2689 1777 2733 Stephanus
1789 2687 2008 2723 Tornacenfis
2024 2690 2105 2733 Epi-

382 2750 474 2793 Ujus
497 2746 649 2783 Canonis
669 2747 835 2782 rationem
855 2744 959 2780 edicit
972 2744 1006 2778 in
1021 2745 1076 2780 sua
1090 2744 1155 2779 Ca·
1215 2745 1330 2787 scopus
1342 2756 1353 2776 .·
1380 2740 1571 2776 Parocbiales
1585 2738 2015 2783 Presbyterisacramentaliter
2036 2741 2105 2774 allt-

406 2800 604 2833 nonicorum
617 2798 748 2842 Regula.
761 2798 896 2831 Sanstus
909 2795 1153 2840 Crodogangus
1194 2831 1195 2834 Ἴ
1210 2792 1358 2840 gausum
1383 2790 1519 2833 Ecclefir's
1540 2802 1615 2834 quas
1636 2799 1741 2834 regunt
1754 2814 1765 2830 ‚
1791 2798 1949 2833 tamquam
1959 2789 2102 2825 uxoribus

272 2852 456 2895 Episcopus
466 2848 647 2882 Metenfis:
676 2845 829 2884 Presbyter
848 2858 906 2880 non
919 2847 1048 2888 amplius
1063 2848 1158 2887 quam
1213 2848 1367 2892 propriis:
1392 2842 1451 2876 Est
1473 2840 1615 2876 omnino
1638 2841 1826 2875 institutum
1840 2839 2074 2884 Apostolicum
2087 2864 2101 2882 ‚
2117 2831 2202 2873 ¹3Pist·
2225 2842 2251 2864 ¹·

273 2912 367 2936 unam
378 2897 535 2940 Ecclefiam
558 2897 668 2931 habeat
679 2920 689 2938 ‚
709 2896 784 2938 ficut
812 2898 847 2931 Θ
858 2902 908 2930 vir
917 2907 1008 2929 unam
1019 2907 1139 2929 uxorem
1150 2921 1157 2928 .

1218 2894 1273 2930 sed
1293 2893 1388 2928 omni
1414 2891 1480 2928 fer&
1505 2891 1621 2926 saectiio
1647 2889 1665 2923 ὲ
1690 2890 1895 2925 Clericorum
1920 2890 2102 2934 cupiditate

275 2952 320 2986 Et
341 2949 495 2994 synodus
516 2947 748 2983 Namnetenfis
776 2959 784 2979 ε
809 2949 889 2981 sicut
910 2945 1078 2990 Episcopus
1104 2957 1161 2980 non
1220 2943 1403 2985 violatum,
1429 2942 1572 2988 ideoque
1592 2952 1646 2987 per
1667 2940 1822 2985 synodos
1845 2940 2102 2986 frequentiffime

273 3003 341 3045 plus
357 2999 449 3043 potest
472 2997 602 3039 babere,
630 3000 722 3041 quum
746 3009 838 3033 unam
848 3002 1039 3036 civitatem,
1064 2997 1162 3031 &vir
1219 3003 1398 3042 reparatum
1416 3018 1424 3027 .

276 3063 367 3088 unam
391 3060 508 3086 uxorem
529 3074 540 3091 ,
565 3051 609 3084 ita
629 3048 781 3088 Presbyter
806 3059 899 3084 unam
923 3048 1044 3083 tantum
1066 3048 1162 3082 Eccle-

277 3118 305 3151 ἴς.
338 3124 376 3153 ’5)

804 3156 1580 3297 uuuuuuuuuu

803 3293 1582 3413 ueuuueuuue
1726 3362 1738 3372 η

1880 3468 2057 3532 εΑΝοΝ
