2366 3756
406 139 502 182 300

718 118 760 161 S.
799 117 1123 161 GREGoRn
1162 132 1397 164 SEPTIMI
1434 119 1801 167 Pois-sirmis

327 202 373 244 'ca
398 207 587 242 transmutat
617 203 653 237 in
677 202 944 238 Aristocraticam
967 228 978 245 ‚
1005 205 1154 248 secatque
1181 205 1215 239 in
1278 219 1343 240 cum
1354 213 1432 240 omni
1447 207 1602 250 diligentia
1613 207 1734 251 causam
1745 212 1947 250 expenderent
1966 234 1977 250 ,
2001 213 2033 245 (ἓν
2054 213 2098 246 illi
2109 218 2162 254 qui

333 268 388 293 ωι-
414 259 556 298 suprema
585 255 690 297 capita
714 279 724 294 ,
762 266 843 298 quot
871 255 944 288 sunt
971 255 1216 298 Metropolitae.

333 307 469 343 Etenim
491 305 635 348 judicare
659 317 713 348 per
727 305 913 344 Aroestum,
937 305 969 339 &
990 305 1008 338 ὲ
1028 305 1121 340 nullo
1133 306 1218 349 supe·

332 357 412 392 1i0ri
427 355 532 398 judice
546 356 660 389 timere
681 356 727 388 sui
751 355 863 398 judicii
879 356 1122 391 concuffionem
1136 379 1147 396 ,
1172 358 1216 391 est

334 405 463 440 lucidus
475 404 635 440 char-aster
647 407 800 449 suprcmae
827 407 1012 450 potestatis.
1041 407 1141 440 Hanc
1156 405 1219 440 Eu-

335 456 467 491 sebiana
491 455 587 490 factio
611 456 774 500 adscripsit
788 457 864 490 solis
886 456 989 490 tribus
999 455 1216 490 Patriatchis:

338 507 516 541 Michaelis
529 506 686 543 Cerularii
698 507 832 540 schisma
851 506 977 541 addidit
990 506 1220 550 Archiepisco?

337 568 398 601 pos
427 557 645 602 Bulgarorum
670 582 681 598 ‚
707 556 934 590 Triballorum
956 582 967 597 ,
996 557 1218 601 Cypriorum,

338 607 525 650 Iberorum.
555 608 596 641 Et
609 606 728 640 exinde
743 607 888 641 Ecclefiae
898 609 1060 642 unitatem
1075 606 1219 647 lacerari,

335 658 430 702 supra
458 657 554 691 nobis
565 656 797 691 demonstravit
824 658 1012 692 Barlaamus
1039 659 1219 702 Episcopus

336 708 533 750 Gyracenfis
546 733 556 749 ‚
584 709 637 742 seu
652 708 820 742 Locrensis
832 731 839 739 .
867 707 965 742 Certe
976 709 1081 752 pergit
1104 707 1150 740 D.
1162 706 1220 740 Pe-

334 767 404 792 trus
417 758 457 791 de
480 758 613 791 Marca:
642 761 783 799 Suprema
803 759 855 791 illa
880 760 1072 792 conciliorum
1094 760 1221 791 Provin-

333 810 456 841 cialium
469 808 632 841 auc‘ioritas
655 820 711 842 non
727 809 910 850 impediebat
934 814 1219 842 communicationem

334 857 552 901 Episcoporum
566 857 755 901 diversarum
767 861 995 892 provinciarum
1006 883 1017 899 ,
1043 865 1093 901 qui
1108 857 1142 900 si.-
1155 870 1222 892 mu·

332 911 386 942 tuo
402 910 560 950 juvabant
583 910 747 942 adversam
767 908 857 948 hostes
869 908 1000 951 Ecclefiae
1018 913 1162 942 Romame
1187 914 1220 941 in

334 960 529 994 decernendis
539 970 604 992 cum
615 958 724 1001 confilio
742 959 872 992 aliarum
892 961 1068 998 synodorum
1091 961 1220 992 Provin-

332 1011 453 1042 cialium
478 1011 620 1044 remediis
645 1009 808 1043 adveniam
828 1007 996 1053 schismata
1021 1007 1217 1052 &bair-eser.¹

331 1058 458 1092 Lucide
470 1060 640 1102 profitetur
650 1058 853 1105 omnesistas
870 1060 1022 1102 synodus
1041 1060 1103 1093 effe
1115 1060 1219 1102 supre-

329 1120 393 1143 mae
415 1109 638 1148 auctoritatis,
664 1110 869 1143 &Romanae
891 1109 1038 1143 Ecclesia»,
1059 1108 1144 1142 nihil
1164 1109 1218 1143 ad·

328 1158 443 1193 scribit
469 1159 657 1204 singulare,
681 1158 739 1192 nisi
762 1158 882 1202 primas
907 1169 1011 1203 partes
1037 1159 1073 1200 in
1091 1157 1216 1201 Aristo-

332 1219 434 1243 cratra
448 1234 456 1242 .
714 1231 716 1233 -

381 1260 426 1293 Et
449 1258 542 1293 istam
564 1260 744 1301 supremam
769 1266 868 1302 atque
889 1257 1154 1302 inappellabilem
1165 1269 1218 1292 au·

325 1307 645 1355 &oritatemUfirmari
656 1307 818 1341 adseverat
830 1309 930 1342 etiam
943 1309 960 1340 a
973 1307 1130 1342 Concilio
1157 1308 1217 1341 Ni·

325 1369 443 1392 caeno:
470 1357 544 1390 Nec
565 1358 696 1391 tantum
711 1357 821 1400 quoad
842 1358 1034 1392 inferiorem
1058 1357 1216 1398 Clerum,

323 1408 380 1442 sed
406 1407 506 1441 etiam
534 1405 644 1451 quoad
666 1396 847 1450 Episccfpos
872 1432 878 1439 .
905 1406 1032 1443 Laudat
1059 1410 1213 1452 quintum

324 1456 502 1492 Nicaenum
518 1456 715 1496 Canonem,
744 1458 801 1499 qui
827 1457 1000 1492 damnatos
1020 1458 1038 1491 a
1066 1460 1125 1492 suo
1139 1458 1215 1502 Epi-

324 1510 425 1551 scopo
437 1507 587 1542 Clericos
611 1517 668 1539 aut
684 1506 806 1543 Laicos
818 1508 977 1549 permittit
989 1508 1150 1550 appellare
1172 1507 1212 1541 ad

322 1558 509 1592 Provinciae
533 1554 704 1599 Synodum
729 1580 740 1596 ‚
766 1555 833 1598 ejus
856 1558 1110 1590 retrastatorium
1133 1555 1212 1597 judi-

323 1609 413 1643 cium
426 1609 534 1641 firmat
547 1631 558 1646 ‚
586 1617 646 1640 nec
658 1604 812 1639 meminit
823 1606 986 1641 ulterioris
1007 1607 1210 1649 provocatio-

322 1660 376 1693 nis
392 1683 399 1690 .
427 1657 587 1690 Eruditus
614 1656 662 1688 vir
690 1655 809 1688 labitur
836 1656 870 1688 in
897 1656 1023 1689 varium
1049 1666 1208 1689 errorem.

322 1705 575 1750 supergreditur
595 1714 736 1738 errorem
763 1703 1002 1739 Eusebianum.
1029 1704 1099 1737 Hic
1118 1705 1209 1738 enim

323 1769 395 1793 non
412 1756 542 1800 quasvis
558 1753 780 1788 provinciales
792 1778 802 1794 ,
829 1754 883 1788 sed
905 1755 987 1789 solas
1013 1754 1216 1789 patriarcha-

322 1809 389 1847 les,
414 1818 471 1841 aut
494 1807 572 1840 alias
593 1803 826 1848 autocephalas
851 1805 1005 1848 Synodos
1031 1805 1136 1840 voluit
1148 1805 1211 1839 esse

322 1861 487 1902 supremas
511 1865 608 1900 atque
622 1854 885 1899 inappellabiles.
913 1855 1049 1889 Labitur
1073 1856 1106 1889 in
1127 1866 1212 1889 erro-

321 1920 390 1943 rem
405 1907 570 1943 Africanae
580 1905 707 1950 synodi
721 1931 732 1947 ,
759 1905 800 1940 de
817 1906 970 1940 Romana
991 1905 1211 1948 appellatione

322 1959 531 2003 disceptantis
541 1968 616 1991 cum
630 1956 850 1990 Pontificibus
870 1978 881 1993 ‚
907 1951 1080 1997 Zozymo,
1109 1953 1210 1987 Boni-

322 2011 410 2043 facio
421 2034 431 2049 ,
459 2007 637 2041 Caelestino
647 2029 655 2037 .
685 2005 822 2038 Etenim
835 2016 903 2048 quae
913 2005 1011 2046 usque
1023 2003 1088 2037 huc
1103 2002 1210 2037 adver-

321 2059 396 2094 sum
410 2058 493 2092 solas
515 2055 677 2090 inferioris
691 2054 779 2088 Cleri
807 2054 1046 2096 appellationes
1057 2053 1211 2095 discepta-

320 2101 372 2144 rat
385 2120 405 2150 ,·
423 2108 571 2151 ipsasque
581 2106 599 2138 ὲ
611 2105 730 2146 quinto
742 2103 882 2136 Nicaeno
905 2103 1046 2138 Canone
1068 2102 1215 2150 reproba->

321 2159 351 2194 ri
368 2158 553 2194 adfirmarat
566 2178 576 2194 ‚
603 2153 735 2186 tandem
749 2152 784 2186 in
805 2151 924 2186 litteris
946 2153 986 2188 ad
1001 2149 1210 2188 Caelestinum'

321 2208 524 2244 Pontificem
535 2203 687 2246 erupitin
701 2201 756 2236 has
775 2214 892 2237 voces:
922 2202 992 2245 Etsi
1013 2205 1049 2237 de
1070 2203 1214 2244 inftrior-i-

320 2259 376 2293 bus
403 2259 529 2291 clericis
556 2255 608 2287 vel
627 2255 709 2286 iaici:
732 2255 875 2286 videatur
887 2259 919 2286 in
933 2257 1061 2286 Nicaeno
1084 2255 1214 2288 Concilio

319 2312 489 2353 praecaveri
512 2331 522 2346 ,
547 2306 657 2346 quanto
683 2308 779 2346 magis·
803 2302 855 2335 hoc
879 2304 916 2336 de
938 2301 1094 2346 Episcopis
1116 2304 1212 2336 voluit

323 2358 495 2402 observari,
522 2367 557 2388 ne
569 2361 602 2387 in
611 2352 668 2397 sua
682 2355 845 2386 Provincia
856 2350 1053 2390 communione
1059 2351 1207 2396 suspenfi,

325 2412 346 2443 ἃ
373 2407 425 2443 tua
453 2405 617 2440 sanc‘iitate
643 2405 694 2437 vel
705 2402 847 2445 festinato
875 2405 924 2437 vel
946 2406 1135 2446 praeproperd
1161 2410 1211 2438 vie

326 2462 456 2493 deantur
481 2460 673 2491 communioni
695 2455 823 2492 restitui.
852 2454 1017 2488 Adfirmat
1036 2449 1217 2489 Nicaenum·

328 2510 501 2544 Canonem
514 2531 524 2547 ,
551 2505 629 2540 licet
642 2501 692 2539 de¹
709 2505 785 2539 solis
797 2504 916 2540 statuat
931 2505 1070 2540 Clericis
1095 2517 1132 2540 ac
1152 2506 1211 2539 lai-

327 2561 375 2594 cis
385 2585 395 2600 ,
421 2559 462 2592 ad
476 2557 657 2599 Episcopos
670 2553 714 2590 ob
725 2557 862 2590 rationis
875 2555 1045 2598 paritatem
1069 2557 1132 2591 esse
1142 2552 1211 2590 om-

325 2609 413 2644 nino*
434 2606 678 2642 extendendum
691 2633 698 2638 .
732 2607 775 2640 Et
788 2606 920 2648 quidem
939 2605 1026 2650 quod
1039 2606 1157 2640 Canon
1169 2606 1211 2640 de

328 2658 406 2695 solis
417 2658 555 2693 Clericis
581 2657 721 2691 &laicis
742 2657 860 2690 statuat
875 2681 885 2696 ,
912 2656 957 2689 est
979 2657 1185 2693 manifestum
1199 2680 1207 2688 .

331 2710 455 2744 Statuit
477 2708 568 2743 enim
590 2708 631 2741 de
651 2706 728 2741 solis
748 2707 836 2741 asuo
848 2706 1012 2750 Episcopo
1024 2705 1210 2741 damnatisx

330 2762 376 2796 Et
404 2759 513 2792 nullus
536 2768 681 2802 unquam
703 2758 883 2800 Episcopus
909 2757 1133 2800 Episcopum,
1158 2757 1212 2792 sed

328 2809 419 2843 :solos
430 2808 578 2840 Clericos
602 2808 635 2839 &
647 2807 767 2840 Laicos
779 2808 901 2848 semper
914 2807 1021 2850 potuit
1039 2808 1211 2842 damnare.

332 2859 379 2892 Et
402 2856 535 2900 quidem
549 2856 704 2888 Africana
733 2856 871 2889 Ecclesia
900 2868 969 2889 non
996 2859 1124 2899 quasvis
1143 2860 1214 2899 suas

1272 256 1457 300 sententiam
1468 267 1641 299 acceperant
1655 282 1665 297 ‚
1693 260 1771 302 cem}
1779 259 2017 304 cognoscerent-sie
2028 274 2086 296 non
2103 271 2161 304 per

1273 307 1453 349 simultatem
1475 315 1612 350 priorum
1631 309 1661 350 J
1665 297 1782 341 adit-uisi
1796 332 1806 348 ‚
1830 307 1890 351 βᾶ
1905 312 1975 351 jure
1999 313 2032 345 Θ
2058 317 2162 346 merito

1278 361 1482 392 condemnatos
1493 359 1561 402 effe.
1589 360 1685 403 ,Quod
1696 357 1727 400 fi
1744 357 2080 402 ffliusmodiconsuetiedo
2090 363 2160 395 olim

1273 408 1341 449 fuit
1353 433 1363 449 ,
1391 406 1509 451 eiusque
1519 415 1658 442 memoria
1674 417 1823 442 renovata
1833 409 1871 450 est
1884 435 1894 451 ‚
1916 408 2083 452 scriptoque
2090 420 2160 454 pro-

1280 459 1388 492 dimin
1402 470 1511 501 magna
1522 461 1649 498 synodo,
1674 470 1796 502 eamque
1805 461 1890 502 apud
1902 471 1958 493 vos
1979 461 2081 494 valere
2101 473 2160 494 non

1274 507 1374 548 finitis
1400 533 1412 549 ,
1437 512 1498 542 rem
1517 509 1648 551 profec‘lb
1675 511 1842 543 indecoram
1861 509 1970 552 facitis
1995 535 2003 542 .
2046 514 2161 545 Morem

1279 565 1377 598 enim,
1404 565 1454 600 qui
1472 557 1565 603 semel
1587 568 1621 593 in
1632 559 1758 602 Ecclefia
1777 561 1927 602 obtinuit,
1953 561 1986 594 Θ
2005 562 2026 593 ἃ
2053 563 2162 600 synodo

1280 607 1470 650 confirmatus
1496 609 1535 650 est
1560 635 1572 651 ,
1607 615 1738 653 iniquum
1763 610 1802 651 est
1826 613 1847 643 ἃ
1869 617 1976 653 paucis
2002 610 2159 655 abrogari.

1280 657 1394 693 Palam
1415 658 1563 694 adfirmat
1578 672 1645 695 non
1667 661 1772 695 solum
1795 662 1891 695 unius
1903 661 2076 710 Episcqpi‚
2105 661 2161 695 sed

1279 709 1379 743 etiam
1405 709 1538 745 alterius
1557 709 1682 754 synodi
1700 711 1861 754 judicium
1889 711 1975 754 posse
1997 713 2159 747 retra-stari

1279 758 1320 792 ab
1341 759 1405 794 alia
1424 759 1562 804 synodo
1575 786 1586 801 ‚
1613 773 1651 796 ac
1673 761 1863 801 reformari,
1891 761 2032 806 ideoque
2062 762 2095 795 &
2116 762 2160 796 ab

1279 820 1344 843 una
1357 809 1398 843 ad
1408 809 1507 845 aliam
1518 811 1606 855 posse
1617 811 1770 856 appellari
1783 838 1791 845 .
1818 811 1982 847 Adfirmat
1993 811 2084 846 hunc
2095 811 2159 847 effe

1279 869 1473 903 perpetuum
1489 861 1636 896 Ecclesiae
1650 873 1772 897 morem
1784 888 1795 903 ‚
1821 862 1991 898 laudatum
2012 862 2031 896 a
2053 862 2088 895 N
2092 863 2160 896 icas·

1280 921 1324 943 no
1337 911 1517 953 Concilio,
1544 911 1798 954 confirmatum,
1822 914 1856 948 ὅ(
1877 913 1995 956 scr-ipro
2019 912 2161 947 Canono

1279 959 1465 1005 sigillatum.
1495 962 1538 995 Et
1550 962 1696 998 damnati
1710 963 1880 998 Athanasii
1894 963 2160 1007 appellationem,

1278 1011 1312 1050 <Sc
1338 1011 1532 1054 appellantis
1552 1013 1665 1047 factam
1685 1014 1703 1047 a
1726 1015 1757 1055 se
1777 1015 2015 1058 reparationem
2037 1012 2083 1047 ita
2104 1012 2159 1047 de-

1277 1060 1436 1095 monstrat
1463 1073 1524 1110 nec
1536 1062 1554 1095 a
1566 1062 1709 1098 Nicaenis
1718 1089 1728 1104 ,
1755 1075 1817 1098 nec
1828 1063 1870 1098 ab
1882 1062 2083 1107 Apostolicis
2096 1063 2160 1098 Ca·-

1279 1109 1421 1142 nonibus
1430 1109 1589 1143 deviasse.
1616 1111 1818 1157 Additipsos
1840 1113 1939 1147 etiam
1955 1112 2159 1148 Eusebiano-

1279 1169 1353 1192 rum
1368 1157 1579 1201 Presbyteros
1591 1159 1633 1193 ab
1643 1161 1764 1197 inflicta
1776 1163 1834 1197 sibi
1847 1174 1901 1207 per
1913 1162 2157 1198 Alexandrinos

1278 1206 1481 1243 patriarchas
1491 1208 1703 1243 damnatione
1725 1214 1909 1253 provocasse
1930 1213 2097 1253 Romam,
2122 1213 2156 1246 <Sc

1277 1258 1505 1304 prosequendae
1516 1259 1730 1304 appellationi
1743 1271 1878 1299 omnem
1890 1262 2065 1304 fatiionem
2085 1262 2162 1296 fuis·v

1276 1310 1307 1342 se
1332 1318 1541 1353 cooperatam
1564 1334 1571 1342 .
1608 1310 1652 1343 Et
1674 1310 1781 1345 firmat
1803 1310 1916 1345 nescio
1944 1310 2035 1354 cujus
2054 1310 2158 1353 Pisti,

1274 1369 1372 1401 quem
1393 1359 1411 1403 a
1434 1360 1585 1395 Secundo
1598 1386 1609 1401 ,
1633 1359 1855 1397 ptolomaidis
1875 1359 2005 1396 Ariano
2026 1362 2159 1405 Episco-

1276 1420 1319 1452 po
1338 1433 1349 1449 ‚
1386 1411 1611 1445 consecratum
1635 1411 1866 1454 Presbyterum
1898 1411 2065 1446 damnavit
2091 1411 2158 1455 ipse

1275 1457 1488 1494 Athanasius.
1517 1461 1690 1508 Qidquid
1702 1463 1740 1495 sit
1749 1461 1790 1496 de
1802 1462 1957 1497 Romana
1967 1461 2159 1506 appellatio„

1274 1514 1334 1548 ne,
1360 1511 1490 1544 cunetas
1503 1511 1729 1547 Provinciales
1739 1512 1893 1556 synodos
1904 1512 1977 1546 <effe
1993 1514 2159 1555 supremas

1273 1568 1374 1601 atque
1397 1560 1662 1604 inappellabiles,
1689 1574 1749 1597 nec
1766 1563 1834 1606 ipsa
1856 1561 2039 1596 Eusebiana
2056 1561 2159 1596 fistin

1270 1606 1428 1647 adseruit,
1459 1611 1574 1653 utpote
1585 1612 1835 1653 pertinaciffima
1854 1624 1913 1654 pro
1931 1612 2002 1654 jure
2021 1611 2161 1645 Patriars

1271 1655 1428 1691 charum.
1455 1659 1579 1701 Spectat
1602 1658 1666 1693 hoc
1678 1659 1719 1693 ad
1741 1660 1958 1702 quorumdam
1978 1659 2161 1694 schismati,

1270 1717 1384 1739 corum
1399 1707 1587 1740 Graecorum
1610 1708 1835 1744 abominabile
1850 1709 1996 1753 dogma,
2021 1710 2067 1744 de
2084 1721 2155 1754 quo

1271 1755 1305 1787 in
1326 1754 1495 1788 Meditato
1515 1755 1556 1789 de
1569 1754 1825 1790 patriarcharum
1848 1757 2028 1802 privilegiis
2038 1757 2158 1793 Theo*

1269 1804 1369 1839 dorus
1381 1803 1576 1839 Balsamon:
1603 1806 1910 1849 ,Quidamparbibent
1931 1806 2010 1840 nihil
2031 1808 2081 1851 effi·
2098 1814 2156 1842 im«

1266 1856 1436 1896 pedimento
1455 1879 1467 1895 ‚
1492 1866 1548 1898 quo
1573 1857 1673 1889 minsis
1699 1856 1801 1890 ubivIs
1824 1855 1970 1896 constituti
1995 1857 2155 1900 Pontifices-

1269 1905 1370 1938 eodem
1379 1904 1444 1940 cum
1458 1905 1647 1939 Patriarcbis
1658 1905 1767 1940 honore
1792 1907 2036 1948 &amplitudine
2045 1906 2156 1949 fruant-

1269 1963 1334 1986 tur.
1351 1957 1489 1989 'Omnes
1501 1955 1704 1999 Epffcopos,
1731 1955 1901 2000 praesertim
1911 1957 2154 1999 Metropolitas,

1268 2005 1396 2038 censuit
1414 2006 1478 2039 offe
1496 2016 1538 2038 ex
1550 2005 1680 2038 Divino
1690 2005 1760 2048 jure
1787 2005 1942 2049 aequales.
1969 2006 2080 2053 Qod,
2095 2007 2154 2052 fig-

1268 2064 1418 2092 mentum
1437 2055 1537 2089 etiam
1561 2055 1671 2089 curisti
1693 2053 1979 2090 schismaticorum
2000 2056 2155 2092 meliores

1268 2100 1494 2136 detestantur.
1520 2103 1632 2145 Ipsum
1653 2104 1766 2138 nostro
1780 2104 1901 2144 saeculo
1925 2116 1978 2147 per
1998 2106 2153 2141 Latinam

1272 2153 1448 2187 Ecclesiam
1460 2152 1617 2186 seminare
1630 2163 1717 2186 vano
1726 2153 1807 2187 item
1819 2153 1995 2187 molimine
2015 2156 2153 2195 temnit

1271 2204 1406 2238 Marcus
1430 2202 1602 2247 Antonius
1624 2202 1856 2244 de‘Dominis,
1882 2201 2155 2248 Archiepiscopus

1271 2253 1489 2298 Spalathensis
1502 2281 1510 2288 .
2062 2287 2064 2290 .
2087 2281 2090 2285 -
2107 2280 2123 2292 ,ι
2148 2279 2151 2283 2

1322 2305 1472 2339 Errorem
1493 2305 1668 2341 continent
1690 2306 1758 2341 haec
1777 2307 1877 2341 etlam
1895 2305 2013 2341 verba:
2039 2306 2156 2350 ,Quoad

1273 2355 1457 2393 Presbyims
1482 2356 1632 2389 &Laicos
1644 2354 1909 2391 excommunicatos
1930 2355 2009 2389 nihil
2027 2362 2155 2390 innova-2

1272 2405 1766 2447 tumfuiiciSa·rci‘icenfi'synodo',*>
1779 2406 1919 2449 quoniam
1939 2407 2036 2440 eorum
2054 2404 2153 2450 cause

1273 2466 1329 2488 non
1359 2463 1445 2488 erant
1466 2457 1529 2496 eJ'us
1545 2463 1705 2495 momenti,
1718 2458 1766 2492 'ut
1774 2460 1925 2490 Romanus
1935 2456 2078 2498 Pontifex
2100 2463 2157 2498 ap·

1240 2504 1241 2507 ’
1269 2506 1379 2547 pelian
1387 2507 1493 2548 posset.
1521 2508 1600 2540 Sicut
1618 2517 1669 2540 nec
1692 2513 1724 2540 in
1737 2511 1859 2541 ostento
1872 2508 1994 2551 concqffa
2019 2513 2064 2540 eis
2087 2513 2153 2540 eras

1270 2557 1429 2598 appellatio
1455 2557 1499 2588 ad
1511 2556 1708 2590 Patriarchas
1719 2581 1730 2597 ‚
1757 2567 1792 2590 ut
1806 2565 1896 2598 patet
1921 2568 1960 2589 ex
1976 2555 2152 2588 canonibus

1272 2611 1411 2639 Nicaenis
1425 2629 1436 2645 ,
1457 2604 1543 2648 fixio
1556 2606 1728 2648 Antiocheno
1738 2628 1749 2645 ,
1777 2607 1812 2638 Θ
1824 2617 1897 2638 nono
1907 2603 2147 2646 Chalcedonenfi.

1273 2655 1409 2689 Etenim
1431 2653 1707 2690 Chalcedonensis
1730 2665 1838 2688 nonus
1848 2655 1971 2689 Canon
1991 2655 2056 2689 alta
2069 2665 2152 2688 voce

1273 2706 1399 2741 clamat
1416 2706 1623 2749 oppositum.
1652 2705 1774 2740 Clerici
1796 2705 1886 2740 enim
1913 2715 1990 2739 curn
2018 2704 2152 2739 Clerico

1273 2758 1410 2804 causam3
1424 2767 1534 2790 eoram
1554 2757 1683 2800 proprio
1706 2755 1869 2798 Episcopo
1886 2774 1900 2796 ‚r
1928 2754 2048 2788 Clerici
2073 2765 2151 2790 cum

1275 2806 1407 2850 proprio
1425 2804 1489 2840 ‘aut
1509 2806 1617 2840 alieno
1630 2805 1802 2849 Episcopo
1821 2805 1993 2850 negotium
2015 2804 2151 2839 mandat

1273 2857 1410 2900 judicari
1423 2854 1696 2900 apudProvinciae
1706 2855 1877 2897 synodum
1890 2879 1900 2895 ‚
1926 2856 1961 2890 &
1971 2854 2128 2891 subnestit
2139 2865 2150 2886 =

333 2906 578 2945 Provinciales,
606 2904 659 2938 sed
673 2906 742 2938 suas
753 2905 923 2939 dumtaxat
937 2906 1144 2941 Dioecesanas
1158 2894 1232 2954 Sy-{
1276 2906 1554 2951 ,Quodfiadverst‘cs
1565 2909 1732 2939 Provincia
1750 2902 2009 2955 Metropolitanum
2030 2903 2154 2947 Episco-

333 2957 443 2993 nodos
470 2955 575 2990 voluit
602 2955 655 2991 seu
667 2955 743 2989 solis
761 2955 898 2989 Clericis
915 2980 925 2996 ,
951 2957 1003 2989 seu
1016 2958 1116 2991 etiam
1141 2957 1233 3000 Epi&
1270 2966 1330 3000 pus
1356 2957 1409 3000 vel
1429 2958 1557 2989 clericus
1579 2955 1669 2989 babet
1690 2957 1838 2998 querelam
1858 2980 1868 2997 ,
1892 2962 1979 2996 petat
2005 2963 2060 2987 aut
2081 2956 2152 2988 Pri·

337 3009 444 3050 scopis
456 3008 518 3041 effe
531 3006 692 3049 supremas
701 3029 711 3045 ‚
741 3017 779 3039 ae
791 3005 935 3039 Romam
949 3005 1193 3049 inappellabiles
1205 3021 1215 3041 .-

336 3057 451 3100 .Atque
463 3056 507 3089 ita
519 3055 685 3089 D.Petrus
697 3055 738 3089 de
749 3055 862 3094 Marca
873 3055 1104 3100 transgreditur
1115 3058 1215 3092 etiam

338 3108 430 3150 illius
460 3116 616 3140 errorem.

390 3156 486 3205 an
513 3155 546 3188 &
558 3155 598 3188 de
611 3156 745 3191 Nicaena
757 3156 894 3198 synodo
916 3156 956 3191 ad
969 3157 1152 3192 Eusebiana
1172 3160 1219 3192 fa-

338 3209 483 3246 fiiouem
501 3205 618 3248 scripsit
632 3205 764 3240 Sanctus
775 3207 875 3249 Julius
893 3206 1049 3242 Pontifex
1063 3220 1070 3239 ε
1099 3196 1233 3251 avisco-¹

337 3263 374 3300 pi
386 3262 417 3288 in
439 3268 547 3300 magna
557 3257 664 3294 synodo
674 3260 708 3288 N
711 3262 790 3289 icaeae
825 3263 988 3301 congregati
1017 3270 1074 3291 non
1092 3257 1154 3299 fine
1164 3261 1219 3292 Dei

342 3306 453 3346 confilio
460 3304 657 3348 permiserunt
666 3311 775 3347 prioris
787 3309 890 3344 synodi
904 3307 977 3339 Atia
988 3314 1019 3340 in
1040 3310 1101 3341 alia
1111 3311 1131 3341 5
1126 3310 1219 3347 ynodo

341 3355 511 3390 examinari
527 3378 537 3392 ,
560 3363 594 3386 ut
621 3357 655 3389 Θ
667 3357 710 3388 illi
726 3361 778 3398 qui
782 3352 898 3396 jndices
909 3367 996 3390 erant
1008 3383 1018 3397 ,
1040 3367 1108 3399 prae
1129 3359 1217 3391 oculis

340 3405 482 3440 babentes
500 3402 665 3448 'litandum
681 3406 718 3441 de
729 3417 765 3441 ea
774 3405 842 3450 ipsa
865 3418 897 3442 re
907 3409 1055 3449 judicium
1059 3408 1195 3449 futurum
1206 3433 1216 3450 ‚

1230 3434 1234 3470 l

1275 3017 1384 3040 mutem
1399 3005 1550 3049 Dioeceseos
1561 3031 1571 3047 ‚
1597 3015 1650 3039 aut
1655 3004 1757 3048 sedem
1766 3004 1959 3052 Regiaejcrbis
1983 3003 2152 3045 constanth

1277 3059 1453 3099 napolitanae
1463 3063 1484 3096 “,
1509 3058 1544 3090 Θ
1565 3058 1649 3098 apud
1667 3055 1763 3099 ipsam
1781 3050 1932 3097 Judicetur
1952 3080 1960 3089 .
1996 3054 2082 3100 Agit
2107 3052 2149 3088 de

1275 3109 1375 3141 causis
1392 3105 1585 3151 appellatis,
1612 3119 1648 3141 ac
1661 3106 1920 3150 appellationum
1931 3103 2064 3139 ordine.
2084 3102 2149 3137 ‘Ab

1278 3158 1440 3201 Episcopo
1449 3155 1490 3189 ad
1502 3156 1752 3200 Metropolitam
1765 3181 1776 3197 ‚
1788 3157 1842 3190 seu
1857 3156 1950 3200 ipsius
1962 3153 2149 3196 synodum,

1277 3207 1317 3241 ab
1338 3204 1404 3241 hac*
1426 3206 1494 3240 vult
1508 3207 1661 3250 appellari
1689 3208 1729 3241 ad
1749 3202 1923 3240 primatem
1941 3204 2148 3244 Dioeceseos,

1277 3268 1331 3290 aut
1344 3258 1384 3290 ad
1398 3256 1597 3299 Episcopum
1610 3254 2018 3298 Constantinopolitanum
2031 3279 2038 3285 .
2066 3253 2151 3288 Non

1276 3306 1316 3340 de
1332 3307 1432 3340 totius
1445 3307 1582 3346 mundi,
1612 3308 1664 3340 sed
1676 3305 1717 3340 de
1729 3307 1804 3341 solis
1815 3301 1913 3339 trium
1927 3301 2153 3346 autocephala-

1278 3368 1349 3390 rum
1363 3356 1557 3390 Dioeeefium
1580 3357 1649 3401 agit
1660 3355 1789 3398 judiciis
1813 3355 1845 3388 ἀ
1857 3351 2131 3398 appellationibus
2144 3378 2153 3386 .

1279 3406 1356 3441 Istas
1381 3415 1496 3442 contra
1519 3407 1645 3442 sextum
1665 3406 1841 3441 Nicaenum
1851 3403 2027 3486 (ἶπηοηειιιέ
2043 3402 2157 3458 subdit

2030 3462 2110 3497 egrae.
