2366 3756
354 182 463 230 -154

293 252 326 287 se
345 252 480 285 affirmat
501 276 511 292 ,
550 251 709 287 subnectit
742 247 928 285 celebrandi
956 250 1173 293 frequentiam

292 302 423 336 crevisse
445 312 498 342 per
521 302 709 345 posteriores
723 301 955 334 Romanorum
971 298 1171 342 Pontifices,

291 353 325 386 ἃ
336 349 504 384 concludit
519 364 526 384 ε
553 353 630 385 Cum
642 361 707 393 ergo
721 350 845 384 Hebraet
867 350 1001 384 carnales
1009 348 1084 393 suas
1099 350 1176 385 obla-

290 407 382 434 tiones
396 403 528 442 quotidie*
538 413 575 434 ex
581 401 699 441 jussione
714 403 834 434 Domini
853 400 1000 445 celebraffe
1017 402 1172 445 legantur,

289 459 379 492 quare
405 462 463 483 non
476 450 642 491 Chrisiiant
669 449 775 491 hostias
791 450 864 495 suas
871 449 1024 495 spiritales
1045 453 1174 495 quotidie

289 498 416 540 offerant
437 525 447 541 ‚
474 503 509 534 (θ’
529 506 562 535 in
582 510 804 535 monumentum
822 500 889 545 suae
903 499 1012 546 salutis
1029 501 1175 545 frequen-

283 559 354 589 tent
378 551 389 583 ?
419 554 558 595 Legimus
585 558 694 585 etenim
714 577 724 592 ‚
751 552 836 585 beato
862 552 999 596 Gregorio
1024 552 1173 593 testante,

290 600 414 639 Caffium
448 601 652 644 Narniensem
673 600 854 644 Episcopum
869 603 935 645 post
957 605 1174 637 ordinationem

283 647 372 693 suam
394 647 472 685 o'mni
495 654 546 685 die
561 650 657 695 sacrae
673 651 825 686 oblationis
849 652 971 693 hostiam
985 658 1109 692 Domino
1123 659 1174 686 im-

288 700 403 743 molasse
425 723 435 742 ,
463 704 497 736 (5
523 706 642 735 Divina
667 704 840 747 dignatione
870 712 905 737 ut
925 702 1024 747 fiditis
1052 702 1176 748 instaret

288 751 424 791 operibus
448 759 650 786 commonitum
671 778 682 794 ,
708 765 742 786 ac
765 765 875 797 magna
894 755 1084 796 promiffi'onis
1105 766 1175 798 gra-

288 806 334 834 tia
357 802 402 833 ad
420 799 683 844 perfhvcrantiam
704 804 898 845 confortatum
923 828 930 836 .
960 804 1113 840 Unicam
1138 804 1174 837 in

287 862 378 885 anno
399 853 654 888 celebrationem
682 854 820 899 viguisse
842 855 980 889 affirmat
1005 854 1174 897 praesertim

287 902 374 944 apud
402 903 591 940 Monachos
619 929 630 944 ,
658 904 798 946 ideoque
825 904 866 938 ad
894 902 980 938 hanc
1010 905 1175 949 Regulam

286 952 396 987 referri
408 954 514 988 etiam
535 954 628 998 poffit
649 955 739 999 quod
753 955 794 988 de
806 954 980 989 Clemente
1001 953 1175 989 Monacho

283 1002 398 1045 ,scribit
424 1004 532 1039 Sancti
555 1005 698 1049 Benigni
718 1004 933 1039 Divionenfis
957 1002 1174 1040 Chronicon:

288 1053 428 1087 Clemens
445 1054 511 1096 fuit
534 1055 667 1089 omnibus
680 1055 845 1089 virtutibus
856 1056 1021 1088 adornatus
1036 1080 1047 1096 ‚
1069 1061 1176 1098 praeci·

280 1105 341 1144 pue
352 1102 540 1146 bumilitate,
566 1112 672 1148 quain
698 1115 816 1140 tantum
824 1104 1016 1148 seabJ'ec‘Jum
1039 1107 1072 1140 δ’
1085 1102 1192 1140 vilem‘

283 1153 425 1195 afferebat
452 1180 463 1196 ,
506 1167 540 1190 ut
565 1168 631 1190 cum
665 1157 828 1190 Sacerdotii
848 1157 949 1199 gradu
968 1155 1172 1200 fungeretur,

283 1214 447 1246 numquam
476 1211 508 1238 in
530 1212 609 1239 omni
632 1212 701 1240 vita
716 1205 772 1250 sua
793 1205 850 1247 nifi
850 1205 942 1250 semel
962 1207 1005 1238 ad
1019 1206 1069 1239 hoc
1083 1209 1175 1239 Mini-

277 1253 398 1294 sterium
421 1257 555 1291 accedere
578 1255 819 1300 praesumpserit.
860 1256 1095 1290 Verumtamen
1122 1257 1175 1289 ad.

283 1306 471 1340 mirandum
485 1306 548 1340 hoc
560 1307 604 1339 est
617 1332 627 1348 ,
647 1317 714 1340 non
730 1306 944 1341 imitandum.
973 1307 1073 1339 Recte
1084 1307 1172 1339 enim

282 1354 397 1388 statuit
424 1356 519 1389 tertia
538 1355 596 1389 sub
623 1355 808 1388 Clementis
834 1355 942 1396 quinti
970 1354 1171 1388 Pontificatu

283 1403 444 1438 celebrata
469 1405 637 1439 Ravennae
660 1404 815 1447 Synodus
840 1418 850 1437 .·
878 1405 954 1437 Cum
976 1403 1110 1437 nonnulli
1120 1408 1172 1437 Re-

283 1453 377 1497 ligiofi
398 1455 431 1489 (2⁸
455 1455 617 1489 Saeculares
649 1455 756 1487 Clerici
777 1457 983 1496 imprudenter
1010 1457 1053 1489 ad
1076 1458 1170 1488 sacer·

284 1505 397 1537 dotium
414 1503 448 1546 se
468 1503 589 1546 faciant
615 1509 803 1544 promoveri,
827 1504 889 1544 post
897 1510 1107 1546 promotionem
1119 1504 1170 1536 hu-

279 1553 419 1596 jusmodi
439 1557 537 1597 Missas
573 1554 716 1586 celebrare
737 1563 772 1584 ac
795 1554 877 1585 alitis
902 1554 1083 1585 Sacerdotale
1106 1554 1172 1593 Offi-

284 1611 361 1637 cium
381 1615 512 1637 exercere
534 1615 593 1636 non
613 1611 754 1637 curantes
778 1626 790 1642 ,
815 1613 867 1635 nec
893 1606 1169 1636 animadvertentes

272 1645 364 1698 ..quod
386 1656 632 1696 quemadmodum
653 1654 789 1695 'quotidie
821 1660 878 1693 pro
899 1653 1002 1694 populi
1024 1661 1143 1694 peccato
1160 1678 1171 1693 ‚

269 1710 328 1747 :ita
349 1706 446 1745 &pro
451 1702 506 1745 suo
528 1704 613 1737 debet
623 1702 726 1743 offerre
744 1704 885 1735 Sacerdos
897 1725 909 1741 ‚
935 1702 1000 1734 ideo
1007 1701 1168 1743 praesentis

284 1755 408 1786 Consilii
430 1752 610 1786 authoritate
635 1752 793 1796 statuimus
807 1775 818 1791 ,
844 1751 924 1794 quod
937 1750 967 1792 fi
985 1753 1096 1792 aliquis
1100 1753 1170 1792 jam

278 1811 429 1847 promotus
436 1803 476 1845 fit
495 1804 537 1835 ad
548 1804 746 1837 Sacerdotium
758 1826 770 1843 ‚
795 1807 895 1834 autin
910 1800 1051 1842 futurum
1071 1812 1170 1843 quem-

282 1866 374 1897 quam
392 1860 560 1896 promoveri
584 1859 736 1896 contigerit
757 1864 764 1884 :
791 1853 873 1884 aare
892 1849 959 1894 suae
979 1856 1169 1893 promotionis

284 1904 369 1946 infra
401 1913 463 1937 tres
490 1902 605 1946 menses
632 1903 779 1936 celebrare
804 1901 911 1935 debeat
932 1907 1068 1942 primam
1094 1901 1165 1944 Mis-

279 1954 371 1999 sagn,
398 1957 432 1989 (Ὗ
454 1955 585 1995 deinde,
606 1963 695 1996 prout
718 1958 831 1994 poterit
852 1974 863 1990 ,
888 1952 1044 1994 Missurum
1067 1949 1170 1995 solem-

283 2011 338 2038 nia
343 2004 538 2047 frequentare
551 2029 561 2044 ,
591 2006 646 2038 vel
659 2002 770 2045 saltem
789 2000 882 2045 semel
892 2008 923 2034 in
936 2013 1028 2034 anno.
1061 2002 1107 2035 Et
1118 2001 1164 2035 ad-

283 2054 354 2099 jIcit
365 2066 477 2100 graves
489 2065 599 2099 poenas
612 2079 619 2086 .
647 2054 702 2088 Ut
719 2053 854 2098 quisque
876 2051 1033 2086 Sacerdos
1060 2051 1098 2085 ad
1114 2052 1171 2084 mi-

283 2116 347 2139 nus
373 2117 487 2149 quater
510 2106 543 2138 in
557 2115 646 2138 anno
670 2103 807 2137 celebret
820 2126 830 2141 ‚
857 2102 1004 2135 sanciunt
1019 2101 1087 2135 duae
1099 2101 1171 2134 To-

280 2156 400 2189 Jetanae
427 2154 555 2197 Synodi
583 2167 590 2186 :
633 2153 747 2186 Altera
775 2150 832 2183 sub
859 2150 995 2194 joannis
1021 2150 1169 2193 vigesimi

282 2202 417 2238 secundi
431 2228 441 2242 ‚
468 2204 566 2236 altera
587 2202 745 2236 celebrata
769 2199 827 2235 sub
846 2199 970 2242 Papatu
984 2199 1070 2233 Sixti
1083 2211 1172 2243 quar-

284 2256 330 2289 ti.
358 2254 441 2299 Quae
462 2251 632 2296 disciplina
659 2251 781 2295 placuit
804 2251 836 2284 ὃς
858 2250 982 2283 Graecis
1004 2274 1010 2281 .
1040 2249 1171 2283 Etenim

285 2303 324 2339 ad
336 2303 468 2337 tertium
484 2300 734 2336 Antiochenum
749 2301 925 2333 canonem
937 2298 1047 2332 scribit
1057 2299 1170 2332 Theo-

286 2355 385 2391 dorus
398 2354 596 2387 Balsamon:
625 2353 710 2394 ,Quia
734 2348 1044 2387 nonnulliPresbyteri
1058 2373 1068 2389 ,
1097 2352 1171 2381 Dia-

286 2411 350 2439 com'
374 2406 407 2438 (θ’
421 2404 594 2437 Subdiaconi
606 2426 616 2441 ,
644 2406 693 2443 qui
698 2399 756 2444 sua
766 2399 872 2443 sponte
890 2400 1057 2441 &propria
1067 2401 1167 2432 volun-

284 2464 352 2490 tate
373 2457 471 2487 Sacris
495 2464 551 2485 non
564 2461 651 2485 erant
663 2456 797 2493 operati,
823 2448 924 2492 rursus
936 2447 1106 2492 sacrificare
1118 2461 1168 2483 vo-

287 2506 382 2539 lentes
397 2502 469 2549 sunt
486 2502 656 2546 prohibiti,
681 2500 830 2542 quaefitum
845 2500 881 2539 est
894 2525 904 2540 ,
931 2509 1078 2542 quantum
1089 2508 1161 2533 tem-

284 2564 344 2599 pus
366 2555 404 2595 est
415 2555 496 2597 quod
506 2556 658 2587 Sacrorum
681 2552 901 2584 celebrationem
922 2556 949 2583 ei
959 2551 1085 2591 adimit,
1114 2556 1166 2592 qui

289 2618 355 2640 eam
377 2616 434 2638 non
454 2605 595 2638 exercet?
623 2606 717 2642 Dico,
744 2603 825 2643 quod
843 2601 968 2632 multum
991 2609 1108 2642 tempus
1132 2611 1168 2633 ex

290 2657 350 2699 iege
373 2654 410 2695 est
426 2659 587 2688 triennium
601 2678 608 2685 .
633 2654 663 2685 52·
684 2654 751 2695 ergo
775 2651 914 2684 Sacerdos
941 2650 1088 2693 quispiam
1107 2659 1165 2682 toto

289 2711 418 2739 triennio
438 2715 495 2737 non
514 2702 635 2737 celebret
654 2726 665 2742 ,
691 2713 742 2735 nec
754 2701 852 2734 morbo
865 2701 1022 2741 impeditus
1046 2712 1094 2733 nec
1110 2702 1171 2733 alia

284 2756 367 2798 justa
378 2753 466 2798 causa
476 2778 486 2794 ‚
511 2766 570 2787 non
582 2752 711 2796 amplius
723 2751 867 2785 celebrare
873 2750 984 2792 finetur
998 2776 1004 2781 .
1031 2753 1152 2784 sienim
1162 2774 1173 2790 ,

292 2814 325 2840 ut
337 2807 405 2839 vult
417 2805 463 2838 hic
470 2803 606 2848 praesens
618 2807 723 2835 Canon
738 2827 749 2842 ,
775 2802 931 2843 deponitur
945 2807 998 2842 qui
1011 2802 1092 2844 longo
1103 2811 1172 2834 tem-

288 2864 362 2900 pore
374 2880 384 2895 ,
411 2861 536 2888 triennio
543 2853 656 2898 scilicet
668 2877 678 2892 ‚
706 2859 739 2885 in
752 2852 852 2885 aliena
864 2849 1013 2883 Parocbia
1027 2850 1173 2893 versatur,

294 2906 361 2940 licit
383 2910 475 2938 etiam
494 2904 616 2947 fortaffe
638 2904 698 2935 illic
708 2903 831 2935 celebret
843 2925 853 2940 ,
875 2902 988 2943 quanto
1009 2907 1102 2944 magis
1113 2901 1192 2943 post*

293 2961 456 2989 triennium
477 2955 619 2988 celebrare
638 2963 695 2987 non
711 2950 842 2993 finetur,
868 2956 921 2992 qui
944 2958 1029 2982 tanto
1048 2960 1176 2992 tempore

293 3004 378 3049 suum
400 3004 594 3045 Ministerium
618 3008 763 3037 averterit
778 3026 789 3041 ,
813 3001 865 3034 vel
877 2999 964 3043 suam
988 3006 1078 3033 etiam
1098 2996 1195 3033 indi-¹

293 3060 443 3100 gnitatem
460 3054 729 3089 condemnaverit?
756 3050 873 3087 Subdit
897 3051 930 3084 &
953 3050 1016 3084 alia
1041 3051 1176 3084 Nicolai

298 3104 532 3150 Chrysobergii
578 3103 768 3138 Patriarchae
815 3100 1176 3144 Constantinopolitani

297 3157 440 3193 Decreta
464 3179 476 3195 ,
502 3150 698 3198 quae‘palam
721 3154 863 3188 clamant
885 3150 1113 3192 Presbyterum
1137 3151 1178 3185 ad

298 3205 397 3241 semel
420 3205 531 3241 saltem
554 3204 638 3238 intra
652 3206 704 3238 sex
730 3203 853 3238 menses
865 3199 1092 3234 celebrandum
1109 3213 1179 3235 om-

299 3255 382 3290 nino
394 3255 553 3300 obligari.
584 3255 729 3297 ipsorum
740 3255 826 3288 circa
846 3253 1001 3285 sacrarum
1017 3251 1180 3285 Primitia-

298 3315 369 3340 rum
392 3316 518 3349 ternpus
530 3304 699 3348 disciplina
711 3305 773 3337 fuit
784 3299 920 3347 rigidior
940 3301 1037 3343 quam
1052 3301 1159 3335 nostra
1174 3325 1180 3332 .

299 3355 355 3391 De
377 3357 507 3389 noviter
525 3355 614 3388 enim
639 3354 828 3387 consecrato
852 3350 1047 3393 Presbytero
1069 3351 1180 3397 statuit

128 3421 188 3455 1:01,
214 3434 228 3454 ι
251 3428 268 3454 6
299 3405 559 3450 Euchologion:
589 3406 648 3437 Per
657 3401 768 3446 [eptem
791 3403 856 3435 dies
869 3406 1018 3434 continuos
1037 3401 1179 3436 celebret.

231 3434 248 3460 9
303 3454 451 3499 Exponit
472 3455 607 3491 Simeon
620 3450 896 3497 Archiepiscopus
908 3450 1179 3488 Thessalonicen·

116 1069 177 1100 1⁷01.
200 1082 267 1107 444.

109 1418 181 1458 (Σερ-
197 1428 240 1456 13·

672 170 1031 222 ALEXANDRI
1065 166 1336 214 SECUNDI
1372 168 1742 216 P0N11t=1cts

1235 253 1273 286 fis
1284 266 1295 286 .-
1321 251 1469 295 Novellus
1479 253 1618 286 sacerdos
1628 252 1835 288 benedictione·
1850 264 1968 300 accepta
1978 259 2022 290 ad
2025 257 2117 302 [ipti-

1235 314 1317 337 mum
1338 300 1426 346 usque
1445 304 1525 337 diem
1546 304 1680 344 aceedit,
1705 305 1835 346 quotidie
1845 307 1935 340 Sacra
1951 308 2115 350 salimus,

1234 355 1268 388 ὑ
1284 362 1318 385 ut
1333 352 1452 385 *aeliani
1476 355 1541 393 ejus
1558 352 1651 396 sermo
1673 352 1897 396 correspondeat
1919 381 1931 397 ,
1955 359 1990 391 ὁ*
2009 358 2118 401 absque

1236 408 1450 444 interruptione
1463 405 1619 437 sacrorum
1637 403 1831 438 hebdomadae
1842 430 1853 446 ,
1879 417 1940 448 qua
1957 407 2119 451 praesentis

1236 459 1312 487 vitae
1336 451 1515 496 dispensatio
1526 454 1713 495 decurritur,
1739 455 1901 488 Sacerdotis·
1918 463 2045 498 operatio
2050 466 2119 499 per-

1231 503 1349 546 severet
1370 527 1378 535 .
1441 506 1489 537 Et
1507 504 1571 538 cum
1592 505 1748 548 diligenter
1769 514 1841 547 opus
1860 505 1911 540 hoe
1928 511 1962 538 in
1975 505 2120 550 praesentt

1229 553 1330 595 fuerit
1341 563 1476 586 executus
1492 578 1503 595 ‚
1527 555 1574 587 ad
1588 556 1757 598 indeficiens
1773 555 1852 588 illud
1858 554 2033 600 sacrificium
2043 581 2054 597 ‚
2081 559 2118 591 o·

1236 602 1496 645 conjunc‘Jiffimam
1518 604 1631 645 Christi
1647 601 1912 647 participationem
1927 612 2093 649 perveniat
2105 632 2114 640 .

1237 654 1343 687 Verum
1369 655 1404 689 (δ’
1426 652 1579 697 spirituali
1612 661 1718 699 gratia
1742 655 1932 690 abundanter
1953 655 2114 701 suscepta,

1228 706 1327 745 juxta
1334 702 1529 747 septenarum
1534 703 1661 748 spiritus
1667 711 1838 750 gratiarum
1848 718 1999 740 numerum
2010 731 2021 747 ‚
2046 718 2116 749 quae

1232 760 1349 799 gratia·
1364 751 1437 797 sunt
1461 767 1519 788 non
1542 758 1719 798 interpolato
1738 764 1868 798 tempore
1892 758 1927 790 ό*
1947 757 2116 799 aequalibus

1238 804 1346 837 diebus
1367 812 1485 838 tenetur
1505 812 1634 848 operari.
1664 805 1767 840 Ponit
1790 806 2010 841 differentiam
2031 807 2115 841 inter

1237 855 1418 889 Novellum
1438 855 1564 890 &alios
1576 856 1783 890 Sacerdotes:
1811 856 1860 891 Hi
1870 857 2117 900 eniminterpo-
2158 877 2161 880 ⁴

1235 904 1330 944 latis,
1357 905 1416 938 iste
1436 917 1546 940 autem
1565 908 1687 951 septem
1706 907 1877 942 continuis
1898 905 2013 941 diebus
2033 907 2116 941 cele·

1237 954 1327 989 brare
1347 953 1443 990 debet
1457 981 1468 996 ,
1493 955 1673 1001 &quidem
1692 955 1896 992 inchoandus
1915 957 1932 991 ὲ
1943 958 2048 999 prima
2059 957 2116 991 die

1235 1005 1305 1049 post
1328 1016 1495 1049 acceptam
1516 1018 1634 1041 manus
1656 1008 1901 1051 impositionem
1925 1033 1932 1040 .
1959 1007 2004 1041 Et
2025 1007 2115 1042 certe

1237 1057 1337 1089 sacras
1351 1055 1516 1091 Primitias
1528 1069 1595 1091 non
1609 1058 1696 1100 posse
1715 1058 1841 1092 dudum
1852 1055 1973 1092 differri
1986 1057 2114 1091 videtur

1234 1106 1445 1142 manifestum
1469 1130 1477 1138 .
1509 1106 1635 1142 Verum
1652 1108 1702 1141 uti
1725 1108 1766 1143 de
1785 1109 1923 1151 ipsarum
1942 1118 2111 1150 tempore,

1234 1156 1280 1190 ita
1294 1154 1334 1190 de
1346 1155 1432 1190 vatia
1452 1156 1486 1189 δε
1499 1156 1685 1191 Graecorum
1706 1159 1740 1193 δε
1752 1159 1947 1194 Latinorum
1968 1158 2053 1192 circa
2076 1157 2115 1190 il-

1236 1207 1283 1240 las
1298 1215 1416 1248 pietate
1428 1205 1487 1239 erit
1498 1205 1579 1240 alius
1589 1207 1722 1242 dicendi
1740 1208 1833 1243 locus
1842 1234 1850 1242 .

1284 1255 1470 1290 Redeamus
1492 1255 1533 1290 ad
1546 1258 1716 1300 antiquam
1735 1259 1929 1301 privatarum
1940 1259 2114 1293 Missarum

1234 1306 1318 1348 apud
1348 1306 1487 1340 Latinos
1513 1308 1680 1341 raritatem
1701 1332 1712 1348 ,
1745 1307 1778 1340 &
1800 1306 1971 1341 audiamus
2006 1308 2114 1341 Petris

1235 1354 1394 1389 Blesenfis
1423 1356 1547 1390 litteras
1566 1357 1607 1390 ad
1634 1355 1862 1390 Alexandrum
1882 1368 1924 1391 ex
1950 1357 2115 1403 Magistro

1236 1404 1347 1438 nostro
1364 1404 1574 1439 Monachum
1594 1404 1856 1441 Carthufiensem
1880 1431 1892 1448 ,
1917 1419 1956 1441 ac
1975 1408 2016 1442 de
2037 1408 2114 1446 suo,

1233 1455 1322 1498 quod
1346 1456 1448 1489 rarius
1469 1455 1623 1490 celebrari
1637 1456 1853 1500 permitteret,
1879 1457 2056 1492 deserendo
2066 1469 2116 1491 or-

1232 1506 1310 1538 dine
1335 1504 1572 1539 deliberantem
1600 1520 1611 1539 :
1649 1510 1710 1539 Hoc
1733 1513 1767 1543 in
1792 1509 1895 1540 ordine
1921 1506 2121 1549 Carthufienfi
2136 1496 2185 1534 EF·
2204 1495 2252 1524 ⁸⁶·

1231 1552 1364 1595 causaris
1404 1556 1439 1587 lo·
1458 1560 1560 1598 arguis
1589 1578 1601 1596 ‚
1637 1558 1717 1598 quod
1731 1555 1855 1600 singulis
1882 1556 1987 1591 diebus
2013 1558 2115 1601 Miffas

1231 1614 1289 1634 non
1308 1602 1431 1643 faciunt
1451 1627 1462 1642 ‚
1489 1613 1578 1646 atque
1602 1604 1694 1646 hujus
1718 1608 1878 1650 Religionis
1901 1631 1912 1647 ,
1937 1617 1991 1641 aut
2011 1613 2122 1650 potius.

1226 1650 1437 1694 superstitionis
1447 1652 1568 1687 obtentu
1579 1661 1659 1686 tuum
1671 1655 1854 1688 machinaris
1866 1659 2013 1699 egressum.
2039 1660 2114 1691 Tuae

1230 1703 1339 1735 litterae
1359 1702 1482 1743 faciunt
1507 1712 1538 1736 te
1562 1703 1700 1746 insanum
1724 1730 1731 1737 .
1765 1707 1828 1739 Scis
1856 1714 1929 1747 quia
1955 1707 2115 1740 Monacho-

1229 1762 1297 1783 rum
1324 1753 1419 1783 Pater
1431 1775 1442 1790 ,
1465 1753 1499 1784 6
1506 1750 1588 1794 sacri
1609 1755 1735 1786 OrdinIs
1755 1755 1908 1794 Institutor
1924 1779 1935 1795 ‚
1960 1766 2011 1788 nec
2019 1762 2112 1789 etiam

1228 1801 1388 1833 sacerdotii
1402 1801 1534 1846 gradum
1544 1807 1649 1845 attigit
1663 1827 1674 1843 ‚
1699 1803 1860 1846 expersque
1871 1804 2023 1847 Miffitrum
2039 1806 2113 1838 mul-

1228 1860 1257 1882 to
1279 1858 1409 1891 tempore
1423 1875 1434 1891 ,
1458 1856 1548 1884 etiam
1569 1857 1603 1885 in
1625 1854 1673 1886 die
1685 1851 1810 1895 Paschae
1831 1855 1932 1887 utrum
1953 1852 2112 1896 Paschalis

1229 1900 1295 1942 esset
1316 1899 1493 1942 solemnitas
1516 1907 1688 1946 ignoravit.
1716 1905 1833 1937 Paulus
1841 1909 1960 1946 primus
1972 1907 2112 1939 Eremita

1229 1951 1263 1982 ό*
1275 1954 1437 1992 Antonius,
1470 1954 1579 1985 Petrus
1600 1954 1635 1986 (5
1648 1954 1763 1985 Paulus
1783 1953 1929 1995 Apostoli,
1955 1963 2046 1999 atque
2056 1966 2111 1989 cae-

1228 2005 1285 2032 teri
1306 2012 1427 2042 quorum
1440 2002 1508 2034 laus
1527 2001 1566 2041 est
1576 2008 1610 2034 in
1626 2003 1794 2045 Evangelio
1805 2027 1815 2042 ,
1841 2014 1899 2036 non
1908 2006 2044 2047 leguntur
2047 2004 2110 2045 sin-

1222 2050 1305 2093 gulis
1327 2050 1431 2084 diebus
1448 2049 1558 2093 salutis
1580 2051 1705 2090 hostiam
1725 2053 1896 2095 immolaffe.
1924 2058 2109 2095 Frequentia

1227 2108 1421 2142 contemptum
1437 2106 1540 2142 parit,
1570 2102 1604 2135 6·
1616 2113 1654 2135 ex
1679 2100 1746 2145 ipsa
1770 2109 1900 2137 raritate
1912 2102 2013 2147 crefiit
2025 2116 2109 2139 reve-

1228 2154 1324 2181 rentia
1345 2151 1548 2183 sacramenti.
1577 2150 1698 2185 Multis
1718 2152 1861 2187 ostendit
1882 2153 1922 2188 ad
1941 2153 2046 2199 digne
2058 2165 2109 2189 ce-

1229 2197 1422 2232 lebrandum
1445 2200 1562 2242 requiri
1587 2209 1743 2245 magnam
1762 2201 1941 2244 justitiam,
1968 2204 2110 2248 ideoque

1229 2248 1459 2291 quotidianam
1470 2248 1725 2285 celebrationem
1745 2251 1900 2286 omnibus
1912 2264 1980 2287 non
1993 2264 2112 2287 conve·

1229 2299 1317 2331 nire.
1348 2299 1390 2331 Et
1411 2297 1451 2332 ad
1473 2299 1520 2332 sui
1551 2299 1676 2334 ordinis
1697 2301 1886 2335 Sacerdotes
1898 2303 2019 2346 scripsit
2030 2299 2117 2337 San-'

1230 2349 1297 2380 <stus
1321 2346 1418 2382 Pater
1437 2348 1646 2382 Franciscus:
1675 2353 1777 2383 Moneo
1800 2353 1834 2384 (ν
1849 2351 1988 2384 exhortor
2009 2364 2062 2386 vos
2073 2359 2108 2386 in

1230 2401 1355 2430 Domino
1363 2422 1373 2437 ‚
1399 2407 1433 2430 ut
1454 2403 1485 2430 in
1497 2399 1566 2430 locis
1578 2422 1589 2438 ,
1615 2404 1647 2431 in
1659 2400 1728 2440 quib
1734 2412 1769 2432 us
1791 2410 1944 2434 morantur
1956 2405 2086 2436 Fratres
2097 2428 2111 2445 ,

1231 2459 1292 2480 una
1311 2455 1429 2479 tantum
1448 2448 1606 2482 celebretur
1627 2450 1713 2491 Missa
1726 2454 1759 2482 in
1782 2451 1832 2484 die
1844 2474 1856 2490 ,
1878 2449 2110 2494 secundumfor-

1232 2509 1312 2529 mam
1329 2495 1443 2539 sanc‘lae
1454 2501 1596 2531 Romanae
1617 2499 1771 2542 Ecclefiae.
1796 2502 1908 2534 sivero
1919 2504 1954 2535 in
1974 2503 2032 2536 loco
2041 2505 2111 2546 plu-

1231 2560 1278 2580 res
1284 2547 1400 2588 fiierint
1408 2550 1576 2580 sacerdotes
1587 2572 1597 2587 ‚
1614 2557 1671 2590 per
1681 2560 1809 2583 amorem
1820 2550 2020 2593 charitatisfit
2032 2554 2109 2586 alter

1232 2606 1383 2630 contentus
1406 2599 1511 2630 audire
1533 2599 1758 2631 celebrationem
1777 2601 1940 2632 Sacerdotis
1959 2602 2085 2634 alterius
2097 2627 2106 2634 .

1235 2646 1356 2681 Eadem
1372 2646 1466 2680 verba
1478 2646 1587 2681 laudat
1600 2648 1634 2680 in
1650 2646 1853 2693 Euchologii
1873 2648 2004 2684 scholiis
2013 2651 2109 2694 Joan-

1235 2709 1289 2731 nes
1301 2698 1392 2731 Goar
1403 2721 1414 2736 ,
1441 2706 1538 2740 atque
1555 2698 1670 2732 infert:
1698 2701 1752 2731 Ex
1762 2697 1870 2741 quibus
1892 2701 2047 2734 evidenter
2058 2702 2110 2734 de·

1233 2749 1348 2781 ducitur
1370 2747 1470 2780 Sant‘li
1493 2749 1571 2780 illius
1582 2756 1672 2782 aetate
1692 2749 1821 2782 nondum
1833 2752 2000 2783 Romanam
2012 2753 2110 2785 Eccle-

1228 2796 1304 2839 stam
1324 2798 1424 2838 plures
1436 2798 1535 2840 Missas
1557 2794 1662 2831 eadem
1681 2800 1730 2831 die
1749 2799 1916 2833 celebrandi
1926 2800 2112 2845 consuetudi·

1237 2859 1301 2881 nem
1313 2848 1417 2889 ubique
1427 2857 1579 2889 acceptam
1590 2848 1717 2892 babuiffe
1728 2874 1735 2880 .

1285 2898 1382 2931 Recte
1407 2897 1487 2932 dicit
1508 2922 1519 2938 ‚
1546 2897 1658 2940 Ubique
1676 2922 1684 2929 .
1711 2898 1814 2947 Qod
1837 2900 1927 2934 enim
1952 2902 2109 2937 Romana.

1238 2947 1379 2982 Ecclesia
1402 2949 1592 2983 sacrificium
1613 2950 1646 2982 in
1659 2949 1772 2983 eadem
1783 2948 1837 2983 die
1857 2950 2035 2985 &Basilica
2054 2952 2111 2986 ite-

1236 3009 1302 3032 rare
1313 3000 1514 3033 consueverit
1525 3009 1565 3032 ex
1575 2999 1792 3041 antiquissima
1804 2999 1937 3034 Patrum
1961 3002 2113 3036 traditio-

1238 3060 1278 3082 ne
1289 3072 1300 3088 ,
1328 3049 1419 3092 supra
1442 3049 1614 3084 didicimus
1628 3049 1644 3082 ὲ
1656 3048 1784 3094 Magno
1796 3049 1912 3085 Leone
1927 3076 1935 3083 .
1962 3051 2112 3098 Qapro-

1238 3109 1305 3142 pter
1317 3110 1397 3142 opus
1407 3099 1451 3133 est
1462 3100 1670 3134 distinetione
1681 3123 1692 3140 ,
1719 3100 1890 3144 insigniter
1900 3104 2044 3144 expolita
2055 3113 2112 3144 per

1240 3147 1449 3192 Radulphum
1490 3150 1663 3184 Decanum
1699 3149 1899 3194 Tongrensis
1928 3151 2087 3192 'Ecclefiae
2099 3166 2111 3185 .-

1238 3201 1351 3243 .Quoad
1363 3203 1512 3233 Divinum
1527 3202 1649 3242 officium
1660 3198 1745 3234 hodie
1756 3205 1885 3233 omnium
1895 3200 2058 3233 credulitas
2076 3204 2113 3236 ey
2132 3209 2204 3248 Cap,
2223 3219 2270 3239 22,

1236 3255 1332 3290 opinio
1351 3250 1544 3294 divulgatur,
1571 3251 1651 3292 quod
1672 3250 1761 3284 nullae
1781 3248 1914 3291 Ecclefiae
1930 3248 2057 3292 servent
2079 3257 2114 3284 in

1237 3299 1285 3331 illo
1296 3301 1426 3333 ordinem
1444 3299 1560 3343 sandlae
1572 3304 1713 3333 Romanae
1736 3297 1889 3340 Ecclefiae‚
1916 3298 1973 3339 nist
1981 3303 2114 3335 Fratres

1238 3352 1366 3382 Minores
1380 3374 1390 3390 ‚
1417 3361 1467 3382 nec
1480 3356 1513 3382 in
1522 3351 1684 3392 aliquorum
1696 3349 1788 3391 nifiin
1797 3347 1926 3390 ipsorum
1938 3350 2115 3386 Breviariis

1238 3410 1271 3431 ac
1281 3399 1364 3431 libris
1385 3406 1584 3440 contineatur,
1615 3412 1653 3433 ex
1666 3411 1697 3433 eo
1715 3404 1786 3440 quia
1797 3399 1915 3430 Beatus
1934 3397 2116 3441 Franciscus

1224 3437 1270 3520 lin
1293 3451 1404 3495 Regula
1410 3456 1552 3494 praecipit
1561 3475 1572 3494 ,
1600 3459 1633 3487 ut
1644 3450 1753 3486 Clerici
1767 3446 1891 3492 saciant
1906 3449 2048 3484 divinum
2060 3454 2117 3494 ,offiz

1991 3509 2070 3534 cmm
