2366 3756
96 1522 266 1563 Ltssc.4.

98 2172 262 2254 {ggst}⁶*'
273 2186 342 2230 fint
381 2190 490 2220 merita
517 2183 686 2228 Praesulum
713 2208 725 2224 ,

372 100 473 163 '358

687 101 726 145 S.
763 97 1080 145 Gnnooan
1115 112 1353 146 aarum
1390 98 1754 148 PoNrirlcm

424 297 560 442 C
631 302 772 441 A
846 298 991 442 N
1063 296 1209 439 O
1280 298 1427 442 N
1567 248 2135 444 XXILJ-ss]

301 582 572 732 QUod
596 587 801 635 Romana
835 583 1030 634 Ecclesia
1068 597 1308 650 numquam
1345 585 1504 649 erravit
1536 618 1552 648 ‚
1599 601 1682 639 nec
1718 586 1766 637 in
1789 601 2132 675 perpetuum-4⁴,

484 655 704 724 Scriptura
737 656 930 710 testante
965 692 979 720 ‚
1015 652 1209 708 errabit.

485 847 990 895 ΞεΗοιῙοΝ.

1249 842 1404 890 maculari
1427 868 1435 877 .
1469 842 1565 881 Hinc
1583 845 1750 882 Henricus
1774 852 1905 892 quartus
1929 845 2133 892 Imperator3

1185 907 1189 911 ⁴
1249 893 1315 937 ejus
1334 894 1525 930 successores
1545 897 1713 932 Hem-icus
1722 898 1857 942 quintus
1882 898 1919 932 δε
1936 896 2132 932 Ludovicus

399 991 488 1028 Liud
519 995 583 1030 esse
617 993 795 1030 Ecclesiam
833 992 1023 1041 quampiam
1046 1015 1058 1035 2
1093 992 1181 1030 aliud

422 1043 491 1087 ejus
508 1044 736 1089 Episcopum,
759 1046 806 1084 est
829 1046 1061 1081 manifestum.
1088 1045 1182 1078 Hinc

290 1086 380 1122 inter
404 1090 596 1129 Romanam
619 1095 797 1131 Ecclesiam
821 1096 857 1131 ὅ(
882 1096 1074 1130 Romanum
1095 1094 1183 1132 Pon·

288 1139 414 1176 tificem
449 1141 506 1179 hic
530 1145 629 1180 etiam
663 1147 815 1182 Dielatus
839 1143 948 1180 lucide
985 1144 1179 1187 distinguit.

288 1187 383 1236 Qin
410 1193 446 1228 ἅτ
465 1194 555 1229 aliud
581 1195 628 1228 est
641 1194 843 1239 Episcopus,
869 1194 960 1229 aliud
981 1194 1050 1236 ejus
1063 1191 1182 1226 Cathe-

287 1237 372 1273 dra:
398 1242 504 1278 Aliud
528 1242 730 1286 Apostolica
750 1244 847 1277 Sedes
871 1266 882 1282 ,
908 1241 1002 1276 aliud
1023 1242 1181 1276 Pontifex

291 1288 491 1327 Romanus.
520 1292 628 1325 Hinc
639 1291 726 1325 &m
746 1291 934 1337 Evangelio
958 1291 1045 1326 dixit
1063 1292 1181 1327 Domi-

289 1348 390 1374 nus·
383 1368 390 1375 .
417 1344 511 1384 Super
530 1340 718 1375 cathedram
742 1341 831 1384 Moyfi
842 1341 987 1386 fiderunt
1010 1343 1121 1376 Scrtbae
1146 1344 1180 1376 Θ

286 1388 445 1434 Pharisaei
468 1416 476 1424 .
509 1388 719 1426 -Cathedram
754 1392 997 1426 immaculatam
1035 1391 1180 1426 sedentes

283 1440 466 1476 affirmavit
484 1439 571 1475 varie
581 1442 765 1476 maculosos
786 1466 794 1474 .
822 1442 867 1476 Et
879 1443 913 1476 in
928 1441 1019 1476 libris
1032 1441 1181 1477 adversus

283 1489 457 1532 Iulianum
474 1490 658 1536 Pelagianae
682 1491 824 1536 perfidia:
847 1492 1093 1527 restauratorem
1110 1492 1181 1526 scri-

283 1538 338 1574 ,bit
361 1541 496 1576 Sanstus
518 1540 726 1586 AugustInus
749 1554 756 1573 z
786 1544 876 1585 ,Quid
892 1547 1081 1575 Innocentius
1104 1544 1179 1574 Pon-

281 1589 370 1632 tifex
398 1597 498 1633 potuit
533 1590 686 1633 Africanis
720 1589 894 1634 respondere
917 1593 1056 1624 conciliis
1081 1614 1093 1631 ,
1128 1589 1184 1632 nisi

283 1641 370 1681 quod
379 1646 550 1683 antiquitus
564 1640 723 1683 Apostolica
737 1642 825 1674 Sedes
838 1664 850 1681 ,
874 1641 909 1674 ό*
925 1645 1065 1673 Romana
1083 1639 1179 1681 perse-

280 1699 433 1723 veranter
445 1698 527 1723 tenet
538 1689 667 1730 Ecclefia
681 1692 693 1723 ?
719 1689 956 1724 Innocentium
969 1688 1181 1728 Pontificem,

282 1737 523 1783 Apostolieam
545 1739 664 1774 Sedem
687 1764 699 1781 ‚
736 1740 770 1773 &
792 1740 983 1774 Romanam
1003 1738 1180 1773 Ecclesiam

275 1789 398 1823 ]ucide
421 1789 465 1824 ab
485 1788 628 1824 invicem
650 1789 823 1824 discernit.
851 1789 896 1823 Et
920 1789 1072 1824 adversus
1094 1788 1182 1822 Grae-

281 1848 406 1873 -corum
444 1840 666 1883 quorumdam
703 1840 942 1884 Episcoporum
963 1865 974 1881 ,
1013 1839 1099 1884 quasi
1135 1838 1181 1873 ob

278 1890 446 1924 {Dioscuri
473 1889 700 1924 Alexandrini
717 1914 729 1931 ,
767 1891 803 1924 ὅ(
826 1890 956 1925 Domni
976 1886 1180 1924 Antiocheni

278 1937 486 1974 'Patriarchae
506 1941 633 1984 lapsus,
659 1940 804 1984 ipsorum
825 1941 927 1975 etiam
952 1941 1053 1974 Sedes
1074 1937 1180 1971 humi·

283 1988 389 2032 liare,
406 1990 449 2024 .&
472 1990 883 2032 Constantinopolitanam
907 1989 1048 2021 exaltare
1059 1996 1180 2020 conan-

283 2040 373 2073 tium
397 2062 409 2079 ‚
451 2040 490 2072 iu
535 2037 794 2072 Chalcedonensi
828 2038 967 2080 Synodo
999 2034 1178 2069 D'ecretum

284 2087 412 2131 scripsit
434 2086 477 2121 ad
512 2087 704 2121 Maximum
721 2086 918 2118 Antiochiae
953 2082 1178 2118 Patriafcham

276 2138 425 2173 sanetus
437 2138 509 2172 Leo
520 2135 688 2180 Magnus:
715 2136 762 2166 Et
772 2132 804 2175 s
811 2133 936 2177 diversa
957 2144 1178 2177 nonnumquam

761 2192 861 2217 tamen
884 2186 966 2226 jura
996 2193 1179 2227 permanent

285 2238 439 2276 sedium.
476 2235 521 2269 Et
545 2235 580 2268 in
616 2234 731 2268 litteris
751 2232 793 2267 ad
824 2234 1023 2268 Anatolium
1046 2235 1180 2278 Episco-

284 2298 369 2333 pum
400 2282 834 2329 Constantinopolitanum:
861 2285 952 2316 Aliud
969 2284 1042 2327 sunt
1063 2286 1172 2323 sedes,

285 2338 378 2372 aliud
398 2334 611 2377 Praefidentes·.
640 2334 684 2369 Et
696 2335 730 2367 in
746 2333 831 2368 libro
843 2343 957 2368 contra
971 2334 1177 2369 Collatorem

286 2436 465 2480 universum
485 2436 583 2470 orbem
595 2439 691 2478 Papae
710 2438 830 2475 Zozymi
837 2433 878 2476 fic
889 2445 936 2468 ore
960 2434 1088 2477 loquitur
1100 2459 1107 2466 .
1133 2434 1177 2468 Et

292 2490 333 2523 in
357 2488 474 2522 litteris
500 2486 541 2520 ad
567 2486 761 2520 Honorium
786 2484 1017 2519 salonitanum
1047 2485 1178 2528 Episco-

292 2548 375 2583 pum
401 2549 439 2572 ae
462 2536 638 2572 Dalmatiae
659 2535 913 2579 Metropolitam
937 2536 1072 2569 Sanctus
1091 2533 1178 2578 Papa

297 2589 467 2621 Gelasius:
496 2591 543 2620 An
554 2585 670 2629 nescitis
684 2586 881 2630 Pelaglanttm
902 2584 1032 2626 baerefim
1052 2584 1091 2617 ab
1103 2589 1179 2627 Apo-

285 2638 394 2679 stolica
418 2638 490 2670 Sede
507 2646 564 2679 per
585 2641 785 2670 Innocentium
807 2660 818 2676 ,
846 2639 1027 2675 zozymam,
1053 2634 1180 2676 Bomfa·

293 2695 374 2722 cium
399 2687 487 2730 fuisse
503 2686 685 2729 prostratam
708 2688 720 2720 ἓ
746 2686 920 2720 Pontificis
942 2687 1112 2730 personam
1136 2684 1178 2719 ab

294 2738 492 2781 Apostolica
514 2735 615 2776 Sede,
640 2747 808 2780 tamquam
828 2736 846 2769 ὲ
866 2745 942 2771 toto
965 2747 1102 2779 corpore
1115 2746 1173 2775 os,

298 2788 409 2821 lucide
431 2787 619 2821 discernunt
642 2812 649 2819 .
687 2787 863 2821 Consonat
882 2786 918 2819 in
939 2787 1032 2820 sextae
1050 2783 1176 2829 Synodi

282 2837 546 2872 *confirmatorio
558 2835 598 2870 ad
607 2836 864 2870 Constantinum
876 2846 1027 2877 quartum
1043 2836 1180 2879 Impera·

299 2896 405 2921 torem
419 2886 589 2928 Rescripto
600 2886 733 2919 Sanctus
753 2887 826 2920 Leo
839 2885 995 2919 secundus
1010 2898 1018 2917 ε
1046 2888 1107 2918 Per
1125 2897 1177 2919 no-

289 2935 389 2979 strum
399 2936 516 2978 officium
525 2934 589 2968 'bac
601 2937 776 2968 veneranda
787 2936 876 2968 Sedes
890 2938 913 2966 A
911 2935 1045 2976 postolica
1063 2938 1175 2969 coneor-

298 2990 380 3020 dt'ter
390 2986 460 3026 his,
487 2985 700 3028 quaa-‘definita
718 2984 790 3028 sunt
804 3009 816 3025 ,
841 2983 1002 3028 consentit,
1028 2987 1062 3019 (9
1085 2988 1176 3017 Beati

303 3035 736 3076 Petriaubloritateconfirmat
748 3060 755 3067 .
782 3036 827 3068 Et
848 3035 883 3069 in
895 3034 1010 3068 litteris
1029 3035 1068 3068 ad
1079 3035 1174 3069 Fran-

301 3096 419 3120 corum
434 3084 609 3126 Epist-opos
620 3085 798 3129 Gregorius
807 3094 940 3128 quartus
953 3098 963 3117 :
994 3086 1174 3118 Honoranda
1214 3125 1218 3128 ¹

759 3137 920 3176 &propter
931 3134 1118 3167 cathedram
1136 3134 1181 3177 se-

561 3187 618 3215 Vos
638 3192 736 3216 autem
754 3185 869 3226 fidelem
882 3184 1051 3225 Pontificem
1061 3185 1180 3217 dehone-

1012 3236 1106 3278 ‚Quod
1126 3246 1182 3266 om-

305 3286 375 3318 nino
390 3283 506 3325 falsum
525 3282 563 3323 est
585 3307 593 3315 .
615 3282 723 3316 ·Hinc
742 3284 925 3327 frequenter
955 3283 1093 3327 legimus
1120 3284 1180 3318 Ca-

301 3136 340 3176 est
359 3134 513 3167 Cathedra
527 3135 708 3175 Pontificalis
721 3159 732 3174 ,

302 3188 379 3218 dens
408 3191 440 3217 in
461 3184 513 3219 illa
525 3209 532 3215 .

297 3234 443 3276 standum
454 3235 617 3275 predicans
628 3231 739 3275 absque
761 3237 873 3276 injurlae't
882 3236 966 3267 sedis
980 3247 987 3266 z

305 3332 454 3370 thedram
465 3332 553 3372 vario
570 3332 619 3367 sui
631 3332 782 3378 Episcopi
799 3335 917 3369 merito
940 3332 1094 3369 honorari
1121 3344 1177 3368 ant

102 2407 192 2446 Epist.
215 2416 263 2444 33:-
286 2388 429 2423 *Sanetus
441 2386 598 2430 Prosper:
625 2383 816 2427 sacrosandi‘a
829 2386 920 2417 Beati
934 2387 1019 2417 Petri
1030 2384 1117 2417 Sedes
1133 2384 1193 2416 >aal-

102 2457 168 2486 ωρ-
191 2456 218 2483 ς.

106 2490 143 2519 C.
170 2497 214 2518 10·

1249 954 1382 988 quartus
1400 968 1412 985 ‚

1248 993 1368 1037 aliique
1382 995 1490 1038 plures
1502 997 1672 1031 adversum
1693 997 1913 1033 Ecclefiastica
1935 997 2005 1041 jura
2026 995 2133 1042 digla-

1246 1043 1406 1084 diantes,
1432 1055 1639 1089 nequaquam
1659 1047 1723 1081 sese
1742 1045 1816 1081 Sedi
1826 1045 2047 1091 Apostolicae,
2073 1044 2134 1080 sed

1247 1092 1327 1126 huic
1340 1092 1516 1126 dumtaxat
1541 1104 1598 1128 aut
1625 1096 1681 1129 isti
1698 1096 1856 1130 Pontifici
1883 1096 2043 1131 adversari
2062 1097 2136 1131 fue*

1246 1150 1323 1175 runt
1344 1140 1534 1196 protestati.
1560 1142 1658 1177 Hine
1675 1144 1756 1180 item
1766 1146 1856 1181 aliud
1878 1147 1923 1185 est
1937 1146 2133 1181 Romanum

1247 1190 1447 1225 Pontificem
1466 1197 1508 1225 eit
1528 1191 1676 1237 proprio
1697 1193 1815 1237 privati
1832 1196 1990 1230 nonoris
2009 1197 2132 1235 sensu,

1244 1239 1334 1275 aliud
1358 1251 1402 1275 ex
1422 1241 1531 1275 sancti
1553 1241 1642 1277 Petri
1657 1242 1812 1287 Apostoli
1831 1243 2011 1278 cathedra
2020 1245 2055 1278 ἀ
2067 1246 2133 1288 pri⁴

1246 1289 1368 1336 vilegio
1389 1290 1482 1335 loqui
1508 1301 1565 1326 aut
1595 1292 1761 1327 definire.
1797 1291 1942 1328 Proinde
1964 1291 2135 1328 distinctio

1246 1338 1313 1374 haec
1336 1338 1470 1375 fundata
1492 1340 1561 1384 est,
1588 1342 1830 1386 antiquiffima,
1854 1342 1890 1378 δε
1908 1343 2022 1378 multis
2031 1343 2134 1379 eluci-

1244 1389 1364 1425 dandis
1380 1388 1578 1426 necessaria.

1294 1439 1422 1476 Verum
1443 1441 1578 1486 quaestio
1597 1442 1672 1484 est,
1697 1442 1874 1492 Qidnam
1897 1442 1952 1479 hic
1967 1443 2135 1490 intelliga-

1244 1500 1363 1535 turpet
1386 1489 1615 1535 Apostolicam
1642 1492 1864 1536 Gathedram,
1887 1494 1973 1540 quid
1991 1505 2049 1539 per
2067 1495 2132 1529 Ec-

1243 1540 1376 1575 clesiam
1412 1539 1602 1577 Romanam
1639 1544 1653 1577 ἓ
1696 1543 1897 1588 Respondeo
1936 1545 2134 1591 Romanam

1243 1589 1422 1625 Ecclesiam
1445 1593 1550 1637 accipi
1571 1597 1712 1638 quatuor
1732 1594 1872 1631 modis.
1904 1593 2042 1636 Primo,
2066 1603 2131 1639 pro

1243 1640 1335 1674 omni
1351 1638 1512 1675 Romana
1532 1644 1791 1684 communione,
1816 1645 1873 1678 seu
1885 1654 1945 1686 pro
1961 1643 2055 1679 omni
2066 1643 2133 1678 sub

1243 1689 1327 1723 eoelo
1339 1689 1506 1729 Ecclesia,
1528 1688 1722 1724 Romanam
1733 1695 1770 1726 u't
1779 1701 1878 1734 caput
1902 1692 1938 1725 δε
1949 1693 2037 1726 reetae
2044 1691 2130 1727 fidei

1243 1737 1388 1771 radicem
1412 1745 1588 1771 venerante
1613 1735 1627 1769 i
1660 1738 1704 1769 Et
1727 1740 1772 1771 sic
1796 1740 1951 1773 Romana
1981 1740 2129 1775 Ecclesia

1244 1786 1290 1821 est
1314 1787 1401 1821 idem
1416 1809 1430 1827 ,
1456 1784 1546 1831 quod
1567 1785 1710 1820 Ecclesia
1732 1786 1908 1822 Catholica
1933 1788 1987 1822 scu
1997 1788 2130 1824 univer-

1243 1836 1332 1872 salis.
1362 1837 1457 1871 Hinc
1480 1837 1516 1871 in
1540 1836 1648 1879 primo
1662 1836 1705 1871 de
1717 1836 1956 1881 Apostolorum
1968 1837 2129 1884 Principi-

1243 1887 1303 1921 bus
1333 1888 1484 1920 sermone
1508 1887 1639 1921 Sanetus
1664 1886 1735 1921 Leo
1766 1886 1879 1922 *scribit
1899 1886 2044 1925 Romam
2063 1890 2130 1925 esse

1242 1936 1356 1970 urbem
1388 1935 1629 1971 Sacerdotalem
1655 1937 1691 1971 &
1712 1936 1857 1982 Regiam
1876 1961 1889 1978 ,
1914 1949 1985 1982 quae
2003 1949 2057 1982 per
2078 1940 2127 1974 sa·

1241 1996 1328 2018 cram
1341 1985 1427 2019 Petri
1445 1985 1562 2021 Sedem
1575 1996 1674 2029 caput
1683 1986 1772 2021 orbis
1784 1988 1894 2021 effesta
1905 2012 1916 2028 ‚
1942 1987 2040 2022 latius
2049 1999 2125 2032 prae·

1240 2033 1340 2069 fideat
1352 2034 1531 2080 Religione
1543 2035 1667 2070 Divina
1678 2060 1689 2077 ,
1714 2037 1811 2079 quam
1823 2036 2052 2072 dominatione
2062 2046 2124 2073 ter-

1241 2090 1333 2117 rena'.
1359 2083 1422 2116 Per
1445 2084 1609 2118 laudatam
1631 2086 1721 2119 enim
1733 2085 1861 2119 Sedem·
1874 2097 1944 2120 non
1965 2086 2123 2123 solis'Ro-

1241 2133 1330 2167 mani
1352 2132 1519 2176 Imperii,
1546 2131 1601 2167 sed
1629 2132 1753 2168 cunffis'
1780 2135 1879 2168 etiam
1910 2134 2130 2172 Barbararum‘

1241 2183 1403 2217 Gentium
1418 2182 1566 2218 Ecclesiis
1576 2183 1731 2228 praefidet.
1758 2183 1808 2219 lta
1823 2196 1891 2219 non
1905 2184 1951 2219 est
1963 2180 2123 2221 Barbarus

1239 2243 1295 2268 aut
1317 2231 1438 2277 Schyta
1462 2258 1474 2274 ,
1498 2232 1551 2268 sed
1571 2234 1681 2268 omnis
1712 2234 1873 2270 Barbarus
1899 2259 1911 2275 ,
1935 2234 2121 2274 dumm'o‘do

1242 2284 1312 2318 vere
1324 2283 1552 2332 Christianus,
1577 2283 1623 2317 est
1642 2284 1816 2318 Romanus
1829 2310 1836 2317 .
1865 2286 2020 2320 Secundo
2038 2286 2128 2321 acci:

1241 2333 1327 2379 pitur
1349 2346 1408 2377 pro
1433 2333 1504 2367 solo
1524 2333 1682 2368 Romano
1701 2332 1942 2370 Patriarchatu.
1969 2336 2029 2369 Uti
2045 2335 2123 2371 Ales

1244 2383 1403 2418 xandrina
1429 2381 1710 2418 aut‘Antiochena
1722 2384 1862 2418 Ecclesia
1876 2384 1962 2419 idem
1972 2385 2123 2430 quando-

1240 2445 1302 2478 que
1318 2433 1364 2469 est
1387 2434 1476 2475 quod
1499 2432 1552 2468 hic
1576 2443 1633 2468 aut
1662 2433 1717 2468 ille
1735 2432 1993 2479 patriarchatus3
2020 2436 2125 2471 ficest·

1240 2484 1274 2517 ὃ(
1296 2482 1337 2517 de
1357 2483 1531 2518 Romana.
1557 2484 1639 2519 Hoc
1661 2484 1752 2518 sensu
1766 2509 1777 2525 ‚
1802 2483 1847 2518 ob
1865 2484 1974 2520 Sansti
1997 2485 2120 2529 Cyrilli

1243 2532 1457 2567 Alexandrini
1486 2535 1519 2568 δε
1541 2534 1677 2577 Ioannis
1696 2532 1889 2571 patriarchae
1911 2534 2123 2572 Antiochen}

1239 2593 1326 2618 natas
1339 2584 1373 2617 in
1392 2582 1551 2627 Ephefina
1563 2584 1700 2627 Synodo
1712 2585 1785 2620 lites
1805 2585 1960 2619 dicuntur
1973 2585 2123 2620 Alexan·

1238 2635 1331 2668 drina
1356 2634 1389 2667 δι
1404 2632 1616 2668 Antiochena
1628 2632 1766 2668 Ecclesia
1777 2631 1901 2667 dudum
1911 2634 2118 2670 discordasse.-

1241 2684 1283 2718 Et
1293 2683 1338 2717 ob
1350 2683 1457 2717 Sancti
1467 2683 1601 2726 Joannis
1609 2682 1836 2727 Chrysostomi
1847 2682 1994 2726 iniquam
2006 2685 2119 2729 degra-

1238 2734 1408 2769 dationem
1420 2734 1519 2767 etiam
1544 2734 1702 2767 Romana
1723 2733 1756 2767 &
1779 2732 2118 2778 Constantinopolita-

1241 2796 1298 2819 na.
1330 2783 1473 2818 Ecclesia
1483 2784 1528 2818 est
1541 2783 1611 2817 istic
1621 2783 1707 2817 idem
1718 2782 1808 2825 quod
1820 2793 1889 2816 tota
1919 2781 2123 2829 patriarcha--

1238 2845 1290 2869 tus
1302 2834 1514 2868 communio.
1541 2832 1660 2867 Tertio
1670 2833 1828 2875 accipitur
1839 2844 1896 2876 pro
1913 2833 1981 2868 sola
1994 2835 2117 2870 Roma·

1241 2897 1288 2919 nae
1309 2885 1530 2928 Metropolios
1552 2883 1722 2917 Provincia
1734 2907 1743 2923 ,
1770 2883 1919 2916 latiffima
1937 2884 2020 2919 olim
2032 2903 2056 2925 ,›
2069 2894 2119 2920 ut·

1241 2933 1316 2979 pote
1331 2946 1402 2978 quae
1419 2932 1708 2977 comprehenderet
1727 2936 1862 2967 omnem
1874 2933 2089 2977 Campaniam
2106 2959 2119 2976 ,

1242 2983 1422 3019 Thusciam
1434 3009 1445 3026 ‚
1471 2983 1630 3018 Picenum
1645 3006 1655 3022 ,
1681 2982 1831 3023 Brutios,
1860 2981 2039 3027 Apuliam,
2053 2985 2122 3031 Ca-⁴

1244 3035 1378 3070 labriam
1391 3058 1402 3075 ,
1427 3044 1523 3076 atque
1535 3033 1678 3067 Siciliam
1690 3057 1698 3065 .
1725 3031 1855 3080 Qarto
1868 3034 2036 3078 accipitur'
2049 3035 2118 3070 stri·

1243 3083 1373 3120 stiffime
1396 3096 1457 3128 pro
1480 3084 1546 3117 sola
1557 3082 1698 3116 Ecclesia
1716 3082 1821 3116 Almae
1833 3082 1921 3116 urbis
1935 3108 1943 3116 .
1969 3084 2013 3118 Et
2036 3097 2116 3129 quo·
2138 3120 2140 3123 f

1246 3136 1332 3168 niam
1345 3145 1411 3167 non
1425 3145 1482 3177 pro
1494 3133 1648 3166 Romano
1662 3132 1824 3166 Pontifice
1835 3157 1846 3172 ,
1872 3144 1933 3167 nec
1953 3144 2012 3176 pro
2029 3136 2116 3178 Apo-

1246 3184 1354 3218 stolica
1376 3185 1477 3223 Sede,
1504 3182 1555 3215 scd
1576 3194 1634 3225 pro
1653 3182 1717 3215 sola
1733 3181 1883 3215 Romana
1897 3183 2035 3217 Ecclesia
2060 3185 2116 3220 hic

1245 3234 1373 3269 dictavit
1383 3232 1533 3277 septimus
1547 3232 1726 3276 Gregorius
1738 3254 1748 3270 ‚
1758 3233 1888 3276 quaestio
1899 3233 1942 3265 est
1954 3258 1964 3273 ‚
1991 3234 2024 3267 in
2039 3246 2116 3278 qua-

1246 3296 1319 3320 nam
1333 3284 1461 3317 istarum
1475 3292 1612 3324 quatuor
1623 3282 1849 3325 acceptionum
1867 3283 1970 3326 spec-ie
1980 3285 2118 3328 sumpse-

1247 3335 1285 3368 rit
1300 3333 1472 3368 Ecclesiam
1485 3332 1696 3368 Romanam?

1982 3383 2072 3431 Qo.

1439 943 1614 990 Philippus
1642 947 1784 983 Pulcher
1805 947 2131 989 Francorum-Rex,
2184 952 2187 956 '
