2366 3756
343 177 402 222 52
729 163 1183 207 Vlctoitls

1263 176 1651 207 SECUNDI

320 254 480 300 Pagenses
504 252 677 288 Lufitaniae
697 251 858 287 Ecclefias
880 259 936 283 aut
949 247 1016 282 haec
1028 249 1174 293 Episco-l
1224 249 1326 285 bendis
1341 250 1558 287 Parocbialium
1569 252 1840 295 Ecclefiarumjura
1859 261 2027 301 contingat,
2050 267 2100 291 nec

273 316 392 350 porum
403 303 534 337 vexatio
550 311 606 336 aut
617 301 680 337 alia
701 300 871 336 calamitas
893 298 1074 334 reddiderat
1096 300 1161 333 tui-

273 356 386 392 nosas‚
415 353 554 386 caducas
577 376 588 393 ,
613 351 769 386 desolatas
796 374 803 382 .

273 402 428 447 Synodus
439 402 483 437 est
495 401 628 437 ulterius
635 399 797 445 progressa
811 412 819 432 z
839 399 937 433 'Beni
951 397 1095 443 disposuit
1108 403 1159 432 Di-

1222 299 1419 345 quascumque
1440 305 1550 337 exinde
1568 302 1766 346 inquisitiones
1791 312 1842 336 aut
1861 307 2023 340 evechones
2038 313 2099 340 exi·
2156 314 2159 316 '

834 349 928 384 Hinc
952 347 1160 384 Emeritensis
1215 363 1288 396 gere
1306 351 1415 385 audeat
1430 377 1441 392 ‚
1466 351 1525 395 sed
1545 350 1582 387 de
1599 354 1726 395 praedlis
1741 351 1865 396 suarum
1883 353 1999 397 sedium
2008 360 2098 402 Regio

1221 399 1339 435 culmini
1354 400 1444 444 fhlita
1461 402 1700 446 perquist'tionum
1720 402 1851 447 obsequia
1871 404 1989 446 deftrat
2005 431 2015 447 ,
2053 413 2098 440 nt-

272 460 349 488 vina
358 459 461 497 gratia
471 477 481 493 ‚
507 451 654 494 quidquid
662 455 817 492 unicuique
828 448 960 491 Ecclefiae
985 451 1005 483 ἃ
1020 448 1158 491 fidelibus
1219 450 1317 493 bilque
1336 453 1374 485 de
1391 451 1478 486 rebus
1500 454 1669 488 earumdem
1680 453 1895 488 Parocbialium
1906 456 2098 498 Ecclefiarum

272 505 406 538 collatum
417 502 473 543 est,
500 501 627 534 babeat.
655 498 763 543 Pristis
778 505 885 543 quippe
895 500 1067 534 canonibus
1092 508 1159 534 erat
1217 499 1308 544 causa
1324 501 1466 546 stipendii
1486 501 1651 546 cujuspiam
1668 505 1742 539 dare
1760 503 1937 548 praesumat.
1967 508 2060 549 ‚Quod
2072 505 2103 548 fi

271 554 440 590 decretum,
463 559 496 584 ut
505 546 670 595 Episcopus
683 551 719 583 de
733 549 929 584 Parochtants
954 548 1085 591 Ecclest'ts
1098 558 1160 583 ter·
1183 548 1185 550 ’
1211 551 1348 593 fectrit,
1373 552 1495 587 duorum
1522 553 1657 596 menfium
1675 553 1776 598 spatIo
1800 561 2044 588 excommunicari
2063 553 2098 599 fi·

271 609 348 636 tiam
356 601 544 646 sequeretur,
569 606 615 633 cui
622 599 680 643 sua
694 600 855 642 plenissime*
874 598 1004 643 sufficere
1022 600 1154 643 possunt.

1220 607 1354 635 noverit.
1384 601 1427 636 Et
1450 603 1562 648 Regio
1583 601 1719 639 confilio
1743 603 1970 647 obtemperans
1994 606 2100 648 Syno-

273 655 392 687 Placuit
414 652 479 686 huic
495 650 601 685 Sanc'lo
627 651 754 684 Concilio
774 675 784 691 ‚
812 659 845 682 ut
862 651 960 685 nullus
988 652 1158 685 Provincia
1217 652 1278 685 dus
1297 650 1400 685 emisit
1423 651 1511 687 hunc
1533 650 1708 689 canonem
1730 669 1740 689 .·
1767 658 1803 690 In
1826 655 1921 687 medio
1938 663 2025 688 caetus
2051 667 2102 688 no—

272 697 433 746 Lufi'tiiniae
447 705 476 734 E
477 700 610 745 piscopus
616 699 776 745 sementia:
786 698 875 740 hujus
891 705 1051 733 terminum
1072 711 1157 734 exce-

270 755 327 787 dat
341 779 351 794 ‚
379 763 429 786 nec
440 754 459 784 ἃ
471 751 601 795 qualibet
614 750 800 785 Parocbiana
820 749 946 791 Ecclefia
963 756 1086 783 tertiam
1106 761 1154 782 au-

267 801 350 844 ferre
359 801 526 846 prasumat
542 827 552 843 ‚
576 800 635 845 sed
642 800 788 846 quidquid
796 800 906 833 exinde*
915 798 1047 841 consequi
1054 808 1155 842 potue·

270 852 322 886 rat
334 877 344 892 ‚
370 863 463 888 totum
475 859 507 887 in
519 858 734 895 reparationem
747 847 879 892 ipsarum
887 847 1080 889 Basilicarum
1086 858 1155 890 pro-

266 902 368 946 ficiat.
399 910 508 938 Omnes
523 905 593 937 vero
607 900 791 940 Presbyteri,
817 904 869 940 qui
887 904 1026 933 virtutem
1048 898 1154 933 babue-

269 954 334 987 r'int
347 978 358 994 ‚
387 954 528 998 Episcopo
542 951 595 996 suo
611 952 772 994 placitum·
779 947 899 990 faciant
922 972 934 989 ‚
960 957 995 982 ut
1013 957 1153 992 reparare

270 1003 412 1047 Ecclesi'as
427 1004 482 1047 fibi
501 1002 660 1045 commissas
680 1000 840 1033 intendant
860 1023 868 1031 .
900 999 996 1042 ,Quod
1006 998 1038 1042 fi
1048 999 1153 1042 facere

269 1052 435 1093 distulerint
449 1080 459 1096 ‚
485 1054 523 1087 ab
537 1050 678 1094 Episcopo
684 1048 737 1093 suo
759 1048 902 1089 distriffl,
928 1049 1072 1091 Ecclefias
1096 1050 1152 1092 fibi

269 1104 397 1138 creditas
411 1106 498 1148 digne
510 1109 649 1144 reparent
662 1125 670 1131 .
696 1097 829 1141 Ecclefiae
842 1108 961 1142 tamen,
990 1111 1056 1143 quae
1068 1112 1151 1134 mun-

269 1153 364 1187 diales
374 1166 421 1188 res
436 1153 534 1187 nullas
549 1150 658 1185 habent
681 1173 691 1190 ,
712 1147 910 1193 sbllicitudine
922 1152 957 1185 (tt
974 1149 1152 1194 dispositione
1172 1146 1174 1150 '

268 1201 437 1248 Episcopali
459 1203 588 1236 habeant
610 1206 826 1242 reparationem
849 1226 855 1233 .
885 1201 1006 1235 Afferit
1029 1202 1152 1236 cunstis

268 1252 443 1289 Luiitaniae
466 1250 717 1288 Cathedralibus
730 1250 880 1284 Ecclefiis
891 1252 953 1286 effe
964 1262 1150 1295 competen-

267 1312 336 1337 tem
358 1304 589 1341 substantiam‚
616 1299 757 1345 ideoque
779 1299 972 1346 pagensium
995 1302 1148 1336 Ecclefia-

265 1361 336 1386 rum
362 1356 456 1389 tertia
480 1354 609 1388 nullum
632 1350 833 1396 Episcopum
859 1351 1024 1396 indigere.
1052 1352 1148 1386 Istam

263 1404 343 1446 ergo
355 1404 455 1438 sancit
467 1404 620 1447 deinceps
633 1399 863 1446 applicandam
885 1400 1069 1444 reparandis
1090 1399 1150 1434 Ba-

263 1452 356 1487 filicis
370 1480 379 1496 ‚
406 1453 535 1488 tamdiu
556 1452 738 1495 Episcopos
749 1450 865 1493 abipsa
875 1453 940 1485 effe
959 1451 1126 1493 suspensos
1139 1474 1149 1489 ,

263 1502 382 1538 &ante
394 1504 562 1547 expletum
585 1500 688 1534 hocce
711 1499 923 1532 necessarium
942 1509 1048 1541 opus,
1074 1509 1147 1534 ean·

261 1553 336 1588 dem
358 1555 376 1588 a
399 1553 493 1588 nullo
506 1550 670 1594 Episcopo
686 1545 837 1592 praetendi
849 1557 905 1581 aut
917 1547 1029 1581 vexari
1044 1572 1050 1579 .
1080 1546 1148 1581 Ad-

262 1602 309 1638 dit
323 1612 500 1650 pauperum
511 1600 678 1647 Pagorum
692 1623 702 1638 ,
729 1598 806 1632 licet
820 1596 861 1632 ab
873 1596 938 1632 illis
952 1596 1040 1631 nulla
1051 1596 1147 1630 detur

262 1657 356 1695 tertia
378 1677 389 1694 ,
418 1652 582 1688 Ecclefias
599 1648 755 1694 Episcopi
776 1647 922 1691 impensa
945 1647 1044 1681 etiam
1061 1657 1145 1690 repa-

263 1704 395 1740 randas.
423 1704 508 1739 Item
532 1699 648 1735 st'atuit
669 1695 876 1733 cathedralis
896 1698 929 1732 δε
949 1696 1144 1742 Pagenfium

263 1752 481 1790 Ecclefiarum
504 1752 593 1789 bona
615 1760 746 1784 manere
767 1747 869 1782 divisa
886 1759 894 1779 :
914 1745 1017 1794 Quod
1030 1746 1146 1790 nempe

264 1807 501 1850 Episcopotum
525 1800 626 1846 aliqui
650 1797 691 1834 ad
702 1796 1063 1834 avitamindivisionem
1076 1808 1144 1830 non

265 1857 420 1890 cessarent
442 1853 600 1897 adspirare
627 1876 634 1884 .
663 1851 748 1896 Qae
775 1849 915 1883 Decreta
935 1845 1143 1891 postmodum

264 1907 347 1940 adeo
362 1904 510 1950 probavit
533 1904 608 1938 Rex
633 1900 792 1944 Egicanes
817 1923 827 1939 ‚
857 1909 894 1933 ut
915 1898 1038 1932 sextam
1060 1896 1145 1931 deci-

264 1968 351 1990 mam
373 1955 574 1989 Toletanam
599 1949 770 1995 Synodum
790 1948 888 1984 fuerit
910 1945 1143 1982 adhortatusin

264 2005 352 2040 hunc
374 2005 533 2040 modum:
563 2005 647 2045 ‚Quia
680 2004 870 2041 comperimus
890 2023 900 2038 ,
930 1998 1010 2040 quid
1041 1997 1144 2030 multae

264 2060 320 2089 Dei
341 2055 478 2100 Bafilicae
498 2059 530 2087 in
553 2048 684 2095 disperfis
710 2052 779 2084 locis
798 2048 963 2086 vestrarum
987 2046 1146 2081 Parocbia-

262 2119 328 2140 rum
351 2106 516 2147 constituta
529 2128 538 2144 ,
561 2103 632 2136 dum
653 2101 697 2134 ad
716 2106 803 2133 unius
818 2097 976 2141 respiciunt
987 2099 1144 2130 ordinatio-

262 2169 326 2191 nrm
351 2156 518 2194 Presbyteri
542 2177 553 2192 ‚
574 2163 626 2185 nec
647 2150 797 2189 affiduain
813 2154 863 2180 eis
877 2146 1023 2189 sacrificia
1049 2149 1150 2178 Domi·

263 2222 299 2243 no
319 2207 487 2241 delibantur
502 2227 512 2242 ,
531 2203 565 2234 (ν
587 2194 734 2237 destitutae
754 2202 910 2226 remanent
932 2217 942 2233 ,
981 2200 1069 2235 atque
1083 2192 1147 2234 fine

262 2260 347 2292 tediis
370 2258 420 2290 vel
435 2249 626 2298 semi-tet‘lae
639 2245 707 2290 ferei
730 2242 885 2288 noscuntur
900 2268 909 2282 ‚
937 2241 1102 2284 specialiter
1112 2248 1144 2274 in

264 2305 436 2340 canonibus
458 2303 631 2338 adnotetis,
656 2305 839 2337 unaquaque
871 2291 1018 2333 Ecclefia‚
1045 2303 1146 2333 quam-

266 2363 317 2392 vis
334 2358 530 2398 pauperrima
549 2374 559 2389 ,
585 2359 651 2390 quae
674 2347 726 2380 vel
746 2346 841 2378 decem
864 2348 1013 2385 mancipia
1038 2341 1145 2374 babere

260 2405 353 2451 potest
373 2430 383 2444 ‚
405 2403 453 2447 sui
473 2400 577 2434 debeat
598 2409 667 2431 cura
685 2395 846 2441 gubernari
869 2393 987 2427 cultoris
1013 2404 1027 2432 ;
1065 2400 1145 2424 caete-

268 2458 334 2490 rum
349 2455 378 2498 fi
393 2454 488 2486 minus
502 2450 636 2483 habuerit
648 2473 658 2488 ‚
684 2447 728 2479 ad
746 2445 869 2479 alterius
885 2441 1016 2485 Ecclefiae
1028 2441 1142 2480 Presby-

268 2517 361 2540 terum
379 2500 537 2547 pertinebit
558 2526 565 2531 .
593 2504 678 2532 Nam
698 2498 771 2529 dum
789 2507 826 2529 ex
851 2493 985 2527 omnibus
1005 2493 1143 2534 plurimae

271 2553 405 2599 Bafilicae
426 2558 510 2587 unius
524 2549 720 2594 sollicitudine
739 2553 879 2590 reguntur
903 2569 913 2584 ,
944 2541 1064 2586 fhlitum
1085 2540 1142 2582 est,

270 2612 343 2650 quia
365 2607 398 2640 (τ
419 2604 555 2638 viduatae
571 2598 743 2642 persistunt,
770 2598 805 2630 <5
827 2595 941 2636 difficile*
947 2592 1042 2636 sacris
1055 2593 1145 2624 culti-

271 2651 323 2690 bus
344 2657 412 2689 ordo
430 2653 547 2687 debitus
567 2649 735 2684 exhibetur.
770 2647 864 2689 ‚Quod
883 2655 940 2676 non
959 2644 1076 2676 tantum
1097 2643 1148 2674 5a-

272 2706 432 2740 cerdatibus
452 2707 507 2737 Dei
526 2708 560 2734 in
582 2701 668 2742 culpa
685 2696 721 2739 est
737 2721 747 2737 ‚
773 2696 879 2730 verum
899 2699 989 2728 etiam
1003 2691 1148 2734 &infide-

274 2757 350 2788 libus
369 2756 494 2800 Judaeis
515 2751 669 2784 ridiculum
690 2746 791 2788 adfert
815 2771 822 2778 .
863 2746 927 2788 ,Qui
953 2745 1051 2776 dicunt
1074 2741 1151 2774 nibil

274 2803 434 2846 praeflitiffe
453 2800 624 2833 interdic‘las
640 2798 695 2838 fibi
716 2810 751 2830 ac
771 2793 1021 2836 dcstruc‘lasfuiffe
1030 2795 1150 2835 synago-

271 2866 331 2897 gas
354 2878 364 2894 ,
401 2852 462 2885 cum
480 2856 601 2882 cernant
617 2848 732 2887 pejores
762 2845 879 2885 effec‘las
901 2844 952 2888 effe
974 2842 1150 2883 Christiano·

277 2914 343 2936 rum
369 2899 529 2942 Bafilicas.
558 2899 615 2929 Pro
627 2906 751 2936 quarum
773 2899 861 2927 etiam
871 2894 1148 2936 reparationeave-

271 2953 337 2993 stra
354 2948 539 2990 universitate
564 2944 735 2988 censendum
758 2944 795 2983 cst
808 2968 818 2984 ,
843 2954 875 2977 ut
895 2955 946 2977 eas
957 2940 1151 2986 unusquisque

278 3002 440 3046 Episcopus
461 3000 497 3031 de
517 3001 612 3030 tertiis
626 2993 840 3028 parochialium
851 2994 1043 3035 Basilicarum
1055 2997 1151 3024 Cano-

281 3054 344 3086 nicci
364 3049 572 3090 restaurandas
593 3044 729 3088 invigilet
751 3069 757 3075 .
792 3046 858 3087 ,Qui
884 3042 914 3084 fi
940 3047 1045 3076 tertias
1068 3039 1149 3082 ipsas

283 3101 414 3146 consequi
437 3097 578 3135 noluerit,
602 3106 669 3126 cura
685 3091 734 3136 sui
750 3095 913 3136 gerendum
936 3092 995 3131 est,
1020 3100 1054 3123 ut
1067 3089 1152 3132 Pres-

284 3151 360 3190 byter
380 3146 530 3189 destruc‘lae
551 3143 681 3183 Ecclefiae
704 3145 811 3176 exinde
835 3142 1008 3184 commissam
1023 3139 1078 3181 fibi
1091 3142 1151 3173 Ba-

279 3199 388 3243 filicam
406 3204 524 3240 reparet
544 3206 551 3225 :
579 3195 761 3226 Evidentem
782 3191 909 3235 censurae
930 3193 1046 3223 modum
1069 3198 1151 3231 appo-

287 3261 390 3285 nentes
410 3255 441 3281 in
463 3253 602 3282 canone,
627 3245 751 3283 qualiter
770 3242 852 3274 debet
864 3238 1022 3282 incuriosus
1035 3241 1153 3282 quiquue

288 3299 451 3344 Episcopus
473 3296 680 3330 condemnari,
700 3290 730 3331 fi
740 3289 945 3332 praescriptum
953 3298 1008 3330 pro
1018 3299 1152 3331 reparan-

286 3353 335 3384 dis
350 3354 404 3384 Dei
415 3345 544 3387 Templis
555 3344 689 3376 ordinem
699 3341 856 3382 neglexerit
867 3339 1042 3379 adimplere.
1070 3345 1154 3373 Nam

290 3404 322 3433 <3⁶
340 3400 389 3432 boc
412 3394 635 3437 Honorificentia
656 3389 751 3430 vestra
769 3390 950 3431 promulgare
962 3389 1095 3430 curabit,
1121 3399 1155 3422 ut

291 3449 496 3492 Epist-oporam
518 3455 599 3479 nemo
620 3449 674 3485 pro
697 3442 794 3485 Regiis
827 3437 1053 3482 inquifitioni'bus
1075 3439 1155 3474 exhi·

1211 701 1268 741 stri
1291 701 1422 736 deducta
1449 702 1488 747 est
1522 705 1708 746 quorundam
1731 703 1906 748 consuetudo
1924 707 2097 739 inordinata

1217 752 1405 785 sacerdotum
1419 777 1430 792 ,
1457 759 1507 796 qui
1528 753 1689 790 Parocbtas
1705 753 1779 799 suas
1805 756 1886 788 ultra
1910 756 2029 787 modum
2054 757 2099 788 di-

1218 813 1277 835 ver
1287 813 1313 835 ts
1338 802 1542 838 exactionibus
1564 805 1616 838 vel
1633 810 1766 849 angariis
1785 810 1981 846 comprimunt
2001 827 2011 843 ,
2042 812 2098 846 per

1217 853 1296 894 quod
1317 853 1507 895 quamplures
1532 853 1666 899 Ecclefiae
1690 853 1831 895 destituta
1847 852 2021 896 persistunt.
2048 855 2098 886 Id·
2113 869 2146 899 C·
2168 876 2182 904 ς

1216 905 1289 936 circo
1314 908 1381 936 unio
1406 903 1511 943 nostra·
1536 904 1720 938 adunitionis
1747 906 1877 939 decernit
1903 914 1994 947 atque
2019 903 2098 944 insti-

1215 957 1289 994 tuit,
1310 962 1343 986 ut
1367 960 1477 988 tertias
1501 978 1511 995 ,
1532 966 1608 996 quas
1635 961 1754 998 antiqui
1779 958 1917 988 Canones
1945 956 1982 987 de
2007 956 2097 987 Paro-

1214 1001 1290 1037 chiis
1311 1002 1376 1047 suis
1405 1002 1560 1038 habendas
1588 1005 1745 1048 Episcopis
1771 1003 1943 1048 censuerunt
1962 1029 1972 1045 ,
1994 1003 2024 1046 fi
2043 1016 2094 1038 eas

1213 1055 1379 1097 exigendas
1403 1055 1603 1095 crediderint,
1630 1055 1669 1088 ab
1694 1055 1763 1097 ipfis
1792 1053 1949 1097 Episcopis
1985 1056 2095 1087 dirutae

1214 1102 1346 1147 Ecclefiae
1371 1112 1548 1147 reparentur
1565 1130 1576 1146 ‚
1596 1103 1627 1146 fi
1647 1108 1718 1138 vero
1746 1116 1797 1139 eas
1823 1106 1983 1138 maluerint
1992 1105 2097 1138 redde-

1214 1165 1267 1193 re,
1295 1153 1334 1187 ab
1360 1155 1530 1188 earumdem
1558 1154 1750 1197 Ecclefiarum
1760 1155 1936 1195 cultoribus,
1958 1152 2013 1197 sub
2024 1166 2094 1187 cura

1211 1203 1502 1248 &sollicitudinesui
1514 1206 1665 1248 Pontificis
1679 1230 1690 1246 ‚
1715 1210 1864 1248 reparatio
1883 1203 1991 1248 eisdem
2009 1203 2097 1236 adbi-

1212 1254 1310 1287 benda
1332 1254 1371 1294 est
1396 1253 1533 1297 Bafilicts
1557 1281 1563 1289 .
1604 1257 1700 1299 ‚Quod
1713 1254 1743 1297 fi
1759 1267 1859 1289 omnes
1884 1253 2016 1295 Ecclesia
2042 1263 2095 1286 aut

1211 1303 1367 1338 incolumes
1385 1304 1505 1348 fuerint
1519 1330 1530 1347 ,
1554 1313 1608 1339 aut
1628 1317 1696 1349 quae
1707 1306 1837 1347 diruptae
1847 1314 1934 1339 erant
1943 1313 2096 1345 reparatae

1167 1347 1170 1388 l
1211 1360 1380 1388 exititerint
1393 1379 1403 1395 ,
1426 1353 1583 1398 secundum
1601 1361 1788 1398 antiquorum
1811 1359 1965 1387 Canonum
1985 1352 2096 1393 institu-

1211 1411 1265 1444 ta,
1291 1409 1397 1437 tertias
1416 1402 1474 1444 fibi
1492 1403 1619 1436 debitas
1632 1403 1826 1444 unusquisque
1852 1403 2014 1447 Episcopus
2025 1403 2096 1446 affe-

1212 1458 1263 1494 qui
1278 1451 1311 1495 fi
1333 1452 1459 1487 voluerit
1472 1476 1483 1492 ‚
1501 1451 1638 1495 facultas
1659 1451 1704 1485 iiii
1714 1452 1880 1485 omnimoda
1889 1456 1968 1485 erit.-
1993 1453 2042 1484 Ita
2053 1457 2098 1485 vt·

1211 1502 1315 1534 delicet
1337 1510 1370 1533 ut
1398 1508 1475 1532 citra
1508 1500 1589 1541 ipsas
1620 1506 1727 1532 tertias
1758 1501 1857 1533 nullus
1885 1499 2096 1541 Episcoporum

1210 1549 1363 1590 quidpiam
1378 1556 1432 1590 pro
1447 1552 1536 1591 Regis
1548 1548 1780 1591 inquisstionibus
1793 1552 1813 1580 ἃ
1825 1548 2022 1582 Parochtanis
2035 1552 2095 1582 Ec·

1207 1597 1293 1639 clefiis
1310 1605 1434 1641 exigat,
1462 1598 1593 1641 nihilque
1613 1597 1651 1631 de
1667 1599 1797 1641 praediis
1810 1596 1944 1641 ipsarum
1956 1598 2095 1640 Ecclefia-

1210 1658 1277 1680 rum
1298 1653 1433 1691 cuiquam
1454 1649 1573 1691 aliquid
1582 1646 1816 1691 causastipendii
1827 1649 1902 1682 dare
1907 1646 2075 1692 praesumat
2085 1674 2092 1681 .

1210 1697 1442 1741 Hispaniarum
1468 1699 1579 1742 iraque
1602 1698 1756 1742 Episcopi
1778 1698 1797 1732 ὲ
1819 1699 2009 1733 ευηᾶιωτη
2034 1698 2095 1734 Pa-

1207 1747 1351 1792 genfium
1374 1748 1589 1782 Ecclefiarum
1618 1748 1715 1782 bonis
1727 1760 1793 1782 non
1806 1745 2092 1792 solnm'extosque:

1208 1798 1284 1831 bant
1304 1797 1432 1832 tertiam
1445 1822 1456 1838 ,
1483 1797 1536 1832 sed
1560 1798 1688 1841 insuper
1708 1809 1749 1832 ex
1771 1798 1843 1832 aliis
1864 1797 1990 1831 duabus
2000 1798 2092 1841 parti·

1207 1847 1266 1882 bus
1302 1847 1470 1882 solvebant
1495 1848 1616 1894 Regias
1639 1848 1657 1881 a
1677 1847 1741 1882 suis
1761 1845 2012 1881 cathedralibus
2030 1846 2091 1880 Ec-

1206 1897 1307 1932 clefiis
1327 1897 1534 1937 exactiones,
1562 1907 1661 1943 atque
1684 1897 1858 1932 itaistasin
1870 1897 2089 1931 caducitatem

1207 1958 1262 1982 aut
1287 1949 1386 1982 etiam
1413 1949 1540 1982 ruinam
1564 1972 1575 1989 ,
1599 1958 1775 1991 earumque
1795 1947 1942 1981 Clericos
1964 1946 2090 1991 redige-

1208 1998 1288 2032 bant
1314 1999 1348 2031 in
1374 1998 1521 2032 miseram
1555 2007 1775 2041 paupertatem
1792 2022 1800 2029 .
1837 1997 1932 2030 Hinc
1961 1996 2090 2031 laudata

1207 2047 1358 2090 Synodus
1382 2047 1491 2082 statuit
1515 2048 1600 2081 varia
1614 2072 1621 2079 .
1650 2046 1764 2082 Primo
1780 2071 1791 2087 ‚
1829 2056 1867 2080 ut
1888 2045 1998 2090 Regiae
2017 2057 2091 2080 exa·

1207 2098 1332 2132 {tiones
1352 2096 1371 2131 ἐ
1392 2098 1467 2132 solis
1492 2096 1740 2133 Cathedralium
1753 2121 1764 2137 ,
1790 2107 1869 2140 quas
1881 2097 1994 2139 utique
2008 2095 2090 2131 solas

1208 2148 1283 2180 Rex
1303 2147 1457 2191 gravabat
1474 2170 1485 2186 ‚
1524 2147 1736 2181 Ecclefiatum
1775 2146 1870 2181 bonis
1907 2145 2089 2180 solvantur.

1209 2194 1364 2233 Deinde,
1390 2203 1427 2228 ut
1449 2197 1605 2238 Episcopi
1625 2206 1681 2229 aut
1693 2197 1886 2230 renuncient
1897 2195 2089 2239 Pagenfium

1210 2243 1425 2277 Ecclefiarum
1446 2244 1568 2284 tertiis,
1597 2254 1653 2277 aut
1675 2244 1713 2278 ad
1734 2244 1925 2286 reparandas
1943 2244 2092 2278 Basilicas

1209 2293 1263 2336 ipsi
1292 2292 1447 2335 deinceps
1480 2292 1671 2335 obligentur
1694 2318 1701 2324 .
1737 2294 1945 2338 Qapropter
1966 2293 2094 2327 fabricae

1208 2341 1300 2375 tertia
1325 2351 1404 2375 tunc
1427 2341 1490 2375 fuit
1514 2341 1583 2374 illic
1604 2341 1780 2380 exstincta,
1815 2342 1848 2374 ὅ(
1872 2341 2021 2383 adjuncta
2047 2342 2090 2376 ad

1208 2394 1332 2436 partem
1354 2391 1442 2425 Cleri
1468 2415 1475 2423 .
1503 2389 1631 2423 Exinde
1660 2391 1722 2423 fuit
1743 2389 1896 2432 bipartita*
1918 2389 2090 2425 dumtaxat

1211 2440 1347 2481 divisio,
1375 2440 1485 2474 verum
1507 2438 1671 2483 inaequaiis
1694 2463 1701 2472 .
1739 2439 1857 2474 Unica
1879 2440 1973 2474 t'ertia
1994 2441 2088 2475 fabri-

1210 2503 1275 2531 cae,
1302 2491 1373 2524 aiiae
1396 2491 1466 2524 duae
1489 2499 1593 2534 partes
1613 2491 1768 2524 cesserunt
1789 2488 1908 2523 Clero.
1936 2488 2040 2524 Porro
2052 2491 2090 2524 li-

1209 2551 1259 2575 cet
1273 2546 1421 2585 pauperes
1444 2540 1633 2583 singularem
1655 2539 1726 2573 istic
1745 2550 1865 2582 partem
1890 2551 1957 2574 non
1970 2539 2091 2574 habue-

1209 2591 1273 2625 rint
1285 2615 1297 2631 ,
1324 2603 1390 2624 non
1405 2588 1479 2624 ideo
1491 2591 1621 2624 fuerunt
1634 2590 1692 2623 suo
1703 2589 1771 2632 jure
1780 2588 1899 2623 exclusi
1911 2616 1919 2623 .
1950 2589 2006 2623 Ad
2019 2601 2089 2624 om-

1209 2643 1301 2675 nium
1313 2641 1453 2684 partium
1475 2639 1631 2684 superflua
1653 2638 1856 2673 retinuerunt
1879 2637 2084 2681 avimmjus,

1207 2691 1297 2734 cujus
1307 2691 1457 2725 executio
1467 2689 1501 2723 &
1513 2688 1706 2733 dispensatio
1716 2687 1866 2733 deinceps
1877 2688 2032 2732 pertinuit
2044 2689 2086 2724 ad.

1207 2741 1406 2785 singularum
1441 2741 1581 2784 partium
1613 2738 1781 2774 Praefeftos
1813 2748 1870 2774 aut
1892 2739 2084 2774 Curatores.

1206 2791 1458 2834 Tripartitionis
1477 2791 1599 2824 auctrix
1623 2788 1776 2833 Synodus
1798 2788 1935 2823 credidit
1966 2799 2026 2822 nec
2045 2788 2086 2822 ab

1209 2841 1372 2885 Episcopo
1387 2865 1398 2881 ,
1426 2852 1485 2875 nec
1507 2840 1524 2873 a
1537 2840 1636 2874 Clero
1650 2863 1660 2880 ,
1687 2850 1746 2873 nec
1756 2839 1774 2872 a
1786 2838 1907 2874 fabrica
1919 2838 2085 2884 negligen-

1208 2891 1267 2926 dos
1280 2901 1431 2934 pauperes
1442 2915 1452 2931 ,
1478 2888 1583 2923 multo
1596 2889 1704 2923 minus
1725 2888 1964 2924 defraudandos
1978 2913 1985 2921 .

1259 2940 1412 2982 Antiqux
1435 2939 1612 2984 disciplinae
1634 2950 1744 2973 amans
1767 2941 1890 2982 semper
1926 2950 1964 2973 ac
1985 2948 2085 2973 tenax

1211 2990 1378 3026 Gallicana
1402 2991 1539 3024 Ecclefia
1560 2989 1686 3023 videtur
1709 3001 1767 3023 nec
1788 2988 1846 3023 sub
1859 2990 2012 3023 Romano
2022 2988 2086 3021 Im·

1211 3041 1297 3085 perio
1311 3065 1321 3080 ‚
1348 3051 1407 3075 nec
1417 3040 1475 3074 sub
1485 3039 1770 3083 Merovingiorum
1783 3040 1903 3083 Regno
1915 3039 2015 3072 ullam
2028 3038 2088 3072 Ec-

1209 3090 1388 3125 clefiasticae
1399 3089 1578 3125 substantiae
1599 3089 1790 3123 divifionem
1811 3088 1985 3122 admififfe.
2013 3088 2088 3122 Nec

1211 3141 1424 3184 tripartitam,
1447 3151 1507 3174 nec
1516 3139 1797 3183 quadripartitam.
1825 3139 1930 3174 Lucet
1949 3149 1991 3171 ex
2011 3136 2089 3170 Gal-

1213 3190 1391 3225 licanorum
1418 3189 1459 3223 de
1485 3188 1550 3223 hoc
1570 3191 1690 3232 punito
1702 3189 1878 3223 Canonum
1888 3187 2087 3229 consequen-

1213 3242 1255 3275 tia
1270 3265 1277 3272 .
1306 3240 1360 3274 Ex
1381 3239 1523 3273 Canone
1547 3238 1705 3283 vigesimo
1725 3239 1866 3273 secundo
1886 3234 2086 3280 Agathenfi:

1215 3294 1293 3324 Licet
1310 3289 1488 3332 superfluum
1507 3288 1546 3331 fit
1567 3290 1604 3322 de
1623 3301 1655 3321 re
1677 3297 1748 3322 nota
1770 3313 1781 3328 ,
1818 3289 1853 3321 ό·
1874 3291 2007 3328 antiquis
2029 3289 2090 3318 Ca-

1215 3339 1334 3374 nonibus
1350 3339 1521 3381 prohibita,
1548 3340 1665 3380 aliquid
1689 3341 1795 3372 iterato
1815 3335 1937 3377 definire
1957 3359 1972 3375 ,
2009 3343 2089 3368 atta-

1215 3401 1278 3423 men
1296 3401 1352 3432 quo
1367 3389 1492 3431 facilius
1513 3390 1660 3430 cupiditas
1682 3397 1736 3420 aut
1758 3385 1933 3426 improbitas
1945 3391 2087 3426 reprima-

1216 3451 1282 3482 tur,
1314 3441 1351 3474 id
1363 3439 1520 3482 statuimus
1540 3463 1550 3481 ,
1590 3441 1668 3483 quod
1686 3447 1781 3471 omnes
1803 3439 1939 3469 Canones
1953 3434 2062 3477 jubent
2075 3458 2087 3475 ,

2009 3492 2041 3518 ut
