<?xml version="1.0" encoding="UTF-8"?>
<!DOCTYPE html PUBLIC "-//W3C//DTD XHTML 1.0 Transitional//EN"
    "http://www.w3.org/TR/xhtml1/DTD/xhtml1-transitional.dtd">
<html xmlns="http://www.w3.org/1999/xhtml" xml:lang="en" lang="en">
 <head>
  <title>
</title>
<meta http-equiv="Content-Type" content="text/html;charset=utf-8" />
  <meta name='ocr-system' content='tesseract 3.04.00' />
  <meta name='ocr-capabilities' content='ocr_page ocr_carea ocr_par ocr_line ocrx_word'/>
</head>
<body>
  <div class='ocr_page' id='page_1' title='image "./operaomniastudio05lupuuoft_0091.png"; bbox 0 0 2366 3756; ppageno 0'>
   <div class='ocr_carea' id='block_1_1' title="bbox 547 197 1634 245">
    <p class='ocr_par' dir='ltr' id='par_1_1' title="bbox 547 197 1634 245">
     <span class='ocr_line' id='line_1_1' title="bbox 547 197 1634 245; baseline 0 -3"><span class='ocrx_word' id='word_1_1' title='bbox 547 200 1087 245; x_wconf 65' lang='lat' dir='ltr'>Conclt-IUM</span> <span class='ocrx_word' id='word_1_2' title='bbox 1157 197 1634 243; x_wconf 75' lang='lat' dir='ltr'>ROMANUM.</span> 
     </span>
    </p>
   </div>
   <div class='ocr_carea' id='block_1_2' title="bbox 1166 3083 1421 3231">
    <p class='ocr_par' dir='ltr' id='par_1_2' title="bbox 1166 3083 1421 3231">
     <span class='ocr_line' id='line_1_2' title="bbox 1166 3083 1421 3125; baseline 0.012 -11"><span class='ocrx_word' id='word_1_3' title='bbox 1166 3083 1386 3125; x_wconf 68' lang='lat' dir='ltr'><em>plenitudinem</em></span> <span class='ocrx_word' id='word_1_4' title='bbox 1414 3108 1421 3116; x_wconf 93' lang='lat'>.</span> 
     </span>
     <span class='ocr_line' id='line_1_3' title="bbox 1377 3196 1398 3231; baseline 0 0"><span class='ocrx_word' id='word_1_5' title='bbox 1377 3196 1398 3231; x_wconf 81' lang='lat' dir='ltr'>P</span> 
     </span>
    </p>
   </div>
   <div class='ocr_carea' id='block_1_3' title="bbox 53 282 1114 982">
    <p class='ocr_par' dir='ltr' id='par_1_3' title="bbox 53 282 1114 982">
     <span class='ocr_line' id='line_1_4' title="bbox 228 282 1114 334; baseline -0.009 -10"><span class='ocrx_word' id='word_1_6' title='bbox 228 287 435 334; x_wconf 70' lang='lat' dir='ltr'>naburgenfis</span> <span class='ocrx_word' id='word_1_7' title='bbox 446 303 458 322; x_wconf 91' lang='lat'><em>:</em></span> <span class='ocrx_word' id='word_1_8' title='bbox 482 287 560 322; x_wconf 82' lang='lat' dir='ltr'>otho</span> <span class='ocrx_word' id='word_1_9' title='bbox 569 292 734 330; x_wconf 76' lang='lat' dir='ltr'><em>Imperator</em></span> <span class='ocrx_word' id='word_1_10' title='bbox 744 283 820 325; x_wconf 71' lang='lat' dir='ltr'>misse</span> <span class='ocrx_word' id='word_1_11' title='bbox 841 288 967 329; x_wconf 79' lang='lat' dir='ltr'><em>Legatos</em></span> <span class='ocrx_word' id='word_1_12' title='bbox 986 282 1053 327; x_wconf 78' lang='lat' dir='ltr'>suos</span> <span class='ocrx_word' id='word_1_13' title='bbox 1068 284 1114 316; x_wconf 84' lang='lat' dir='ltr'>ad</span> 
     </span>
     <span class='ocr_line' id='line_1_5' title="bbox 230 332 1110 382; baseline -0.005 -12"><span class='ocrx_word' id='word_1_14' title='bbox 230 338 431 372; x_wconf 78' lang='lat' dir='ltr'>Wilhelmum</span> <span class='ocrx_word' id='word_1_15' title='bbox 461 341 666 382; x_wconf 78' lang='lat' dir='ltr'>Moguntinum</span> <span class='ocrx_word' id='word_1_16' title='bbox 695 332 948 378; x_wconf 74' lang='lat' dir='ltr'>Arcbiepiseopum</span> <span class='ocrx_word' id='word_1_17' title='bbox 970 335 1005 368; x_wconf 62' lang='grc' dir='ltr'><em>θ</em></span> <span class='ocrx_word' id='word_1_18' title='bbox 1035 335 1110 367; x_wconf 77' lang='lat' dir='ltr'>alios</span> 
     </span>
     <span class='ocr_line' id='line_1_6' title="bbox 226 383 1110 432; baseline -0.006 -10"><span class='ocrx_word' id='word_1_19' title='bbox 226 391 386 432; x_wconf 72' lang='lat' dir='ltr'><em>Principes</em></span> <span class='ocrx_word' id='word_1_20' title='bbox 398 413 409 429; x_wconf 92' lang='lat'>‚</span> <span class='ocrx_word' id='word_1_21' title='bbox 434 397 467 422; x_wconf 83' lang='lat' dir='ltr'>ut</span> <span class='ocrx_word' id='word_1_22' title='bbox 479 388 623 424; x_wconf 82' lang='lat' dir='ltr'>Othonem</span> <span class='ocrx_word' id='word_1_23' title='bbox 631 387 729 428; x_wconf 77' lang='lat' dir='ltr'>filium</span> <span class='ocrx_word' id='word_1_24' title='bbox 736 383 825 427; x_wconf 85' lang='lat' dir='ltr'>suum</span> <span class='ocrx_word' id='word_1_25' title='bbox 836 395 900 418; x_wconf 87' lang='lat' dir='ltr'>cum</span> <span class='ocrx_word' id='word_1_26' title='bbox 921 388 1002 417; x_wconf 76' lang='lat' dir='ltr'>omni</span> <span class='ocrx_word' id='word_1_27' title='bbox 1014 385 1110 428; x_wconf 76' lang='lat' dir='ltr'>digni-</span> 
     </span>
     <span class='ocr_line' id='line_1_7' title="bbox 226 432 1108 483; baseline -0.007 -10"><span class='ocrx_word' id='word_1_28' title='bbox 226 448 293 473; x_wconf 75' lang='lat' dir='ltr'>tate</span> <span class='ocrx_word' id='word_1_29' title='bbox 305 440 409 483; x_wconf 78' lang='lat' dir='ltr'><em>Regali</em></span> <span class='ocrx_word' id='word_1_30' title='bbox 429 440 473 472; x_wconf 83' lang='lat' dir='ltr'>ad</span> <span class='ocrx_word' id='word_1_31' title='bbox 492 439 612 473; x_wconf 82' lang='lat' dir='ltr'>Italiam</span> <span class='ocrx_word' id='word_1_32' title='bbox 630 441 785 471; x_wconf 80' lang='lat' dir='ltr'><em>mitterent</em></span> <span class='ocrx_word' id='word_1_33' title='bbox 801 459 812 475; x_wconf 91' lang='lat'>‚</span> <span class='ocrx_word' id='word_1_34' title='bbox 836 446 924 477; x_wconf 89' lang='lat' dir='ltr'>quem</span> <span class='ocrx_word' id='word_1_35' title='bbox 944 432 1004 477; x_wconf 79' lang='lat' dir='ltr'>ipse</span> <span class='ocrx_word' id='word_1_36' title='bbox 1018 432 1108 477; x_wconf 71' lang='lat' dir='ltr'>ficsci-</span> 
     </span>
     <span class='ocr_line' id='line_1_8' title="bbox 222 486 1112 534; baseline -0.008 -11"><span class='ocrx_word' id='word_1_37' title='bbox 222 495 313 531; x_wconf 82' lang='lat' dir='ltr'>piens</span> <span class='ocrx_word' id='word_1_38' title='bbox 324 494 450 529; x_wconf 67' lang='lat' dir='ltr'>Romam</span> <span class='ocrx_word' id='word_1_39' title='bbox 456 489 601 534; x_wconf 73' lang='lat' dir='ltr'>perduxit</span> <span class='ocrx_word' id='word_1_40' title='bbox 618 510 629 525; x_wconf 91' lang='lat'><em>‚</em></span> <span class='ocrx_word' id='word_1_41' title='bbox 654 495 688 519; x_wconf 84' lang='lat' dir='ltr'>ut</span> <span class='ocrx_word' id='word_1_42' title='bbox 701 488 790 527; x_wconf 81' lang='lat' dir='ltr'>Papa</span> <span class='ocrx_word' id='word_1_43' title='bbox 797 486 825 528; x_wconf 87' lang='lat' dir='ltr'><em>J</em></span> <span class='ocrx_word' id='word_1_44' title='bbox 829 496 941 523; x_wconf 80' lang='lat' dir='ltr'>oannes</span> <span class='ocrx_word' id='word_1_45' title='bbox 951 489 1112 527; x_wconf 79' lang='lat' dir='ltr'>Imperato-</span> 
     </span>
     <span class='ocr_line' id='line_1_9' title="bbox 225 534 1110 582; baseline -0.007 -8"><span class='ocrx_word' id='word_1_46' title='bbox 225 550 289 573; x_wconf 80' lang='lat' dir='ltr'>rem</span> <span class='ocrx_word' id='word_1_47' title='bbox 290 539 410 582; x_wconf 83' lang='lat' dir='ltr'>faceret</span> <span class='ocrx_word' id='word_1_48' title='bbox 419 566 427 573; x_wconf 95' lang='lat'>.</span> <span class='ocrx_word' id='word_1_49' title='bbox 452 538 548 582; x_wconf 71' lang='lat' dir='ltr'>‚Quod</span> <span class='ocrx_word' id='word_1_50' title='bbox 558 538 592 571; x_wconf 69' lang='lat'>(9⁴</span> <span class='ocrx_word' id='word_1_51' title='bbox 595 535 671 579; x_wconf 81' lang='lat' dir='ltr'>fecit</span> <span class='ocrx_word' id='word_1_52' title='bbox 679 560 688 569; x_wconf 88' lang='lat'><strong>.</strong></span> <span class='ocrx_word' id='word_1_53' title='bbox 717 534 762 573; x_wconf 75' lang='lat' dir='ltr'>Et</span> <span class='ocrx_word' id='word_1_54' title='bbox 772 534 814 569; x_wconf 89' lang='lat' dir='ltr'>de</span> <span class='ocrx_word' id='word_1_55' title='bbox 826 535 979 570; x_wconf 89' lang='lat' dir='ltr'>Henrico</span> <span class='ocrx_word' id='word_1_56' title='bbox 989 534 1110 577; x_wconf 90' lang='lat' dir='ltr'>quinto</span> 
     </span>
     <span class='ocr_line' id='line_1_10' title="bbox 224 581 1111 634; baseline -0.009 -9"><span class='ocrx_word' id='word_1_57' title='bbox 224 589 325 629; x_wconf 79' lang='lat' dir='ltr'>Otho</span> <span class='ocrx_word' id='word_1_58' title='bbox 336 584 542 634; x_wconf 78' lang='lat' dir='ltr'>Frifingenfis</span> <span class='ocrx_word' id='word_1_59' title='bbox 554 581 748 631; x_wconf 74' lang='lat' dir='ltr'><strong>Episcopus:</strong></span> <span class='ocrx_word' id='word_1_60' title='bbox 776 587 923 624; x_wconf 74' lang='lat' dir='ltr'>Henrr&#39;cus</span> <span class='ocrx_word' id='word_1_61' title='bbox 937 588 957 618; x_wconf 78' lang='grc' dir='ltr'><em>ἃ</em></span> <span class='ocrx_word' id='word_1_62' title='bbox 970 583 1111 628; x_wconf 84' lang='lat' dir='ltr'>Pascbale</span> 
     </span>
     <span class='ocr_line' id='line_1_11' title="bbox 53 633 1110 683; baseline -0.007 -8"><span class='ocrx_word' id='word_1_63' title='bbox 53 633 116 667; x_wconf 63' lang='lat' dir='ltr'>1-3b·</span> <span class='ocrx_word' id='word_1_64' title='bbox 133 643 162 669; x_wconf 81' lang='lat'>⁷·</span> <span class='ocrx_word' id='word_1_65' title='bbox 182 642 210 669; x_wconf 64' lang='grc' dir='ltr'>ἒ·</span> <span class='ocrx_word' id='word_1_66' title='bbox 222 638 351 683; x_wconf 68' lang='grc' dir='ltr'>[εσιωιίρ</span> <span class='ocrx_word' id='word_1_67' title='bbox 362 638 505 682; x_wconf 73' lang='lat' dir='ltr'>Pontifice</span> <span class='ocrx_word' id='word_1_68' title='bbox 522 645 674 675; x_wconf 80' lang='lat' dir='ltr'>coronatus</span> <span class='ocrx_word' id='word_1_69' title='bbox 686 662 696 678; x_wconf 95' lang='lat'>,</span> <span class='ocrx_word' id='word_1_70' title='bbox 722 641 912 677; x_wconf 77' lang='lat' dir='ltr'>Imperatoris</span> <span class='ocrx_word' id='word_1_71' title='bbox 934 638 968 670; x_wconf 67' lang='lat'>(5</span> <span class='ocrx_word' id='word_1_72' title='bbox 991 634 1110 679; x_wconf 72' lang='lat' dir='ltr'>Augusti</span> 
     </span>
     <span class='ocr_line' id='line_1_12' title="bbox 58 684 1110 733; baseline -0.001 -10"><span class='ocrx_word' id='word_1_73' title='bbox 58 685 106 710; x_wconf 81' lang='lat'>¹⁴·</span> <span class='ocrx_word' id='word_1_74' title='bbox 219 685 475 733; x_wconf 52' lang='lat' dir='ltr'>&#39;nomensortttun</span> <span class='ocrx_word' id='word_1_75' title='bbox 495 689 540 723; x_wconf 90' lang='lat' dir='ltr'>Et</span> <span class='ocrx_word' id='word_1_76' title='bbox 551 688 585 722; x_wconf 87' lang='lat' dir='ltr'>in</span> <span class='ocrx_word' id='word_1_77' title='bbox 597 685 747 721; x_wconf 75' lang='lat' dir='ltr'>Ecclefiae</span> <span class='ocrx_word' id='word_1_78' title='bbox 757 685 926 721; x_wconf 83' lang='lat' dir='ltr'>Citizenlis</span> <span class='ocrx_word' id='word_1_79' title='bbox 939 684 1110 722; x_wconf 85' lang='lat' dir='ltr'>Chronico</span> 
     </span>
     <span class='ocr_line' id='line_1_13' title="bbox 227 736 1110 784; baseline -0.003 -10"><span class='ocrx_word' id='word_1_80' title='bbox 227 740 351 778; x_wconf 80' lang='lat' dir='ltr'>Paulus</span> <span class='ocrx_word' id='word_1_81' title='bbox 374 740 536 784; x_wconf 83' lang='lat' dir='ltr'>Langius:</span> <span class='ocrx_word' id='word_1_82' title='bbox 565 739 744 775; x_wconf 80' lang='lat' dir='ltr'><em>Notandum</em></span> <span class='ocrx_word' id='word_1_83' title='bbox 755 761 767 777; x_wconf 91' lang='lat'>,</span> <span class='ocrx_word' id='word_1_84' title='bbox 793 737 874 779; x_wconf 73' lang='lat' dir='ltr'>quod</span> <span class='ocrx_word' id='word_1_85' title='bbox 899 736 1024 775; x_wconf 67' lang='lat' dir='ltr'>Eleei&#39;us</span> <span class='ocrx_word' id='word_1_86' title='bbox 1041 746 1110 771; x_wconf 72' lang='lat' dir='ltr'>mox</span> 
     </span>
     <span class='ocr_line' id='line_1_14' title="bbox 226 787 1110 833; baseline -0.002 -10"><span class='ocrx_word' id='word_1_87' title='bbox 226 787 332 833; x_wconf 78' lang='lat' dir='ltr'>caesar</span> <span class='ocrx_word' id='word_1_88' title='bbox 343 791 584 829; x_wconf 69' lang='lat' dir='ltr'>&amp;Romanorum</span> <span class='ocrx_word' id='word_1_89' title='bbox 600 792 667 827; x_wconf 72' lang='lat' dir='ltr'>Rex</span> <span class='ocrx_word' id='word_1_90' title='bbox 690 787 882 830; x_wconf 82' lang='lat' dir='ltr'>appellatur,</span> <span class='ocrx_word' id='word_1_91' title='bbox 910 796 974 820; x_wconf 82' lang='lat' dir='ltr'>tum</span> <span class='ocrx_word' id='word_1_92' title='bbox 995 787 1110 821; x_wconf 67' lang='lat' dir='ltr'>denum</span> 
     </span>
     <span class='ocr_line' id='line_1_15' title="bbox 225 835 1111 883; baseline -0.005 -10"><span class='ocrx_word' id='word_1_93' title='bbox 225 844 390 883; x_wconf 70' lang='lat' dir='ltr'>Imperator</span> <span class='ocrx_word' id='word_1_94' title='bbox 398 849 430 876; x_wconf 78' lang='lat' dir='ltr'>et</span> <span class='ocrx_word' id='word_1_95' title='bbox 443 836 587 883; x_wconf 77' lang='lat' dir='ltr'>Augustus</span> <span class='ocrx_word' id='word_1_96' title='bbox 601 863 611 879; x_wconf 91' lang='lat'>‚</span> <span class='ocrx_word' id='word_1_97' title='bbox 617 836 647 880; x_wconf 86' lang='lat' dir='ltr'><em>fi</em></span> <span class='ocrx_word' id='word_1_98' title='bbox 653 849 719 873; x_wconf 89' lang='lat' dir='ltr'>eum</span> <span class='ocrx_word' id='word_1_99' title='bbox 728 840 879 875; x_wconf 78' lang='lat' dir='ltr'>Romanus</span> <span class='ocrx_word' id='word_1_100' title='bbox 895 835 1035 883; x_wconf 77' lang='lat' dir='ltr'><em>Pontifex</em></span> <span class='ocrx_word' id='word_1_101' title='bbox 1046 846 1111 873; x_wconf 76' lang='lat' dir='ltr'>con-</span> 
     </span>
     <span class='ocr_line' id='line_1_16' title="bbox 223 887 1110 934; baseline -0.003 -11"><span class='ocrx_word' id='word_1_102' title='bbox 223 890 380 934; x_wconf 76' lang='lat' dir='ltr'>firmaffet.</span> <span class='ocrx_word' id='word_1_103' title='bbox 405 887 552 928; x_wconf 74' lang='lat' dir='ltr'>Proinde</span> <span class='ocrx_word' id='word_1_104' title='bbox 563 889 786 933; x_wconf 80' lang='lat' dir='ltr'>antiquisfima</span> <span class='ocrx_word' id='word_1_105' title='bbox 799 888 845 922; x_wconf 88' lang='lat' dir='ltr'>est</span> <span class='ocrx_word' id='word_1_106' title='bbox 864 888 922 922; x_wconf 83' lang='lat' dir='ltr'>ista</span> <span class='ocrx_word' id='word_1_107' title='bbox 940 887 1110 924; x_wconf 82' lang='lat' dir='ltr'>consuetu-</span> 
     </span>
     <span class='ocr_line' id='line_1_17' title="bbox 221 935 1111 982; baseline -0.003 -8"><span class='ocrx_word' id='word_1_108' title='bbox 221 935 273 974; x_wconf 59' lang='lat' dir='ltr'>&#39;do</span> <span class='ocrx_word' id='word_1_109' title='bbox 282 965 294 981; x_wconf 93' lang='lat'>‚</span> <span class='ocrx_word' id='word_1_110' title='bbox 318 938 359 973; x_wconf 88' lang='lat' dir='ltr'>ad</span> <span class='ocrx_word' id='word_1_111' title='bbox 368 939 605 981; x_wconf 80' lang='lat' dir='ltr'>Germanicum</span> <span class='ocrx_word' id='word_1_112' title='bbox 618 937 794 982; x_wconf 84' lang='lat' dir='ltr'>Imperium</span> <span class='ocrx_word' id='word_1_113' title='bbox 814 936 956 978; x_wconf 56' lang='lat' dir='ltr'>traducta</span> <span class='ocrx_word' id='word_1_114' title='bbox 965 948 1006 971; x_wconf 88' lang='lat' dir='ltr'>ex</span> <span class='ocrx_word' id='word_1_115' title='bbox 1019 937 1111 971; x_wconf 84' lang='lat' dir='ltr'>avito</span> 
     </span>
    </p>
   </div>
   <div class='ocr_carea' id='block_1_4' title="bbox 56 791 206 826">
    <p class='ocr_par' dir='ltr' id='par_1_4' title="bbox 56 791 206 826">
     <span class='ocr_line' id='line_1_18' title="bbox 56 791 206 826; baseline -0.013 -2"><span class='ocrx_word' id='word_1_116' title='bbox 56 791 91 824; x_wconf 65' lang='lat' dir='ltr'>A·</span> <span class='ocrx_word' id='word_1_117' title='bbox 123 801 206 826; x_wconf 63' lang='lat'><em>1002»</em></span> 
     </span>
    </p>
   </div>
   <div class='ocr_carea' id='block_1_5' title="bbox 220 986 1117 2229">
    <p class='ocr_par' dir='ltr' id='par_1_5' title="bbox 220 986 1117 2229">
     <span class='ocr_line' id='line_1_19' title="bbox 226 986 1111 1033; baseline -0.005 -9"><span class='ocrx_word' id='word_1_118' title='bbox 226 989 385 1029; x_wconf 77' lang='lat' dir='ltr'>Romano</span> <span class='ocrx_word' id='word_1_119' title='bbox 394 1014 406 1031; x_wconf 89' lang='lat'>,</span> <span class='ocrx_word' id='word_1_120' title='bbox 419 989 503 1033; x_wconf 85' lang='lat' dir='ltr'>apud</span> <span class='ocrx_word' id='word_1_121' title='bbox 515 989 604 1032; x_wconf 86' lang='lat' dir='ltr'>quod</span> <span class='ocrx_word' id='word_1_122' title='bbox 615 988 680 1032; x_wconf 79' lang='lat' dir='ltr'>jam</span> <span class='ocrx_word' id='word_1_123' title='bbox 690 989 708 1022; x_wconf 76' lang='lat' dir='ltr'>a</span> <span class='ocrx_word' id='word_1_124' title='bbox 719 988 826 1029; x_wconf 85' lang='lat' dir='ltr'>Marci</span> <span class='ocrx_word' id='word_1_125' title='bbox 838 987 1006 1023; x_wconf 81' lang='lat' dir='ltr'>Antonini</span> <span class='ocrx_word' id='word_1_126' title='bbox 1018 986 1111 1027; x_wconf 88' lang='lat' dir='ltr'>Veri,</span> 
     </span>
     <span class='ocr_line' id='line_1_20' title="bbox 222 1037 1111 1086; baseline -0.002 -13"><span class='ocrx_word' id='word_1_127' title='bbox 222 1040 283 1082; x_wconf 83' lang='lat' dir='ltr'>qui</span> <span class='ocrx_word' id='word_1_128' title='bbox 299 1041 420 1083; x_wconf 85' lang='lat' dir='ltr'>primus</span> <span class='ocrx_word' id='word_1_129' title='bbox 430 1038 561 1084; x_wconf 88' lang='lat' dir='ltr'>Imperii</span> <span class='ocrx_word' id='word_1_130' title='bbox 583 1039 759 1086; x_wconf 81' lang='lat' dir='ltr'>Collegam</span> <span class='ocrx_word' id='word_1_131' title='bbox 775 1038 931 1078; x_wconf 75' lang='lat' dir='ltr'>Caesarem</span> <span class='ocrx_word' id='word_1_132' title='bbox 948 1037 1111 1080; x_wconf 64' lang='lat' dir='ltr'>assumpsit</span> 
     </span>
     <span class='ocr_line' id='line_1_21' title="bbox 225 1086 1110 1134; baseline -0.005 -10"><span class='ocrx_word' id='word_1_133' title='bbox 225 1089 368 1129; x_wconf 82' lang='lat' dir='ltr'>Lucium</span> <span class='ocrx_word' id='word_1_134' title='bbox 377 1089 550 1130; x_wconf 85' lang='lat' dir='ltr'>Aurelium</span> <span class='ocrx_word' id='word_1_135' title='bbox 561 1113 573 1129; x_wconf 87' lang='lat'><strong>,</strong></span> <span class='ocrx_word' id='word_1_136' title='bbox 599 1086 800 1134; x_wconf 78' lang='lat' dir='ltr'>temporibus</span> <span class='ocrx_word' id='word_1_137' title='bbox 810 1088 899 1129; x_wconf 86' lang='lat' dir='ltr'>aliud</span> <span class='ocrx_word' id='word_1_138' title='bbox 912 1088 975 1122; x_wconf 87' lang='lat' dir='ltr'>fuit</span> <span class='ocrx_word' id='word_1_139' title='bbox 988 1087 1089 1121; x_wconf 83' lang='lat' dir='ltr'>Caesar</span> <span class='ocrx_word' id='word_1_140' title='bbox 1099 1112 1110 1129; x_wconf 84' lang='lat'>‚</span> 
     </span>
     <span class='ocr_line' id='line_1_22' title="bbox 221 1137 1111 1186; baseline -0.002 -13"><span class='ocrx_word' id='word_1_141' title='bbox 221 1139 314 1178; x_wconf 67' lang='lat' dir='ltr'>eliud</span> <span class='ocrx_word' id='word_1_142' title='bbox 328 1139 497 1186; x_wconf 81' lang='lat' dir='ltr'>Augustus</span> <span class='ocrx_word' id='word_1_143' title='bbox 509 1165 516 1172; x_wconf 93' lang='lat'><strong><em>.</em></strong></span> <span class='ocrx_word' id='word_1_144' title='bbox 544 1140 649 1178; x_wconf 76' lang='lat' dir='ltr'>Caesar</span> <span class='ocrx_word' id='word_1_145' title='bbox 660 1140 747 1177; x_wconf 87' lang='lat' dir='ltr'>idem</span> <span class='ocrx_word' id='word_1_146' title='bbox 760 1139 832 1173; x_wconf 88' lang='lat' dir='ltr'>istic</span> <span class='ocrx_word' id='word_1_147' title='bbox 843 1148 910 1173; x_wconf 87' lang='lat' dir='ltr'>erat</span> <span class='ocrx_word' id='word_1_148' title='bbox 922 1138 1011 1183; x_wconf 90' lang='lat' dir='ltr'>quod</span> <span class='ocrx_word' id='word_1_149' title='bbox 1025 1137 1111 1181; x_wconf 90' lang='lat' dir='ltr'>apud</span> 
     </span>
     <span class='ocr_line' id='line_1_23' title="bbox 225 1188 1112 1229; baseline -0.002 -5"><span class='ocrx_word' id='word_1_150' title='bbox 225 1201 287 1228; x_wconf 83' lang='lat' dir='ltr'>nos</span> <span class='ocrx_word' id='word_1_151' title='bbox 298 1189 372 1224; x_wconf 86' lang='lat' dir='ltr'>Rex</span> <span class='ocrx_word' id='word_1_152' title='bbox 385 1190 633 1229; x_wconf 85' lang='lat' dir='ltr'>Romanorum.</span> <span class='ocrx_word' id='word_1_153' title='bbox 664 1189 708 1223; x_wconf 87' lang='lat' dir='ltr'>Et</span> <span class='ocrx_word' id='word_1_154' title='bbox 732 1189 810 1223; x_wconf 86' lang='lat' dir='ltr'>hinc</span> <span class='ocrx_word' id='word_1_155' title='bbox 831 1188 872 1224; x_wconf 89' lang='lat' dir='ltr'>de</span> <span class='ocrx_word' id='word_1_156' title='bbox 894 1188 1112 1229; x_wconf 88' lang='lat' dir='ltr'>Commodo,</span> 
     </span>
     <span class='ocr_line' id='line_1_24' title="bbox 225 1238 1114 1282; baseline -0.004 -8"><span class='ocrx_word' id='word_1_157' title='bbox 225 1252 323 1282; x_wconf 89' lang='lat' dir='ltr'>quem</span> <span class='ocrx_word' id='word_1_158' title='bbox 336 1241 371 1273; x_wconf 88' lang='lat' dir='ltr'>in</span> <span class='ocrx_word' id='word_1_159' title='bbox 382 1240 481 1280; x_wconf 84' lang='lat' dir='ltr'>Lucii</span> <span class='ocrx_word' id='word_1_160' title='bbox 493 1239 623 1276; x_wconf 85' lang='lat' dir='ltr'>Aurelii</span> <span class='ocrx_word' id='word_1_161' title='bbox 634 1239 779 1274; x_wconf 70' lang='lat' dir='ltr'>defun-sti</span> <span class='ocrx_word' id='word_1_162' title='bbox 790 1239 902 1274; x_wconf 91' lang='lat' dir='ltr'>locum</span> <span class='ocrx_word' id='word_1_163' title='bbox 919 1238 1114 1272; x_wconf 86' lang='lat' dir='ltr'>Antoninus</span> 
     </span>
     <span class='ocr_line' id='line_1_25' title="bbox 224 1287 1115 1331; baseline -0.003 -8"><span class='ocrx_word' id='word_1_164' title='bbox 224 1288 322 1327; x_wconf 79' lang='lat' dir='ltr'>Pater</span> <span class='ocrx_word' id='word_1_165' title='bbox 333 1289 490 1328; x_wconf 82' lang='lat' dir='ltr'>Caesarem</span> <span class='ocrx_word' id='word_1_166' title='bbox 503 1300 626 1323; x_wconf 86' lang='lat' dir='ltr'>crearat</span> <span class='ocrx_word' id='word_1_167' title='bbox 638 1315 649 1331; x_wconf 87' lang='lat'>,</span> <span class='ocrx_word' id='word_1_168' title='bbox 676 1290 786 1324; x_wconf 83' lang='lat' dir='ltr'>scribit</span> <span class='ocrx_word' id='word_1_169' title='bbox 806 1292 840 1323; x_wconf 90' lang='lat' dir='ltr'>in</span> <span class='ocrx_word' id='word_1_170' title='bbox 865 1287 1036 1324; x_wconf 90' lang='lat' dir='ltr'>Chronico</span> <span class='ocrx_word' id='word_1_171' title='bbox 1051 1287 1115 1320; x_wconf 90' lang='lat' dir='ltr'>Eu-</span> 
     </span>
     <span class='ocr_line' id='line_1_26' title="bbox 224 1338 1114 1381; baseline -0.003 -8"><span class='ocrx_word' id='word_1_172' title='bbox 224 1339 329 1378; x_wconf 79' lang='lat' dir='ltr'>sebius</span> <span class='ocrx_word' id='word_1_173' title='bbox 349 1339 564 1380; x_wconf 63' lang='lat' dir='ltr'>Caesarienfisg</span> <span class='ocrx_word' id='word_1_174' title='bbox 591 1341 767 1378; x_wconf 75' lang='lat' dir='ltr'>Commodus</span> <span class='ocrx_word' id='word_1_175' title='bbox 793 1342 813 1378; x_wconf 71' lang='grc' dir='ltr'><em>ᾇ</em></span> <span class='ocrx_word' id='word_1_176' title='bbox 835 1342 945 1377; x_wconf 71' lang='lat' dir='ltr'>Senatu</span> <span class='ocrx_word' id='word_1_177' title='bbox 974 1338 1114 1381; x_wconf 81' lang='lat' dir='ltr'>Augustus</span> 
     </span>
     <span class='ocr_line' id='line_1_27' title="bbox 224 1387 1111 1432; baseline -0.006 -9"><span class='ocrx_word' id='word_1_178' title='bbox 224 1391 395 1432; x_wconf 75' lang='lat' dir='ltr'>appellatus</span> <span class='ocrx_word' id='word_1_179' title='bbox 417 1388 454 1430; x_wconf 84' lang='lat' dir='ltr'>cst</span> <span class='ocrx_word' id='word_1_180' title='bbox 469 1415 475 1427; x_wconf 36' lang='grc' dir='ltr'><strong>ξ</strong></span> <span class='ocrx_word' id='word_1_181' title='bbox 504 1390 549 1427; x_wconf 86' lang='lat' dir='ltr'>Et</span> <span class='ocrx_word' id='word_1_182' title='bbox 561 1390 596 1422; x_wconf 90' lang='lat' dir='ltr'>in</span> <span class='ocrx_word' id='word_1_183' title='bbox 611 1390 668 1422; x_wconf 91' lang='lat' dir='ltr'>suo</span> <span class='ocrx_word' id='word_1_184' title='bbox 680 1389 807 1428; x_wconf 79' lang='lat' dir='ltr'>Codice</span> <span class='ocrx_word' id='word_1_185' title='bbox 818 1389 859 1422; x_wconf 86' lang='lat' dir='ltr'>ad</span> <span class='ocrx_word' id='word_1_186' title='bbox 881 1387 1040 1431; x_wconf 79' lang='lat' dir='ltr'>Augusta:</span> <span class='ocrx_word' id='word_1_187' title='bbox 1051 1388 1111 1420; x_wconf 86' lang='lat' dir='ltr'>suae</span> 
     </span>
     <span class='ocr_line' id='line_1_28' title="bbox 225 1436 1115 1481; baseline -0.003 -8"><span class='ocrx_word' id='word_1_188' title='bbox 225 1440 344 1473; x_wconf 86' lang='lat' dir='ltr'>domus</span> <span class='ocrx_word' id='word_1_189' title='bbox 356 1438 532 1473; x_wconf 82' lang='lat' dir='ltr'>Curatores</span> <span class='ocrx_word' id='word_1_190' title='bbox 554 1436 665 1472; x_wconf 82' lang='lat' dir='ltr'>scribit</span> <span class='ocrx_word' id='word_1_191' title='bbox 687 1437 728 1471; x_wconf 91' lang='lat' dir='ltr'>de</span> <span class='ocrx_word' id='word_1_192' title='bbox 749 1436 943 1481; x_wconf 84' lang='lat' dir='ltr'>quibusdam</span> <span class='ocrx_word' id='word_1_193' title='bbox 967 1438 985 1470; x_wconf 72' lang='lat' dir='ltr'>a</span> <span class='ocrx_word' id='word_1_194' title='bbox 1009 1437 1041 1471; x_wconf 88' lang='lat' dir='ltr'>se</span> <span class='ocrx_word' id='word_1_195' title='bbox 1060 1436 1115 1470; x_wconf 82' lang='lat' dir='ltr'>da-</span> 
     </span>
     <span class='ocr_line' id='line_1_29' title="bbox 226 1486 1116 1531; baseline -0.008 -8"><span class='ocrx_word' id='word_1_196' title='bbox 226 1491 270 1528; x_wconf 82' lang='lat' dir='ltr'>tis</span> <span class='ocrx_word' id='word_1_197' title='bbox 290 1487 470 1531; x_wconf 85' lang='lat' dir='ltr'>privilegiis</span> <span class='ocrx_word' id='word_1_198' title='bbox 489 1487 669 1528; x_wconf 78' lang='lat' dir='ltr'>Imperator</span> <span class='ocrx_word' id='word_1_199' title='bbox 681 1486 881 1527; x_wconf 82' lang='lat' dir='ltr'>Iustinianus</span> <span class='ocrx_word' id='word_1_200' title='bbox 893 1500 904 1518; x_wconf 87' lang='lat'>.-</span> <span class='ocrx_word' id='word_1_201' title='bbox 931 1489 985 1517; x_wconf 83' lang='lat' dir='ltr'>Ex</span> <span class='ocrx_word' id='word_1_202' title='bbox 1001 1496 1032 1516; x_wconf 87' lang='lat' dir='ltr'>eo</span> <span class='ocrx_word' id='word_1_203' title='bbox 1043 1494 1116 1517; x_wconf 81' lang='lat' dir='ltr'>tem-</span> 
     </span>
     <span class='ocr_line' id='line_1_30' title="bbox 220 1530 1116 1579; baseline -0.007 -10"><span class='ocrx_word' id='word_1_204' title='bbox 220 1546 297 1579; x_wconf 81' lang='lat' dir='ltr'>pore</span> <span class='ocrx_word' id='word_1_205' title='bbox 318 1536 475 1573; x_wconf 66' lang='lat' dir='ltr'>valitura,</span> <span class='ocrx_word' id='word_1_206' title='bbox 502 1544 557 1574; x_wconf 84' lang='lat' dir='ltr'>quo</span> <span class='ocrx_word' id='word_1_207' title='bbox 579 1543 655 1565; x_wconf 80' lang='lat' dir='ltr'>nutu</span> <span class='ocrx_word' id='word_1_208' title='bbox 676 1537 790 1566; x_wconf 79' lang='lat' dir='ltr'>Divino</span> <span class='ocrx_word' id='word_1_209' title='bbox 803 1534 979 1574; x_wconf 73' lang='lat' dir='ltr'>Imperiales</span> <span class='ocrx_word' id='word_1_210' title='bbox 987 1530 1116 1573; x_wconf 78' lang='lat' dir='ltr'>suscepi-</span> 
     </span>
     <span class='ocr_line' id='line_1_31' title="bbox 224 1580 1115 1626; baseline -0.007 -8"><span class='ocrx_word' id='word_1_211' title='bbox 224 1595 290 1623; x_wconf 80' lang='lat' dir='ltr'>mus</span> <span class='ocrx_word' id='word_1_212' title='bbox 300 1582 433 1626; x_wconf 79' lang='lat' dir='ltr'>infulas.</span> <span class='ocrx_word' id='word_1_213' title='bbox 461 1582 538 1618; x_wconf 89' lang='lat' dir='ltr'>Ubi</span> <span class='ocrx_word' id='word_1_214' title='bbox 552 1593 606 1626; x_wconf 91' lang='lat' dir='ltr'>per</span> <span class='ocrx_word' id='word_1_215' title='bbox 618 1581 805 1626; x_wconf 81' lang='lat' dir='ltr'>Imperiales</span> <span class='ocrx_word' id='word_1_216' title='bbox 827 1581 948 1616; x_wconf 89' lang='lat' dir='ltr'>infulas</span> <span class='ocrx_word' id='word_1_217' title='bbox 973 1580 1115 1624; x_wconf 82' lang='lat' dir='ltr'>intelligi</span> 
     </span>
     <span class='ocr_line' id='line_1_32' title="bbox 222 1630 1116 1679; baseline -0.006 -10"><span class='ocrx_word' id='word_1_218' title='bbox 222 1633 412 1679; x_wconf 80' lang='lat' dir='ltr'>Augustam</span> <span class='ocrx_word' id='word_1_219' title='bbox 434 1632 698 1668; x_wconf 85' lang='lat' dir='ltr'>Coronationem</span> <span class='ocrx_word' id='word_1_220' title='bbox 713 1657 724 1672; x_wconf 94' lang='lat'><strong><em>,</em></strong></span> <span class='ocrx_word' id='word_1_221' title='bbox 749 1632 891 1675; x_wconf 78' lang='lat' dir='ltr'>ideoque</span> <span class='ocrx_word' id='word_1_222' title='bbox 905 1641 1025 1665; x_wconf 88' lang='lat' dir='ltr'>novam</span> <span class='ocrx_word' id='word_1_223' title='bbox 1037 1630 1116 1673; x_wconf 85' lang='lat' dir='ltr'>juris</span> 
     </span>
     <span class='ocr_line' id='line_1_33' title="bbox 223 1679 1115 1729; baseline -0.007 -9"><span class='ocrx_word' id='word_1_224' title='bbox 223 1696 262 1720; x_wconf 76' lang='lat' dir='ltr'>ac</span> <span class='ocrx_word' id='word_1_225' title='bbox 273 1683 447 1729; x_wconf 79' lang='lat' dir='ltr'>dignitatis</span> <span class='ocrx_word' id='word_1_226' title='bbox 467 1683 610 1727; x_wconf 80' lang='lat' dir='ltr'>speciem</span> <span class='ocrx_word' id='word_1_227' title='bbox 632 1683 674 1716; x_wconf 87' lang='lat' dir='ltr'>ab</span> <span class='ocrx_word' id='word_1_228' title='bbox 694 1681 749 1717; x_wconf 86' lang='lat' dir='ltr'>illa</span> <span class='ocrx_word' id='word_1_229' title='bbox 770 1681 901 1723; x_wconf 86' lang='lat' dir='ltr'>tribui,</span> <span class='ocrx_word' id='word_1_230' title='bbox 927 1679 1046 1715; x_wconf 80' lang='lat' dir='ltr'>merito</span> <span class='ocrx_word' id='word_1_231' title='bbox 1063 1680 1115 1714; x_wconf 86' lang='lat' dir='ltr'>ad-</span> 
     </span>
     <span class='ocr_line' id='line_1_34' title="bbox 223 1730 1115 1777; baseline -0.007 -8"><span class='ocrx_word' id='word_1_232' title='bbox 223 1744 356 1769; x_wconf 86' lang='lat' dir='ltr'>vertunt</span> <span class='ocrx_word' id='word_1_233' title='bbox 377 1733 591 1777; x_wconf 72' lang='lat' dir='ltr'>interpretes.</span> <span class='ocrx_word' id='word_1_234' title='bbox 620 1732 664 1767; x_wconf 88' lang='lat' dir='ltr'>Et</span> <span class='ocrx_word' id='word_1_235' title='bbox 690 1731 771 1766; x_wconf 87' lang='lat' dir='ltr'>hinc</span> <span class='ocrx_word' id='word_1_236' title='bbox 794 1732 829 1766; x_wconf 88' lang='lat' dir='ltr'>in</span> <span class='ocrx_word' id='word_1_237' title='bbox 856 1732 971 1766; x_wconf 88' lang='lat' dir='ltr'>litteris</span> <span class='ocrx_word' id='word_1_238' title='bbox 989 1755 999 1770; x_wconf 92' lang='lat'>,</span> <span class='ocrx_word' id='word_1_239' title='bbox 1027 1730 1115 1773; x_wconf 86' lang='lat' dir='ltr'>apud</span> 
     </span>
     <span class='ocr_line' id='line_1_35' title="bbox 226 1779 1116 1828; baseline -0.007 -9"><span class='ocrx_word' id='word_1_240' title='bbox 226 1785 434 1823; x_wconf 86' lang='lat' dir='ltr'>Radevicum</span> <span class='ocrx_word' id='word_1_241' title='bbox 444 1783 678 1828; x_wconf 87' lang='lat' dir='ltr'>Frifingeusem</span> <span class='ocrx_word' id='word_1_242' title='bbox 695 1781 901 1822; x_wconf 83' lang='lat' dir='ltr'>exstantibus</span> <span class='ocrx_word' id='word_1_243' title='bbox 914 1806 924 1821; x_wconf 88' lang='lat'>‚</span> <span class='ocrx_word' id='word_1_244' title='bbox 950 1779 1032 1821; x_wconf 67' lang='lat' dir='ltr'>reste</span> <span class='ocrx_word' id='word_1_245' title='bbox 1042 1780 1116 1817; x_wconf 86' lang='lat' dir='ltr'>scri-</span> 
     </span>
     <span class='ocr_line' id='line_1_36' title="bbox 226 1830 1116 1878; baseline -0.007 -9"><span class='ocrx_word' id='word_1_246' title='bbox 226 1835 287 1878; x_wconf 86' lang='lat' dir='ltr'>pfit</span> <span class='ocrx_word' id='word_1_247' title='bbox 309 1834 476 1869; x_wconf 81' lang='lat' dir='ltr'>Adrianus</span> <span class='ocrx_word' id='word_1_248' title='bbox 495 1842 627 1877; x_wconf 88' lang='lat' dir='ltr'>quartus</span> <span class='ocrx_word' id='word_1_249' title='bbox 645 1833 676 1867; x_wconf 85' lang='lat' dir='ltr'>se</span> <span class='ocrx_word' id='word_1_250' title='bbox 701 1844 757 1876; x_wconf 76' lang='lat' dir='ltr'>per</span> <span class='ocrx_word' id='word_1_251' title='bbox 784 1830 967 1876; x_wconf 85' lang='lat' dir='ltr'>Imperialis</span> <span class='ocrx_word' id='word_1_252' title='bbox 985 1842 1116 1866; x_wconf 84' lang='lat' dir='ltr'>coronae</span> 
     </span>
     <span class='ocr_line' id='line_1_37' title="bbox 226 1881 1116 1930; baseline -0.004 -12"><span class='ocrx_word' id='word_1_253' title='bbox 226 1885 368 1930; x_wconf 80' lang='lat' dir='ltr'>insignia</span> <span class='ocrx_word' id='word_1_254' title='bbox 385 1883 557 1923; x_wconf 83' lang='lat' dir='ltr'>Frederico</span> <span class='ocrx_word' id='word_1_255' title='bbox 579 1884 685 1927; x_wconf 79' lang='lat' dir='ltr'>primo</span> <span class='ocrx_word' id='word_1_256' title='bbox 702 1882 823 1919; x_wconf 73' lang='lat' dir='ltr'>dedisse</span> <span class='ocrx_word' id='word_1_257' title='bbox 847 1882 985 1916; x_wconf 86' lang='lat' dir='ltr'>honoris</span> <span class='ocrx_word' id='word_1_258' title='bbox 1006 1893 1045 1915; x_wconf 86' lang='lat' dir='ltr'>ac</span> <span class='ocrx_word' id='word_1_259' title='bbox 1068 1881 1116 1914; x_wconf 91' lang='lat' dir='ltr'>di-</span> 
     </span>
     <span class='ocr_line' id='line_1_38' title="bbox 226 1929 1116 1979; baseline -0.006 -10"><span class='ocrx_word' id='word_1_260' title='bbox 226 1935 366 1979; x_wconf 88' lang='lat' dir='ltr'>gnitatis</span> <span class='ocrx_word' id='word_1_261' title='bbox 387 1933 627 1977; x_wconf 86' lang='lat' dir='ltr'>plenitudinem</span> <span class='ocrx_word' id='word_1_262' title='bbox 650 1959 657 1965; x_wconf 91' lang='lat'><strong>.</strong></span> <span class='ocrx_word' id='word_1_263' title='bbox 686 1930 868 1973; x_wconf 64' lang='lat' dir='ltr'>infeliciter</span> <span class='ocrx_word' id='word_1_264' title='bbox 895 1943 1005 1966; x_wconf 84' lang='lat' dir='ltr'>tamen</span> <span class='ocrx_word' id='word_1_265' title='bbox 1028 1929 1116 1966; x_wconf 88' lang='lat' dir='ltr'>addi·</span> 
     </span>
     <span class='ocr_line' id='line_1_39' title="bbox 224 1981 1114 2032; baseline -0.004 -13"><span class='ocrx_word' id='word_1_266' title='bbox 224 1986 276 2022; x_wconf 82' lang='lat' dir='ltr'>dit</span> <span class='ocrx_word' id='word_1_267' title='bbox 293 1984 324 2019; x_wconf 88' lang='lat' dir='ltr'>se</span> <span class='ocrx_word' id='word_1_268' title='bbox 343 1985 388 2017; x_wconf 87' lang='lat' dir='ltr'>ad</span> <span class='ocrx_word' id='word_1_269' title='bbox 408 1985 531 2032; x_wconf 79' lang='lat' dir='ltr'>majora</span> <span class='ocrx_word' id='word_1_270' title='bbox 552 1983 654 2018; x_wconf 88' lang='lat' dir='ltr'>etiam</span> <span class='ocrx_word' id='word_1_271' title='bbox 668 1983 806 2025; x_wconf 77' lang='lat' dir='ltr'>beneficia</span> <span class='ocrx_word' id='word_1_272' title='bbox 814 1991 977 2026; x_wconf 77' lang='lat' dir='ltr'>paratum.</span> <span class='ocrx_word' id='word_1_273' title='bbox 1004 1981 1114 2026; x_wconf 91' lang='lat' dir='ltr'>Loqui</span> 
     </span>
     <span class='ocr_line' id='line_1_40' title="bbox 223 2032 1117 2075; baseline -0.004 -5"><span class='ocrx_word' id='word_1_274' title='bbox 223 2035 316 2070; x_wconf 82' lang='lat' dir='ltr'>enim</span> <span class='ocrx_word' id='word_1_275' title='bbox 340 2033 542 2073; x_wconf 76' lang='lat' dir='ltr'>existimatus</span> <span class='ocrx_word' id='word_1_276' title='bbox 561 2033 607 2067; x_wconf 89' lang='lat' dir='ltr'>est</span> <span class='ocrx_word' id='word_1_277' title='bbox 631 2034 666 2068; x_wconf 86' lang='lat' dir='ltr'>in</span> <span class='ocrx_word' id='word_1_278' title='bbox 691 2034 783 2075; x_wconf 82' lang='lat' dir='ltr'>sensu</span> <span class='ocrx_word' id='word_1_279' title='bbox 796 2032 989 2068; x_wconf 86' lang='lat' dir='ltr'>Innocentii</span> <span class='ocrx_word' id='word_1_280' title='bbox 1005 2033 1117 2066; x_wconf 84' lang='lat' dir='ltr'>secun-</span> 
     </span>
     <span class='ocr_line' id='line_1_41' title="bbox 224 2082 1116 2129; baseline -0.004 -10"><span class='ocrx_word' id='word_1_281' title='bbox 224 2085 281 2126; x_wconf 83' lang='lat' dir='ltr'>di,</span> <span class='ocrx_word' id='word_1_282' title='bbox 305 2085 363 2129; x_wconf 90' lang='lat' dir='ltr'>qui</span> <span class='ocrx_word' id='word_1_283' title='bbox 389 2082 459 2129; x_wconf 89' lang='lat' dir='ltr'>post</span> <span class='ocrx_word' id='word_1_284' title='bbox 485 2084 643 2128; x_wconf 53' lang='lat' dir='ltr'>peradiam</span> <span class='ocrx_word' id='word_1_285' title='bbox 663 2082 815 2119; x_wconf 85' lang='lat' dir='ltr'>Lotharii</span> <span class='ocrx_word' id='word_1_286' title='bbox 828 2083 1038 2128; x_wconf 82' lang='lat' dir='ltr'>Imperatoris</span> <span class='ocrx_word' id='word_1_287' title='bbox 1049 2083 1116 2117; x_wconf 88' lang='lat' dir='ltr'>Co-</span> 
     </span>
     <span class='ocr_line' id='line_1_42' title="bbox 222 2132 1114 2183; baseline -0.001 -12"><span class='ocrx_word' id='word_1_288' title='bbox 222 2136 435 2172; x_wconf 80' lang='lat' dir='ltr'>renationem</span> <span class='ocrx_word' id='word_1_289' title='bbox 455 2134 685 2169; x_wconf 82' lang='lat' dir='ltr'>Lateranenfis</span> <span class='ocrx_word' id='word_1_290' title='bbox 710 2133 831 2170; x_wconf 87' lang='lat' dir='ltr'>Palatii</span> <span class='ocrx_word' id='word_1_291' title='bbox 868 2132 1043 2183; x_wconf 85' lang='lat' dir='ltr'>parietibus</span> <span class='ocrx_word' id='word_1_292' title='bbox 1069 2133 1114 2169; x_wconf 81' lang='lat' dir='ltr'>in·</span> 
     </span>
     <span class='ocr_line' id='line_1_43' title="bbox 224 2184 665 2229; baseline -0.002 -11"><span class='ocrx_word' id='word_1_293' title='bbox 224 2185 391 2229; x_wconf 77' lang='lat' dir='ltr'>scripserat</span> <span class='ocrx_word' id='word_1_294' title='bbox 411 2184 509 2224; x_wconf 67' lang='lat' dir='ltr'>boisce</span> <span class='ocrx_word' id='word_1_295' title='bbox 532 2184 638 2219; x_wconf 88' lang='lat' dir='ltr'>versus</span> <span class='ocrx_word' id='word_1_296' title='bbox 654 2197 665 2223; x_wconf 69' lang='grc'>.·</span> 
     </span>
    </p>
   </div>
   <div class='ocr_carea' id='block_1_6' title="bbox 54 1327 206 1360">
    <p class='ocr_par' dir='ltr' id='par_1_6' title="bbox 54 1327 206 1360">
     <span class='ocr_line' id='line_1_44' title="bbox 54 1327 206 1360; baseline -0.007 0"><span class='ocrx_word' id='word_1_297' title='bbox 54 1327 110 1360; x_wconf 61' lang='lat' dir='ltr'>An,</span> <span class='ocrx_word' id='word_1_298' title='bbox 144 1328 206 1360; x_wconf 70' lang='lat'>182·</span> 
     </span>
    </p>
   </div>
   <div class='ocr_carea' id='block_1_7' title="bbox 50 1441 210 1526">
    <p class='ocr_par' dir='ltr' id='par_1_7' title="bbox 50 1441 210 1526">
     <span class='ocr_line' id='line_1_45' title="bbox 54 1441 209 1479; baseline 0 -5"><span class='ocrx_word' id='word_1_299' title='bbox 54 1441 117 1474; x_wconf 83' lang='lat' dir='ltr'>Lib.</span> <span class='ocrx_word' id='word_1_300' title='bbox 131 1454 156 1478; x_wconf 79' lang='lat'>7.</span> <span class='ocrx_word' id='word_1_301' title='bbox 165 1444 209 1479; x_wconf 81' lang='lat' dir='ltr'>tit.</span> 
     </span>
     <span class='ocr_line' id='line_1_46' title="bbox 50 1494 210 1526; baseline 0.006 -13"><span class='ocrx_word' id='word_1_302' title='bbox 50 1494 99 1526; x_wconf 70' lang='lat'>37.</span> <span class='ocrx_word' id='word_1_303' title='bbox 126 1495 154 1520; x_wconf 72' lang='lat' dir='ltr'>c.</span> <span class='ocrx_word' id='word_1_304' title='bbox 183 1495 210 1520; x_wconf 67' lang='lat'>2..</span> 
     </span>
    </p>
   </div>
   <div class='ocr_carea' id='block_1_8' title="bbox 224 2254 1118 2350">
    <p class='ocr_par' dir='ltr' id='par_1_8' title="bbox 224 2254 1118 2350">
     <span class='ocr_line' id='line_1_47' title="bbox 224 2254 1118 2300; baseline -0.001 -11"><span class='ocrx_word' id='word_1_305' title='bbox 224 2260 292 2289; x_wconf 82' lang='lat' dir='ltr'>Rex</span> <span class='ocrx_word' id='word_1_306' title='bbox 302 2263 387 2291; x_wconf 73' lang='lat' dir='ltr'>venit</span> <span class='ocrx_word' id='word_1_307' title='bbox 403 2258 475 2290; x_wconf 67' lang='lat' dir='ltr'>ant?</span> <span class='ocrx_word' id='word_1_308' title='bbox 482 2257 568 2300; x_wconf 82' lang='lat' dir='ltr'>fores</span> <span class='ocrx_word' id='word_1_309' title='bbox 580 2282 592 2299; x_wconf 90' lang='lat'><strong>,</strong></span> <span class='ocrx_word' id='word_1_310' title='bbox 612 2258 729 2298; x_wconf 60' lang='lat' dir='ltr'>‚iurans</span> <span class='ocrx_word' id='word_1_311' title='bbox 747 2257 836 2298; x_wconf 73' lang='lat' dir='ltr'>prius</span> <span class='ocrx_word' id='word_1_312' title='bbox 861 2255 944 2289; x_wconf 78' lang='lat' dir='ltr'>urbis</span> <span class='ocrx_word' id='word_1_313' title='bbox 971 2254 1092 2288; x_wconf 77' lang='lat' dir='ltr'>bonores</span> <span class='ocrx_word' id='word_1_314' title='bbox 1109 2267 1118 2300; x_wconf 79' lang='lat'>3</span> 
     </span>
     <span class='ocr_line' id='line_1_48' title="bbox 224 2304 1115 2350; baseline -0.001 -12"><span class='ocrx_word' id='word_1_315' title='bbox 224 2311 306 2344; x_wconf 76' lang='lat' dir='ltr'>Hinc</span> <span class='ocrx_word' id='word_1_316' title='bbox 331 2305 415 2340; x_wconf 87' lang='lat' dir='ltr'>bomo</span> <span class='ocrx_word' id='word_1_317' title='bbox 434 2307 476 2349; x_wconf 84' lang='lat' dir='ltr'>fit</span> <span class='ocrx_word' id='word_1_318' title='bbox 502 2310 599 2348; x_wconf 77' lang='lat' dir='ltr'>Papae</span> <span class='ocrx_word' id='word_1_319' title='bbox 612 2329 624 2345; x_wconf 95' lang='lat'>,</span> <span class='ocrx_word' id='word_1_320' title='bbox 643 2304 739 2348; x_wconf 74' lang='lat' dir='ltr'>sumit</span> <span class='ocrx_word' id='word_1_321' title='bbox 760 2316 816 2350; x_wconf 78' lang='lat' dir='ltr'>quo</span> <span class='ocrx_word' id='word_1_322' title='bbox 837 2305 930 2338; x_wconf 83' lang='lat' dir='ltr'>dante</span> <span class='ocrx_word' id='word_1_323' title='bbox 947 2308 1094 2337; x_wconf 84' lang='lat' dir='ltr'>Coronam</span> <span class='ocrx_word' id='word_1_324' title='bbox 1108 2329 1115 2337; x_wconf 92' lang='lat'>.</span> 
     </span>
    </p>
   </div>
   <div class='ocr_carea' id='block_1_9' title="bbox 53 2378 1118 3529">
    <p class='ocr_par' dir='ltr' id='par_1_9' title="bbox 222 2378 1118 2819">
     <span class='ocr_line' id='line_1_49' title="bbox 273 2378 1118 2423; baseline -0.005 -7"><span class='ocrx_word' id='word_1_325' title='bbox 273 2379 491 2416; x_wconf 86' lang='lat' dir='ltr'>Occidentale</span> <span class='ocrx_word' id='word_1_326' title='bbox 515 2379 695 2423; x_wconf 82' lang='lat' dir='ltr'>Imperium</span> <span class='ocrx_word' id='word_1_327' title='bbox 717 2378 827 2415; x_wconf 88' lang='lat' dir='ltr'>voluit</span> <span class='ocrx_word' id='word_1_328' title='bbox 854 2378 918 2415; x_wconf 80' lang='lat' dir='ltr'>effe</span> <span class='ocrx_word' id='word_1_329' title='bbox 948 2378 1118 2422; x_wconf 82' lang='lat' dir='ltr'>Apostoli·</span> 
     </span>
     <span class='ocr_line' id='line_1_50' title="bbox 223 2429 1117 2474; baseline -0.006 -6"><span class='ocrx_word' id='word_1_330' title='bbox 223 2443 270 2468; x_wconf 73' lang='lat' dir='ltr'>ez</span> <span class='ocrx_word' id='word_1_331' title='bbox 287 2430 380 2465; x_wconf 88' lang='lat' dir='ltr'>Sedis</span> <span class='ocrx_word' id='word_1_332' title='bbox 401 2429 600 2465; x_wconf 79' lang='lat' dir='ltr'>beneficium</span> <span class='ocrx_word' id='word_1_333' title='bbox 623 2430 900 2474; x_wconf 82' lang='lat' dir='ltr'>&amp;Imperatorem</span> <span class='ocrx_word' id='word_1_334' title='bbox 920 2429 989 2472; x_wconf 83' lang='lat' dir='ltr'>ejus</span> <span class='ocrx_word' id='word_1_335' title='bbox 1000 2430 1117 2473; x_wconf 83' lang='lat' dir='ltr'>profes-</span> 
     </span>
     <span class='ocr_line' id='line_1_51' title="bbox 223 2478 1115 2520; baseline -0.002 -4"><span class='ocrx_word' id='word_1_336' title='bbox 223 2483 296 2516; x_wconf 90' lang='lat' dir='ltr'>sum</span> <span class='ocrx_word' id='word_1_337' title='bbox 307 2478 478 2518; x_wconf 83' lang='lat' dir='ltr'>hominem</span> <span class='ocrx_word' id='word_1_338' title='bbox 495 2504 502 2512; x_wconf 89' lang='lat'><strong><em>.</em></strong></span> <span class='ocrx_word' id='word_1_339' title='bbox 528 2478 655 2517; x_wconf 66' lang='lat' dir='ltr'>Verum</span> <span class='ocrx_word' id='word_1_340' title='bbox 669 2480 704 2518; x_wconf 71' lang='grc' dir='ltr'>δε</span> <span class='ocrx_word' id='word_1_341' title='bbox 728 2480 837 2516; x_wconf 85' lang='lat' dir='ltr'>versus</span> <span class='ocrx_word' id='word_1_342' title='bbox 860 2479 938 2513; x_wconf 87' lang='lat' dir='ltr'>istos</span> <span class='ocrx_word' id='word_1_343' title='bbox 961 2479 1055 2520; x_wconf 83' lang='lat' dir='ltr'>radi,</span> <span class='ocrx_word' id='word_1_344' title='bbox 1082 2480 1115 2514; x_wconf 74' lang='grc' dir='ltr'>ὃ(</span> 
     </span>
     <span class='ocr_line' id='line_1_52' title="bbox 223 2528 1117 2573; baseline 0 -6"><span class='ocrx_word' id='word_1_345' title='bbox 223 2539 440 2567; x_wconf 78' lang='lat' dir='ltr'>memoratam</span> <span class='ocrx_word' id='word_1_346' title='bbox 461 2528 604 2567; x_wconf 81' lang='lat' dir='ltr'>Adriani</span> <span class='ocrx_word' id='word_1_347' title='bbox 627 2528 812 2573; x_wconf 76' lang='lat' dir='ltr'>Epistolam</span> <span class='ocrx_word' id='word_1_348' title='bbox 837 2529 1041 2565; x_wconf 82' lang='lat' dir='ltr'>circumduci</span> <span class='ocrx_word' id='word_1_349' title='bbox 1061 2541 1117 2564; x_wconf 88' lang='lat' dir='ltr'>vo-</span> 
     </span>
     <span class='ocr_line' id='line_1_53' title="bbox 223 2578 1112 2624; baseline -0.001 -9"><span class='ocrx_word' id='word_1_350' title='bbox 223 2581 288 2616; x_wconf 86' lang='lat' dir='ltr'>luit</span> <span class='ocrx_word' id='word_1_351' title='bbox 309 2579 501 2618; x_wconf 79' lang='lat' dir='ltr'>Fredericus</span> <span class='ocrx_word' id='word_1_352' title='bbox 511 2603 522 2620; x_wconf 86' lang='lat'>‚</span> <span class='ocrx_word' id='word_1_353' title='bbox 548 2589 647 2624; x_wconf 82' lang='lat' dir='ltr'>atque</span> <span class='ocrx_word' id='word_1_354' title='bbox 657 2590 698 2613; x_wconf 89' lang='lat' dir='ltr'>ex</span> <span class='ocrx_word' id='word_1_355' title='bbox 711 2578 798 2616; x_wconf 88' lang='lat' dir='ltr'>hisce</span> <span class='ocrx_word' id='word_1_356' title='bbox 810 2578 924 2614; x_wconf 88' lang='lat' dir='ltr'>litibus</span> <span class='ocrx_word' id='word_1_357' title='bbox 937 2589 1051 2614; x_wconf 88' lang='lat' dir='ltr'>natum</span> <span class='ocrx_word' id='word_1_358' title='bbox 1065 2580 1112 2614; x_wconf 87' lang='lat' dir='ltr'>est</span> 
     </span>
     <span class='ocr_line' id='line_1_54' title="bbox 222 2628 1115 2676; baseline -0.002 -11"><span class='ocrx_word' id='word_1_359' title='bbox 222 2631 366 2676; x_wconf 75' lang='lat' dir='ltr'>longum</span> <span class='ocrx_word' id='word_1_360' title='bbox 384 2629 467 2668; x_wconf 87' lang='lat' dir='ltr'>illud</span> <span class='ocrx_word' id='word_1_361' title='bbox 489 2628 627 2668; x_wconf 85' lang='lat' dir='ltr'>schisma</span> <span class='ocrx_word' id='word_1_362' title='bbox 648 2628 835 2665; x_wconf 87' lang='lat' dir='ltr'>Cardinalis</span> <span class='ocrx_word' id='word_1_363' title='bbox 847 2630 1021 2665; x_wconf 71' lang='lat' dir='ltr'>Ostaviani</span> <span class='ocrx_word' id='word_1_364' title='bbox 1035 2641 1115 2664; x_wconf 90' lang='lat' dir='ltr'>con-</span> 
     </span>
     <span class='ocr_line' id='line_1_55' title="bbox 225 2679 1112 2733; baseline 0 -18"><span class='ocrx_word' id='word_1_365' title='bbox 225 2692 275 2715; x_wconf 87' lang='lat' dir='ltr'>tra</span> <span class='ocrx_word' id='word_1_366' title='bbox 294 2679 522 2717; x_wconf 85' lang='lat' dir='ltr'>Alexandrum</span> <span class='ocrx_word' id='word_1_367' title='bbox 544 2680 699 2718; x_wconf 85' lang='lat' dir='ltr'>tertium.</span> <span class='ocrx_word' id='word_1_368' title='bbox 725 2680 890 2733; x_wconf 67' lang='lat' dir='ltr'>roirca</span> <span class='ocrx_word' id='word_1_369' title='bbox 904 2692 973 2715; x_wconf 86' lang='lat' dir='ltr'>non</span> <span class='ocrx_word' id='word_1_370' title='bbox 982 2679 1112 2724; x_wconf 77' lang='lat' dir='ltr'>penitus</span> 
     </span>
     <span class='ocr_line' id='line_1_56' title="bbox 225 2729 1105 2767; baseline 0 -2"><span class='ocrx_word' id='word_1_371' title='bbox 225 2730 311 2765; x_wconf 73' lang='lat' dir='ltr'>male</span> <span class='ocrx_word' id='word_1_372' title='bbox 330 2730 442 2766; x_wconf 86' lang='lat' dir='ltr'>scribit</span> <span class='ocrx_word' id='word_1_373' title='bbox 465 2731 501 2764; x_wconf 90' lang='lat' dir='ltr'>in</span> <span class='ocrx_word' id='word_1_374' title='bbox 530 2730 768 2767; x_wconf 80' lang='lat' dir='ltr'>concordantia</span> <span class='ocrx_word' id='word_1_375' title='bbox 791 2729 968 2765; x_wconf 82' lang='lat' dir='ltr'>Catholica</span> <span class='ocrx_word' id='word_1_376' title='bbox 998 2729 1105 2765; x_wconf 91' lang='lat' dir='ltr'>Nico·</span> 
     </span>
     <span class='ocr_line' id='line_1_57' title="bbox 223 2779 1112 2819; baseline -0.002 -3"><span class='ocrx_word' id='word_1_377' title='bbox 223 2781 296 2819; x_wconf 77' lang='lat' dir='ltr'>laus</span> <span class='ocrx_word' id='word_1_378' title='bbox 312 2779 496 2817; x_wconf 84' lang='lat' dir='ltr'>Cardinalis</span> <span class='ocrx_word' id='word_1_379' title='bbox 518 2779 691 2819; x_wconf 80' lang='lat' dir='ltr'>Cusanus:</span> <span class='ocrx_word' id='word_1_380' title='bbox 716 2780 820 2818; x_wconf 70' lang='lat' dir='ltr'>Uncflio</span> <span class='ocrx_word' id='word_1_381' title='bbox 843 2788 872 2814; x_wconf 81' lang='lat' dir='ltr'>et</span> <span class='ocrx_word' id='word_1_382' title='bbox 881 2781 1022 2814; x_wconf 77' lang='lat' dir='ltr'>diadema</span> <span class='ocrx_word' id='word_1_383' title='bbox 1033 2780 1112 2818; x_wconf 80' lang='lat' dir='ltr'>nibil</span> 
     </span>
    </p>

    <p class='ocr_par' dir='ltr' id='par_1_10' title="bbox 53 2816 1112 2927">
     <span class='ocr_line' id='line_1_58' title="bbox 53 2816 1112 2927; baseline -0.001 -11"><span class='ocrx_word' id='word_1_384' title='bbox 53 2816 122 2855; x_wconf 51' lang='grc' dir='ltr'>ω’</span> <span class='ocrx_word' id='word_1_385' title='bbox 136 2823 165 2849; x_wconf 47' lang='lat'>⁶⁶</span> <span class='ocrx_word' id='word_1_386' title='bbox 180 2825 207 2856; x_wconf 60' lang='lat'>3&#39;</span> <span class='ocrx_word' id='word_1_387' title='bbox 219 2829 1112 2927; x_wconf 49' lang='grc' dir='ltr'>’ἷζὲἔῗῖξοῗῖζῖἑῖζέἒῖέἒβὲἑὶὲαῗὲζῗῗέἲὲἔὲἶῖὼὲἴ</span> 
     </span>
     <span class='ocr_line' id='line_1_59' title="bbox 1025 2900 1109 2923; baseline 0 -16"><span class='ocrx_word' id='word_1_388' title='bbox 1025 2907 1036 2923; x_wconf 72' lang='lat'>‚</span> <span class='ocrx_word' id='word_1_389' title='bbox 1098 2900 1109 2907; x_wconf 89' lang='lat'>.</span> 
     </span>
    </p>

    <p class='ocr_par' dir='ltr' id='par_1_11' title="bbox 221 2930 1111 3529">
     <span class='ocr_line' id='line_1_60' title="bbox 226 2930 1110 2976; baseline 0.002 -10"><span class='ocrx_word' id='word_1_390' title='bbox 226 2933 363 2974; x_wconf 84' lang='lat' dir='ltr'>lumque</span> <span class='ocrx_word' id='word_1_391' title='bbox 383 2930 492 2975; x_wconf 85' lang='lat' dir='ltr'>Regni</span> <span class='ocrx_word' id='word_1_392' title='bbox 515 2943 638 2967; x_wconf 86' lang='lat' dir='ltr'>nomen</span> <span class='ocrx_word' id='word_1_393' title='bbox 660 2942 714 2976; x_wconf 88' lang='lat' dir='ltr'>per</span> <span class='ocrx_word' id='word_1_394' title='bbox 735 2932 802 2976; x_wconf 77' lang='lat' dir='ltr'>ipsa</span> <span class='ocrx_word' id='word_1_395' title='bbox 825 2931 1023 2975; x_wconf 86' lang='lat' dir='ltr'>proficerein</span> <span class='ocrx_word' id='word_1_396' title='bbox 1039 2930 1110 2968; x_wconf 83' lang='lat' dir='ltr'>Au·</span> 
     </span>
     <span class='ocr_line' id='line_1_61' title="bbox 226 2980 1106 3027; baseline 0.003 -13"><span class='ocrx_word' id='word_1_397' title='bbox 226 2981 314 3025; x_wconf 80' lang='lat' dir='ltr'>gusti</span> <span class='ocrx_word' id='word_1_398' title='bbox 335 2980 540 3024; x_wconf 82' lang='lat' dir='ltr'>Imperatoris</span> <span class='ocrx_word' id='word_1_399' title='bbox 566 2981 721 3023; x_wconf 88' lang='lat' dir='ltr'>titulum,</span> <span class='ocrx_word' id='word_1_400' title='bbox 747 2982 946 3027; x_wconf 80' lang='lat' dir='ltr'>&amp;adjungit</span> <span class='ocrx_word' id='word_1_401' title='bbox 956 2983 1106 3020; x_wconf 81' lang='lat' dir='ltr'>causam:</span> 
     </span>
     <span class='ocr_line' id='line_1_62' title="bbox 225 3031 1109 3081; baseline 0 -16"><span class='ocrx_word' id='word_1_402' title='bbox 225 3035 267 3065; x_wconf 78' lang='lat' dir='ltr'>Ue</span> <span class='ocrx_word' id='word_1_403' title='bbox 279 3032 323 3063; x_wconf 84' lang='lat' dir='ltr'>ad</span> <span class='ocrx_word' id='word_1_404' title='bbox 332 3034 555 3067; x_wconf 70' lang='lat' dir='ltr'>coronationem</span> <span class='ocrx_word' id='word_1_405' title='bbox 564 3031 679 3066; x_wconf 85' lang='lat' dir='ltr'>anhelet</span> <span class='ocrx_word' id='word_1_406' title='bbox 701 3036 767 3069; x_wconf 84' lang='lat' dir='ltr'>Rex</span> <span class='ocrx_word' id='word_1_407' title='bbox 780 3057 791 3073; x_wconf 90' lang='lat'><strong>,</strong></span> <span class='ocrx_word' id='word_1_408' title='bbox 811 3031 955 3078; x_wconf 70' lang='lat' dir='ltr'>servatur</span> <span class='ocrx_word' id='word_1_409' title='bbox 980 3032 1048 3069; x_wconf 76' lang='lat' dir='ltr'>huic</span> <span class='ocrx_word' id='word_1_410' title='bbox 1062 3032 1109 3081; x_wconf 73' lang='lat' dir='ltr'>Jo-</span> 
     </span>
     <span class='ocr_line' id='line_1_63' title="bbox 225 3080 1108 3129; baseline 0.005 -16"><span class='ocrx_word' id='word_1_411' title='bbox 225 3083 377 3118; x_wconf 72' lang='lat' dir='ltr'>lemnitati</span> <span class='ocrx_word' id='word_1_412' title='bbox 395 3080 447 3116; x_wconf 82' lang='lat' dir='ltr'>hoc</span> <span class='ocrx_word' id='word_1_413' title='bbox 467 3092 570 3117; x_wconf 82' lang='lat' dir='ltr'>nomen</span> <span class='ocrx_word' id='word_1_414' title='bbox 591 3108 599 3115; x_wconf 90' lang='lat'><strong><em>.</em></strong></span> <span class='ocrx_word' id='word_1_415' title='bbox 634 3080 738 3116; x_wconf 89' lang='lat' dir='ltr'>Aliud</span> <span class='ocrx_word' id='word_1_416' title='bbox 769 3082 889 3129; x_wconf 75' lang='lat' dir='ltr'>quippe</span> <span class='ocrx_word' id='word_1_417' title='bbox 908 3082 955 3117; x_wconf 88' lang='lat' dir='ltr'>est</span> <span class='ocrx_word' id='word_1_418' title='bbox 978 3081 1108 3126; x_wconf 84' lang='lat' dir='ltr'>Papalis</span> 
     </span>
     <span class='ocr_line' id='line_1_64' title="bbox 225 3130 1109 3179; baseline 0.001 -13"><span class='ocrx_word' id='word_1_419' title='bbox 225 3130 449 3167; x_wconf 85' lang='lat' dir='ltr'>Confirmatio</span> <span class='ocrx_word' id='word_1_420' title='bbox 471 3154 482 3171; x_wconf 93' lang='lat'>,</span> <span class='ocrx_word' id='word_1_421' title='bbox 509 3130 597 3167; x_wconf 81' lang='lat' dir='ltr'>aliud</span> <span class='ocrx_word' id='word_1_422' title='bbox 618 3132 747 3179; x_wconf 80' lang='lat' dir='ltr'>Papalis</span> <span class='ocrx_word' id='word_1_423' title='bbox 773 3133 958 3171; x_wconf 83' lang='lat' dir='ltr'>Coronatio</span> <span class='ocrx_word' id='word_1_424' title='bbox 979 3146 987 3166; x_wconf 88' lang='lat'>:</span> <span class='ocrx_word' id='word_1_425' title='bbox 1025 3133 1109 3168; x_wconf 83' lang='lat' dir='ltr'>Haec</span> 
     </span>
     <span class='ocr_line' id='line_1_65' title="bbox 224 3180 1111 3227; baseline 0.003 -12"><span class='ocrx_word' id='word_1_426' title='bbox 224 3180 333 3218; x_wconf 75' lang='lat' dir='ltr'>solum</span> <span class='ocrx_word' id='word_1_427' title='bbox 356 3191 477 3214; x_wconf 89' lang='lat' dir='ltr'>nomen</span> <span class='ocrx_word' id='word_1_428' title='bbox 491 3203 502 3224; x_wconf 83' lang='lat'>‚</span> <span class='ocrx_word' id='word_1_429' title='bbox 524 3180 583 3215; x_wconf 86' lang='lat' dir='ltr'>ista</span> <span class='ocrx_word' id='word_1_430' title='bbox 603 3182 794 3225; x_wconf 86' lang='lat' dir='ltr'>potestatem</span> <span class='ocrx_word' id='word_1_431' title='bbox 815 3183 982 3227; x_wconf 87' lang='lat' dir='ltr'>impartit,</span> <span class='ocrx_word' id='word_1_432' title='bbox 1009 3183 1111 3222; x_wconf 74' lang='lat' dir='ltr'>&amp;an-</span> 
     </span>
     <span class='ocr_line' id='line_1_66' title="bbox 228 3230 1109 3276; baseline 0.001 -11"><span class='ocrx_word' id='word_1_433' title='bbox 228 3241 262 3265; x_wconf 88' lang='lat' dir='ltr'>te</span> <span class='ocrx_word' id='word_1_434' title='bbox 289 3231 392 3274; x_wconf 83' lang='lat' dir='ltr'>ipsam</span> <span class='ocrx_word' id='word_1_435' title='bbox 414 3230 529 3274; x_wconf 87' lang='lat' dir='ltr'>nequit</span> <span class='ocrx_word' id='word_1_436' title='bbox 551 3230 627 3268; x_wconf 85' lang='lat' dir='ltr'>Rex</span> <span class='ocrx_word' id='word_1_437' title='bbox 663 3232 838 3276; x_wconf 88' lang='lat' dir='ltr'>Imperium</span> <span class='ocrx_word' id='word_1_438' title='bbox 862 3233 1109 3272; x_wconf 82' lang='lat' dir='ltr'>administrare.</span> 
     </span>
     <span class='ocr_line' id='line_1_67' title="bbox 227 3281 1106 3331; baseline 0.005 -17"><span class='ocrx_word' id='word_1_439' title='bbox 227 3281 363 3318; x_wconf 77' lang='lat' dir='ltr'>Etenim</span> <span class='ocrx_word' id='word_1_440' title='bbox 383 3282 486 3325; x_wconf 88' lang='lat' dir='ltr'>prima</span> <span class='ocrx_word' id='word_1_441' title='bbox 508 3281 648 3317; x_wconf 86' lang='lat' dir='ltr'>Henrici</span> <span class='ocrx_word' id='word_1_442' title='bbox 668 3282 778 3327; x_wconf 88' lang='lat' dir='ltr'>quarti</span> <span class='ocrx_word' id='word_1_443' title='bbox 799 3282 884 3328; x_wconf 81' lang='lat' dir='ltr'>apud</span> <span class='ocrx_word' id='word_1_444' title='bbox 907 3283 1106 3331; x_wconf 84' lang='lat' dir='ltr'>Gregorium</span> 
     </span>
     <span class='ocr_line' id='line_1_68' title="bbox 225 3331 1110 3375; baseline 0.005 -11"><span class='ocrx_word' id='word_1_445' title='bbox 225 3331 399 3375; x_wconf 83' lang='lat' dir='ltr'>septimum</span> <span class='ocrx_word' id='word_1_446' title='bbox 421 3342 475 3375; x_wconf 89' lang='lat' dir='ltr'>pet</span> <span class='ocrx_word' id='word_1_447' title='bbox 497 3332 643 3367; x_wconf 84' lang='lat' dir='ltr'>Saxones</span> <span class='ocrx_word' id='word_1_448' title='bbox 660 3333 822 3368; x_wconf 81' lang='lat' dir='ltr'>accusatio</span> <span class='ocrx_word' id='word_1_449' title='bbox 849 3333 911 3368; x_wconf 85' lang='lat' dir='ltr'>fuit</span> <span class='ocrx_word' id='word_1_450' title='bbox 931 3359 942 3375; x_wconf 91' lang='lat'>‚</span> <span class='ocrx_word' id='word_1_451' title='bbox 982 3346 1039 3368; x_wconf 79' lang='lat' dir='ltr'>nan</span> <span class='ocrx_word' id='word_1_452' title='bbox 1063 3335 1110 3368; x_wconf 86' lang='lat' dir='ltr'>de·</span> 
     </span>
     <span class='ocr_line' id='line_1_69' title="bbox 227 3380 1110 3429; baseline 0.006 -15"><span class='ocrx_word' id='word_1_453' title='bbox 227 3391 288 3414; x_wconf 77' lang='lat' dir='ltr'>cere</span> <span class='ocrx_word' id='word_1_454' title='bbox 300 3389 365 3418; x_wconf 79' lang='lat' dir='ltr'>tam</span> <span class='ocrx_word' id='word_1_455' title='bbox 374 3380 555 3429; x_wconf 78' lang='lat' dir='ltr'>flagmosum</span> <span class='ocrx_word' id='word_1_456' title='bbox 566 3393 706 3426; x_wconf 78' lang='lat' dir='ltr'>regnare,</span> <span class='ocrx_word' id='word_1_457' title='bbox 731 3386 861 3417; x_wconf 75' lang='lat' dir='ltr'>maxime</span> <span class='ocrx_word' id='word_1_458' title='bbox 870 3384 933 3420; x_wconf 68' lang='lat' dir='ltr'>cum</span> <span class='ocrx_word' id='word_1_459' title='bbox 946 3389 972 3418; x_wconf 81' lang='lat' dir='ltr'>ei</span> <span class='ocrx_word' id='word_1_460' title='bbox 985 3388 1110 3428; x_wconf 79' lang='lat' dir='ltr'>Regiam</span> 
     </span>
     <span class='ocr_line' id='line_1_70' title="bbox 229 3431 1110 3475; baseline 0.007 -14"><span class='ocrx_word' id='word_1_461' title='bbox 229 3431 411 3473; x_wconf 78' lang='lat' dir='ltr'>dignitatem</span> <span class='ocrx_word' id='word_1_462' title='bbox 434 3435 531 3470; x_wconf 82' lang='lat' dir='ltr'>Roma</span> <span class='ocrx_word' id='word_1_463' title='bbox 553 3443 610 3467; x_wconf 84' lang='lat' dir='ltr'>non</span> <span class='ocrx_word' id='word_1_464' title='bbox 632 3432 804 3467; x_wconf 80' lang='lat' dir='ltr'>contulerit:</span> <span class='ocrx_word' id='word_1_465' title='bbox 844 3438 986 3475; x_wconf 85' lang='lat' dir='ltr'>oportere</span> <span class='ocrx_word' id='word_1_466' title='bbox 1009 3438 1110 3468; x_wconf 83' lang='lat' dir='ltr'>Romae</span> 
     </span>
     <span class='ocr_line' id='line_1_71' title="bbox 221 3477 1108 3529; baseline 0.008 -17"><span class='ocrx_word' id='word_1_467' title='bbox 221 3481 279 3523; x_wconf 78' lang='lat' dir='ltr'>jus</span> <span class='ocrx_word' id='word_1_468' title='bbox 294 3477 418 3522; x_wconf 76' lang='lat' dir='ltr'>suumin</span> <span class='ocrx_word' id='word_1_469' title='bbox 430 3481 633 3521; x_wconf 71' lang='lat' dir='ltr'>constituendis</span> <span class='ocrx_word' id='word_1_470' title='bbox 649 3482 776 3527; x_wconf 75' lang='lat' dir='ltr'>Regibus</span> <span class='ocrx_word' id='word_1_471' title='bbox 798 3484 905 3519; x_wconf 74' lang='lat' dir='ltr'>reddi.</span> <span class='ocrx_word' id='word_1_472' title='bbox 932 3483 1108 3529; x_wconf 84' lang='lat' dir='ltr'>Imperium</span> 
     </span>
    </p>
   </div>
   <div class='ocr_carea' id='block_1_10' title="bbox 1927 200 1985 245">
    <p class='ocr_par' dir='ltr' id='par_1_12' title="bbox 1927 200 1985 245">
     <span class='ocr_line' id='line_1_72' title="bbox 1927 200 1985 245; baseline 0 0"><span class='ocrx_word' id='word_1_473' title='bbox 1927 200 1985 245; x_wconf 82' lang='lat'>81</span> 
     </span>
    </p>
   </div>
   <div class='ocr_carea' id='block_1_11' title="bbox 1171 283 2234 3431">
    <p class='ocr_par' dir='ltr' id='par_1_13' title="bbox 1175 283 2063 781">
     <span class='ocr_line' id='line_1_73' title="bbox 1175 283 2058 331; baseline 0.002 -13"><span class='ocrx_word' id='word_1_474' title='bbox 1175 285 1236 319; x_wconf 75' lang='lat' dir='ltr'>effe</span> <span class='ocrx_word' id='word_1_475' title='bbox 1253 283 1311 319; x_wconf 87' lang='lat' dir='ltr'>fibi</span> <span class='ocrx_word' id='word_1_476' title='bbox 1332 283 1570 325; x_wconf 58' lang='lat' dir='ltr'>hereditarium</span> <span class='ocrx_word' id='word_1_477' title='bbox 1593 309 1605 326; x_wconf 88' lang='lat'>‚</span> <span class='ocrx_word' id='word_1_478' title='bbox 1640 284 1781 330; x_wconf 87' lang='lat' dir='ltr'>ideoque</span> <span class='ocrx_word' id='word_1_479' title='bbox 1806 284 1920 331; x_wconf 82' lang='lat' dir='ltr'>Papali</span> <span class='ocrx_word' id='word_1_480' title='bbox 1941 286 2058 322; x_wconf 73' lang='lat' dir='ltr'>confir-</span> 
     </span>
     <span class='ocr_line' id='line_1_74' title="bbox 1177 335 2059 386; baseline 0.003 -18"><span class='ocrx_word' id='word_1_481' title='bbox 1177 335 1324 371; x_wconf 86' lang='lat' dir='ltr'>matione</span> <span class='ocrx_word' id='word_1_482' title='bbox 1340 347 1409 369; x_wconf 90' lang='lat' dir='ltr'>non</span> <span class='ocrx_word' id='word_1_483' title='bbox 1430 346 1526 379; x_wconf 86' lang='lat' dir='ltr'>egere</span> <span class='ocrx_word' id='word_1_484' title='bbox 1545 336 1690 379; x_wconf 83' lang='lat' dir='ltr'>reposuit</span> <span class='ocrx_word' id='word_1_485' title='bbox 1708 336 1876 371; x_wconf 88' lang='lat' dir='ltr'>Henticus</span> <span class='ocrx_word' id='word_1_486' title='bbox 1898 339 1907 370; x_wconf 75' lang='grc' dir='ltr'>ἐ</span> <span class='ocrx_word' id='word_1_487' title='bbox 1943 337 2059 386; x_wconf 81' lang='lat' dir='ltr'>Qam</span> 
     </span>
     <span class='ocr_line' id='line_1_75' title="bbox 1177 384 2062 430; baseline 0.005 -12"><span class='ocrx_word' id='word_1_488' title='bbox 1177 384 1387 430; x_wconf 73' lang='lat' dir='ltr'>quaestionem</span> <span class='ocrx_word' id='word_1_489' title='bbox 1410 385 1512 419; x_wconf 85' lang='lat' dir='ltr'>etiam</span> <span class='ocrx_word' id='word_1_490' title='bbox 1532 386 1721 422; x_wconf 69' lang='lat' dir='ltr'>fredericus</span> <span class='ocrx_word' id='word_1_491' title='bbox 1743 385 1887 429; x_wconf 74' lang='lat' dir='ltr'>primm,</span> <span class='ocrx_word' id='word_1_492' title='bbox 1913 387 2062 422; x_wconf 81' lang='lat' dir='ltr'>Ludovi·</span> 
     </span>
     <span class='ocr_line' id='line_1_76' title="bbox 1177 434 2061 482; baseline 0.003 -14"><span class='ocrx_word' id='word_1_493' title='bbox 1177 446 1233 469; x_wconf 89' lang='lat' dir='ltr'>cus</span> <span class='ocrx_word' id='word_1_494' title='bbox 1252 444 1409 479; x_wconf 83' lang='lat' dir='ltr'>quartus,</span> <span class='ocrx_word' id='word_1_495' title='bbox 1435 434 1469 472; x_wconf 68' lang='grc' dir='ltr'>δε</span> <span class='ocrx_word' id='word_1_496' title='bbox 1491 434 1549 468; x_wconf 87' lang='lat' dir='ltr'>alii</span> <span class='ocrx_word' id='word_1_497' title='bbox 1569 434 1799 471; x_wconf 86' lang='lat' dir='ltr'>Romanorum</span> <span class='ocrx_word' id='word_1_498' title='bbox 1823 437 1932 482; x_wconf 84' lang='lat' dir='ltr'>Reges</span> <span class='ocrx_word' id='word_1_499' title='bbox 1943 439 2061 472; x_wconf 87' lang='lat' dir='ltr'>resum-</span> 
     </span>
     <span class='ocr_line' id='line_1_77' title="bbox 1178 484 2060 531; baseline 0.005 -13"><span class='ocrx_word' id='word_1_500' title='bbox 1178 486 1330 529; x_wconf 70' lang='lat' dir='ltr'>pserunt,-</span> <span class='ocrx_word' id='word_1_501' title='bbox 1355 484 1601 521; x_wconf 80' lang='lat' dir='ltr'>Germanorum</span> <span class='ocrx_word' id='word_1_502' title='bbox 1615 484 1838 527; x_wconf 78' lang='lat' dir='ltr'>Iurisconsulti</span> <span class='ocrx_word' id='word_1_503' title='bbox 1851 486 1917 530; x_wconf 82' lang='lat' dir='ltr'>jam</span> <span class='ocrx_word' id='word_1_504' title='bbox 1930 486 2060 531; x_wconf 82' lang='lat' dir='ltr'>pridem</span> 
     </span>
     <span class='ocr_line' id='line_1_78' title="bbox 1176 532 2063 580; baseline -0.001 -11"><span class='ocrx_word' id='word_1_505' title='bbox 1176 543 1323 575; x_wconf 86' lang='lat' dir='ltr'>certant,</span> <span class='ocrx_word' id='word_1_506' title='bbox 1348 534 1383 568; x_wconf 78' lang='grc' dir='ltr'>δε</span> <span class='ocrx_word' id='word_1_507' title='bbox 1402 532 1513 573; x_wconf 80' lang='lat' dir='ltr'>adhuc</span> <span class='ocrx_word' id='word_1_508' title='bbox 1537 533 1597 568; x_wconf 87' lang='lat' dir='ltr'>sub</span> <span class='ocrx_word' id='word_1_509' title='bbox 1618 534 1732 577; x_wconf 89' lang='lat' dir='ltr'>Judice</span> <span class='ocrx_word' id='word_1_510' title='bbox 1753 534 1793 567; x_wconf 90' lang='lat' dir='ltr'>lis</span> <span class='ocrx_word' id='word_1_511' title='bbox 1814 535 1880 572; x_wconf 83' lang='lat' dir='ltr'>est.</span> <span class='ocrx_word' id='word_1_512' title='bbox 1909 538 1984 572; x_wconf 80' lang='lat' dir='ltr'>Nec</span> <span class='ocrx_word' id='word_1_513' title='bbox 1995 538 2063 580; x_wconf 79' lang='lat' dir='ltr'>spe-</span> 
     </span>
     <span class='ocr_line' id='line_1_79' title="bbox 1175 584 2063 628; baseline 0.003 -9"><span class='ocrx_word' id='word_1_514' title='bbox 1175 587 1240 619; x_wconf 64' lang='lat' dir='ltr'>{kat</span> <span class='ocrx_word' id='word_1_515' title='bbox 1261 584 1301 619; x_wconf 89' lang='lat' dir='ltr'>ad</span> <span class='ocrx_word' id='word_1_516' title='bbox 1324 595 1392 619; x_wconf 89' lang='lat' dir='ltr'>rem</span> <span class='ocrx_word' id='word_1_517' title='bbox 1414 585 1599 628; x_wconf 73' lang='lat' dir='ltr'>praesentem</span> <span class='ocrx_word' id='word_1_518' title='bbox 1613 609 1620 616; x_wconf 92' lang='lat'>.</span> <span class='ocrx_word' id='word_1_519' title='bbox 1649 584 1806 619; x_wconf 84' lang='lat' dir='ltr'>Attamen</span> <span class='ocrx_word' id='word_1_520' title='bbox 1832 584 1956 620; x_wconf 85' lang='lat' dir='ltr'>Paulus</span> <span class='ocrx_word' id='word_1_521' title='bbox 1977 587 2063 621; x_wconf 84' lang='lat' dir='ltr'>Lan·</span> 
     </span>
     <span class='ocr_line' id='line_1_80' title="bbox 1176 633 2062 680; baseline 0.005 -13"><span class='ocrx_word' id='word_1_522' title='bbox 1176 635 1249 679; x_wconf 86' lang='lat' dir='ltr'>gius</span> <span class='ocrx_word' id='word_1_523' title='bbox 1260 659 1272 676; x_wconf 90' lang='lat'>,</span> <span class='ocrx_word' id='word_1_524' title='bbox 1286 633 1476 672; x_wconf 54' lang='lat' dir='ltr'>affirmans&amp;</span> <span class='ocrx_word' id='word_1_525' title='bbox 1492 635 1745 675; x_wconf 77' lang='lat' dir='ltr'>confirmatione</span> <span class='ocrx_word' id='word_1_526' title='bbox 1757 633 1858 672; x_wconf 85' lang='lat' dir='ltr'>tribui</span> <span class='ocrx_word' id='word_1_527' title='bbox 1871 634 2062 680; x_wconf 79' lang='lat' dir='ltr'>Augustum</span> 
     </span>
     <span class='ocr_line' id='line_1_81' title="bbox 1175 684 2062 735; baseline 0.001 -16"><span class='ocrx_word' id='word_1_528' title='bbox 1175 685 1384 730; x_wconf 77' lang='lat' dir='ltr'>imperatoris</span> <span class='ocrx_word' id='word_1_529' title='bbox 1404 695 1527 721; x_wconf 87' lang='lat' dir='ltr'>nomen</span> <span class='ocrx_word' id='word_1_530' title='bbox 1549 710 1559 726; x_wconf 96' lang='lat'>,</span> <span class='ocrx_word' id='word_1_531' title='bbox 1587 685 1693 729; x_wconf 75' lang='lat' dir='ltr'>palam</span> <span class='ocrx_word' id='word_1_532' title='bbox 1720 684 1844 724; x_wconf 85' lang='lat' dir='ltr'>fallitur</span> <span class='ocrx_word' id='word_1_533' title='bbox 1866 698 1874 719; x_wconf 84' lang='lat' dir='ltr'><strong><em>z</em></strong></span> <span class='ocrx_word' id='word_1_534' title='bbox 1911 685 1984 724; x_wconf 78' lang='lat' dir='ltr'>Nili</span> <span class='ocrx_word' id='word_1_535' title='bbox 2008 697 2062 735; x_wconf 79' lang='lat' dir='ltr'>per</span> 
     </span>
     <span class='ocr_line' id='line_1_82' title="bbox 1176 734 1952 781; baseline -0.001 -12"><span class='ocrx_word' id='word_1_536' title='bbox 1176 734 1464 775; x_wconf 83' lang='lat' dir='ltr'>confirmationem</span> <span class='ocrx_word' id='word_1_537' title='bbox 1486 735 1645 781; x_wconf 87' lang='lat' dir='ltr'>intelligit</span> <span class='ocrx_word' id='word_1_538' title='bbox 1667 735 1952 772; x_wconf 86' lang='lat' dir='ltr'>Coronationem.</span> 
     </span>
    </p>

    <p class='ocr_par' dir='ltr' id='par_1_14' title="bbox 1175 782 2076 1531">
     <span class='ocr_line' id='line_1_83' title="bbox 1227 782 2064 827; baseline 0.002 -8"><span class='ocrx_word' id='word_1_539' title='bbox 1227 786 1310 820; x_wconf 88' lang='lat' dir='ltr'>Haec</span> <span class='ocrx_word' id='word_1_540' title='bbox 1321 785 1416 821; x_wconf 86' lang='lat' dir='ltr'>verba</span> <span class='ocrx_word' id='word_1_541' title='bbox 1428 810 1440 827; x_wconf 88' lang='lat'>‚</span> <span class='ocrx_word' id='word_1_542' title='bbox 1465 782 1785 825; x_wconf 60' lang='lat' dir='ltr'>Elellus&#39;autborizari</span> <span class='ocrx_word' id='word_1_543' title='bbox 1797 796 1854 822; x_wconf 78' lang='lat' dir='ltr'>non</span> <span class='ocrx_word' id='word_1_544' title='bbox 1865 787 1968 822; x_wconf 82' lang='lat' dir='ltr'>valeat</span> <span class='ocrx_word' id='word_1_545' title='bbox 1980 809 1992 827; x_wconf 87' lang='lat'><strong>,</strong></span> <span class='ocrx_word' id='word_1_546' title='bbox 2017 785 2064 821; x_wconf 84' lang='lat' dir='ltr'>vi·</span> 
     </span>
     <span class='ocr_line' id='line_1_84' title="bbox 1176 835 2065 877; baseline -0.002 -4"><span class='ocrx_word' id='word_1_547' title='bbox 1176 835 1295 873; x_wconf 84' lang='lat' dir='ltr'>dentur</span> <span class='ocrx_word' id='word_1_548' title='bbox 1316 836 1475 871; x_wconf 86' lang='lat' dir='ltr'>mendosa</span> <span class='ocrx_word' id='word_1_549' title='bbox 1493 861 1504 877; x_wconf 90' lang='lat'><strong>,</strong></span> <span class='ocrx_word' id='word_1_550' title='bbox 1530 836 1563 870; x_wconf 87' lang='lat'><strong>&amp;</strong></span> <span class='ocrx_word' id='word_1_551' title='bbox 1584 847 1660 871; x_wconf 91' lang='lat' dir='ltr'>cum</span> <span class='ocrx_word' id='word_1_552' title='bbox 1685 835 1848 870; x_wconf 85' lang='lat' dir='ltr'>Gratiano</span> <span class='ocrx_word' id='word_1_553' title='bbox 1867 835 1995 871; x_wconf 90' lang='lat' dir='ltr'>videtur</span> <span class='ocrx_word' id='word_1_554' title='bbox 2020 836 2065 871; x_wconf 86' lang='lat' dir='ltr'>le-</span> 
     </span>
     <span class='ocr_line' id='line_1_85' title="bbox 1177 884 2065 931; baseline -0.001 -10"><span class='ocrx_word' id='word_1_555' title='bbox 1177 887 1345 931; x_wconf 89' lang='lat' dir='ltr'>gendum,</span> <span class='ocrx_word' id='word_1_556' title='bbox 1371 886 1594 927; x_wconf 71' lang='lat' dir='ltr'>Inthronizari,</span> <span class='ocrx_word' id='word_1_557' title='bbox 1623 887 1761 922; x_wconf 74' lang='lat' dir='ltr'>lutei-Im</span> <span class='ocrx_word' id='word_1_558' title='bbox 1794 884 1929 922; x_wconf 83' lang='lat' dir='ltr'>edicunt</span> <span class='ocrx_word' id='word_1_559' title='bbox 1941 885 2065 920; x_wconf 90' lang='lat' dir='ltr'>Roma·</span> 
     </span>
     <span class='ocr_line' id='line_1_86' title="bbox 1177 935 2066 978; baseline -0.002 -8"><span class='ocrx_word' id='word_1_560' title='bbox 1177 947 1223 971; x_wconf 81' lang='lat' dir='ltr'>nae</span> <span class='ocrx_word' id='word_1_561' title='bbox 1249 936 1398 975; x_wconf 68' lang='lat' dir='ltr'>Ecclesiae</span> <span class='ocrx_word' id='word_1_562' title='bbox 1424 936 1575 972; x_wconf 66' lang='lat' dir='ltr'>Electum</span> <span class='ocrx_word' id='word_1_563' title='bbox 1601 938 1686 972; x_wconf 90' lang='lat' dir='ltr'>olim</span> <span class='ocrx_word' id='word_1_564' title='bbox 1722 947 1801 971; x_wconf 83' lang='lat' dir='ltr'>ante</span> <span class='ocrx_word' id='word_1_565' title='bbox 1837 935 2066 978; x_wconf 81' lang='lat' dir='ltr'>Consecratio-</span> 
     </span>
     <span class='ocr_line' id='line_1_87' title="bbox 1179 982 2066 1028; baseline -0.001 -8"><span class='ocrx_word' id='word_1_566' title='bbox 1179 998 1252 1023; x_wconf 87' lang='lat' dir='ltr'>nem</span> <span class='ocrx_word' id='word_1_567' title='bbox 1267 1012 1278 1028; x_wconf 92' lang='lat'>,</span> <span class='ocrx_word' id='word_1_568' title='bbox 1304 987 1358 1022; x_wconf 89' lang='lat' dir='ltr'>seu</span> <span class='ocrx_word' id='word_1_569' title='bbox 1375 982 1698 1023; x_wconf 76' lang='lat' dir='ltr'>inthronizationem</span> <span class='ocrx_word' id='word_1_570' title='bbox 1716 999 1773 1023; x_wconf 87' lang='lat' dir='ltr'>aut</span> <span class='ocrx_word' id='word_1_571' title='bbox 1798 985 2066 1022; x_wconf 87' lang='lat' dir='ltr'>Coronationem</span> 
     </span>
     <span class='ocr_line' id='line_1_88' title="bbox 1180 1035 2067 1083; baseline 0 -13"><span class='ocrx_word' id='word_1_572' title='bbox 1180 1049 1247 1072; x_wconf 90' lang='lat' dir='ltr'>non</span> <span class='ocrx_word' id='word_1_573' title='bbox 1268 1036 1503 1073; x_wconf 75' lang='lat' dir='ltr'>administrasse</span> <span class='ocrx_word' id='word_1_574' title='bbox 1526 1064 1533 1071; x_wconf 94' lang='lat'><strong><em>.</em></strong></span> <span class='ocrx_word' id='word_1_575' title='bbox 1568 1039 1674 1073; x_wconf 86' lang='lat' dir='ltr'>Lucet</span> <span class='ocrx_word' id='word_1_576' title='bbox 1706 1050 1748 1074; x_wconf 83' lang='lat' dir='ltr'>ex</span> <span class='ocrx_word' id='word_1_577' title='bbox 1770 1035 1957 1083; x_wconf 88' lang='lat' dir='ltr'>Epigraphe</span> <span class='ocrx_word' id='word_1_578' title='bbox 1982 1035 2067 1071; x_wconf 86' lang='lat' dir='ltr'>litte·</span> 
     </span>
     <span class='ocr_line' id='line_1_89' title="bbox 1179 1086 2067 1133; baseline -0.002 -11"><span class='ocrx_word' id='word_1_579' title='bbox 1179 1086 1286 1123; x_wconf 81' lang='lat' dir='ltr'>rarum</span> <span class='ocrx_word' id='word_1_580' title='bbox 1309 1112 1321 1129; x_wconf 94' lang='lat'>,</span> <span class='ocrx_word' id='word_1_581' title='bbox 1357 1098 1438 1131; x_wconf 85' lang='lat' dir='ltr'>quas</span> <span class='ocrx_word' id='word_1_582' title='bbox 1463 1087 1504 1121; x_wconf 88' lang='lat' dir='ltr'>ad</span> <span class='ocrx_word' id='word_1_583' title='bbox 1528 1090 1704 1124; x_wconf 87' lang='lat' dir='ltr'>Scotorum</span> <span class='ocrx_word' id='word_1_584' title='bbox 1737 1088 1919 1133; x_wconf 88' lang='lat' dir='ltr'>Episcopos</span> <span class='ocrx_word' id='word_1_585' title='bbox 1943 1086 2067 1130; x_wconf 86' lang='lat' dir='ltr'>scripfit</span> 
     </span>
     <span class='ocr_line' id='line_1_90' title="bbox 1180 1135 2068 1183; baseline -0.003 -10"><span class='ocrx_word' id='word_1_586' title='bbox 1180 1140 1324 1183; x_wconf 86' lang='lat' dir='ltr'>Joannes</span> <span class='ocrx_word' id='word_1_587' title='bbox 1347 1149 1498 1182; x_wconf 87' lang='lat' dir='ltr'>quartus:</span> <span class='ocrx_word' id='word_1_588' title='bbox 1525 1140 1658 1172; x_wconf 66' lang='lat' dir='ltr'>Hilarius</span> <span class='ocrx_word' id='word_1_589' title='bbox 1673 1138 1935 1182; x_wconf 69' lang='lat' dir='ltr'>archipresbyter,</span> <span class='ocrx_word' id='word_1_590' title='bbox 1961 1135 2068 1180; x_wconf 73' lang='lat' dir='ltr'>&amp;ser-</span> 
     </span>
     <span class='ocr_line' id='line_1_91' title="bbox 1181 1187 2068 1234; baseline -0.001 -12"><span class='ocrx_word' id='word_1_591' title='bbox 1181 1202 1260 1223; x_wconf 83' lang='lat' dir='ltr'>vans</span> <span class='ocrx_word' id='word_1_592' title='bbox 1279 1189 1370 1222; x_wconf 89' lang='lat' dir='ltr'>locum</span> <span class='ocrx_word' id='word_1_593' title='bbox 1389 1187 1552 1231; x_wconf 73' lang='lat' dir='ltr'>Apostoltcae</span> <span class='ocrx_word' id='word_1_594' title='bbox 1591 1190 1678 1222; x_wconf 72' lang='lat' dir='ltr'>sedis</span> <span class='ocrx_word' id='word_1_595' title='bbox 1704 1214 1716 1230; x_wconf 91' lang='lat'>,</span> <span class='ocrx_word' id='word_1_596' title='bbox 1743 1193 1890 1234; x_wconf 84' lang='lat' dir='ltr'>Joannes</span> <span class='ocrx_word' id='word_1_597' title='bbox 1917 1191 2068 1223; x_wconf 69' lang='lat' dir='ltr'>Diaconus</span> 
     </span>
     <span class='ocr_line' id='line_1_92' title="bbox 1180 1238 2066 1283; baseline -0.003 -10"><span class='ocrx_word' id='word_1_598' title='bbox 1180 1242 1214 1273; x_wconf 55' lang='grc' dir='ltr'>(θ’</span> <span class='ocrx_word' id='word_1_599' title='bbox 1233 1244 1265 1272; x_wconf 81' lang='lat' dir='ltr'>in</span> <span class='ocrx_word' id='word_1_600' title='bbox 1288 1242 1347 1272; x_wconf 76' lang='lat' dir='ltr'>Dei</span> <span class='ocrx_word' id='word_1_601' title='bbox 1366 1243 1482 1273; x_wconf 87' lang='lat' dir='ltr'>nomine</span> <span class='ocrx_word' id='word_1_602' title='bbox 1507 1238 1628 1272; x_wconf 70' lang='lat' dir='ltr'>Elec‘lus</span> <span class='ocrx_word' id='word_1_603' title='bbox 1640 1264 1651 1280; x_wconf 90' lang='lat'><em>‚</em></span> <span class='ocrx_word' id='word_1_604' title='bbox 1676 1244 1751 1272; x_wconf 75' lang='lat' dir='ltr'>item</span> <span class='ocrx_word' id='word_1_605' title='bbox 1770 1242 1802 1283; x_wconf 86' lang='lat' dir='ltr'><strong><em>J</em></strong></span> <span class='ocrx_word' id='word_1_606' title='bbox 1805 1248 1915 1275; x_wconf 81' lang='lat' dir='ltr'>oannes</span> <span class='ocrx_word' id='word_1_607' title='bbox 1927 1240 2066 1271; x_wconf 71' lang='lat' dir='ltr'>Primice-</span> 
     </span>
     <span class='ocr_line' id='line_1_93' title="bbox 1179 1286 2072 1337; baseline -0.002 -15"><span class='ocrx_word' id='word_1_608' title='bbox 1179 1295 1244 1323; x_wconf 81' lang='lat' dir='ltr'>rius</span> <span class='ocrx_word' id='word_1_609' title='bbox 1267 1286 1439 1337; x_wconf 71' lang='lat' dir='ltr'>&amp;servans</span> <span class='ocrx_word' id='word_1_610' title='bbox 1452 1292 1543 1323; x_wconf 86' lang='lat' dir='ltr'>locum</span> <span class='ocrx_word' id='word_1_611' title='bbox 1557 1291 1690 1323; x_wconf 83' lang='lat' dir='ltr'>sacratae</span> <span class='ocrx_word' id='word_1_612' title='bbox 1711 1289 1797 1322; x_wconf 79' lang='lat' dir='ltr'>Sedis</span> <span class='ocrx_word' id='word_1_613' title='bbox 1819 1286 2008 1330; x_wconf 66' lang='lat' dir='ltr'>apostolica,</span> <span class='ocrx_word' id='word_1_614' title='bbox 2035 1288 2072 1320; x_wconf 64' lang='grc' dir='ltr'>ὁ·</span> 
     </span>
     <span class='ocr_line' id='line_1_94' title="bbox 1175 1335 2075 1387; baseline -0.002 -15"><span class='ocrx_word' id='word_1_615' title='bbox 1175 1343 1318 1385; x_wconf 77' lang='lat' dir='ltr'>joannes</span> <span class='ocrx_word' id='word_1_616' title='bbox 1340 1337 1449 1387; x_wconf 86' lang='lat' dir='ltr'>servus</span> <span class='ocrx_word' id='word_1_617' title='bbox 1474 1343 1546 1379; x_wconf 80' lang='lat' dir='ltr'>Dei,</span> <span class='ocrx_word' id='word_1_618' title='bbox 1579 1338 1769 1380; x_wconf 78' lang='lat' dir='ltr'>Confiliarius</span> <span class='ocrx_word' id='word_1_619' title='bbox 1787 1336 1921 1381; x_wconf 81' lang='lat' dir='ltr'>ejusdem</span> <span class='ocrx_word' id='word_1_620' title='bbox 1936 1335 2075 1379; x_wconf 43' lang='lat' dir='ltr'>apostola?</span> 
     </span>
     <span class='ocr_line' id='line_1_95' title="bbox 1175 1386 2072 1430; baseline -0.001 -9"><span class='ocrx_word' id='word_1_621' title='bbox 1175 1386 1224 1421; x_wconf 42' lang='lat' dir='ltr'>*cae</span> <span class='ocrx_word' id='word_1_622' title='bbox 1245 1387 1328 1421; x_wconf 75' lang='lat' dir='ltr'>sedis</span> <span class='ocrx_word' id='word_1_623' title='bbox 1343 1412 1350 1419; x_wconf 94' lang='lat'>.</span> <span class='ocrx_word' id='word_1_624' title='bbox 1379 1389 1519 1430; x_wconf 84' lang='lat' dir='ltr'>Joannes</span> <span class='ocrx_word' id='word_1_625' title='bbox 1543 1388 1674 1421; x_wconf 66' lang='lat' dir='ltr'>Eleous</span> <span class='ocrx_word' id='word_1_626' title='bbox 1696 1389 1728 1423; x_wconf 88' lang='lat' dir='ltr'>se</span> <span class='ocrx_word' id='word_1_627' title='bbox 1751 1399 1822 1421; x_wconf 88' lang='lat' dir='ltr'>non</span> <span class='ocrx_word' id='word_1_628' title='bbox 1847 1386 2072 1426; x_wconf 86' lang='lat' dir='ltr'>Pontificem,</span> 
     </span>
     <span class='ocr_line' id='line_1_96' title="bbox 1184 1433 2075 1477; baseline -0.001 -6"><span class='ocrx_word' id='word_1_629' title='bbox 1184 1435 1236 1471; x_wconf 87' lang='lat' dir='ltr'>sed</span> <span class='ocrx_word' id='word_1_630' title='bbox 1260 1437 1433 1475; x_wconf 77' lang='lat' dir='ltr'>dumtaxat</span> <span class='ocrx_word' id='word_1_631' title='bbox 1455 1437 1647 1474; x_wconf 78' lang='lat' dir='ltr'>Diaconum</span> <span class='ocrx_word' id='word_1_632' title='bbox 1658 1435 1807 1471; x_wconf 84' lang='lat' dir='ltr'>intitulat</span> <span class='ocrx_word' id='word_1_633' title='bbox 1821 1461 1832 1477; x_wconf 87' lang='lat'>‚</span> <span class='ocrx_word' id='word_1_634' title='bbox 1857 1433 2075 1471; x_wconf 84' lang='lat' dir='ltr'>&amp;subscribit</span> 
     </span>
     <span class='ocr_line' id='line_1_97' title="bbox 1185 1484 2076 1531; baseline 0 -13"><span class='ocrx_word' id='word_1_635' title='bbox 1185 1487 1255 1528; x_wconf 88' lang='lat' dir='ltr'>post</span> <span class='ocrx_word' id='word_1_636' title='bbox 1283 1485 1631 1529; x_wconf 86' lang='lat' dir='ltr'>Archipresbyterum:</span> <span class='ocrx_word' id='word_1_637' title='bbox 1658 1486 1764 1531; x_wconf 83' lang='lat' dir='ltr'>Qod</span> <span class='ocrx_word' id='word_1_638' title='bbox 1778 1484 1896 1528; x_wconf 72' lang='lat' dir='ltr'>nempe</span> <span class='ocrx_word' id='word_1_639' title='bbox 1918 1495 1988 1519; x_wconf 86' lang='lat' dir='ltr'>non</span> <span class='ocrx_word' id='word_1_640' title='bbox 2013 1485 2076 1519; x_wconf 81' lang='lat' dir='ltr'>ele-</span> 
     </span>
    </p>

    <p class='ocr_par' dir='ltr' id='par_1_15' title="bbox 1184 1531 2075 1577">
     <span class='ocr_line' id='line_1_98' title="bbox 1184 1531 2075 1577; baseline 0.002 -11"><span class='ocrx_word' id='word_1_641' title='bbox 1184 1533 1304 1566; x_wconf 63' lang='lat' dir='ltr'>{tionis</span> <span class='ocrx_word' id='word_1_642' title='bbox 1324 1556 1335 1572; x_wconf 93' lang='lat'>‚</span> <span class='ocrx_word' id='word_1_643' title='bbox 1361 1533 1415 1565; x_wconf 89' lang='lat' dir='ltr'>sed</span> <span class='ocrx_word' id='word_1_644' title='bbox 1439 1533 1611 1567; x_wconf 81' lang='lat' dir='ltr'>dumtaxat</span> <span class='ocrx_word' id='word_1_645' title='bbox 1633 1533 1788 1577; x_wconf 59' lang='lat' dir='ltr'>delegata</span> <span class='ocrx_word' id='word_1_646' title='bbox 1810 1532 1891 1571; x_wconf 79' lang='lat' dir='ltr'>vicis</span> <span class='ocrx_word' id='word_1_647' title='bbox 1910 1531 1980 1574; x_wconf 84' lang='lat' dir='ltr'>jure</span> <span class='ocrx_word' id='word_1_648' title='bbox 2005 1534 2075 1568; x_wconf 83' lang='lat' dir='ltr'>Ro-</span> 
     </span>
    </p>

    <p class='ocr_par' dir='ltr' id='par_1_16' title="bbox 1184 1581 2076 1617">
     <span class='ocr_line' id='line_1_99' title="bbox 1184 1581 2076 1617; baseline 0.002 -2"><span class='ocrx_word' id='word_1_649' title='bbox 1184 1593 1316 1615; x_wconf 81' lang='lat' dir='ltr'>manam</span> <span class='ocrx_word' id='word_1_650' title='bbox 1339 1581 1516 1615; x_wconf 79' lang='lat' dir='ltr'>Ecclesiam</span> <span class='ocrx_word' id='word_1_651' title='bbox 1535 1581 1736 1616; x_wconf 80' lang='lat' dir='ltr'>admistraret</span> <span class='ocrx_word' id='word_1_652' title='bbox 1749 1607 1756 1615; x_wconf 90' lang='lat'><strong>.</strong></span> <span class='ocrx_word' id='word_1_653' title='bbox 1786 1581 1830 1616; x_wconf 87' lang='lat' dir='ltr'>Et</span> <span class='ocrx_word' id='word_1_654' title='bbox 1852 1582 1894 1616; x_wconf 93' lang='lat' dir='ltr'>de</span> <span class='ocrx_word' id='word_1_655' title='bbox 1915 1582 2076 1617; x_wconf 87' lang='lat' dir='ltr'>Severino</span> 
     </span>
    </p>

    <p class='ocr_par' dir='ltr' id='par_1_17' title="bbox 1184 1630 2076 1824">
     <span class='ocr_line' id='line_1_100' title="bbox 1186 1630 2073 1676; baseline 0.001 -11"><span class='ocrx_word' id='word_1_656' title='bbox 1186 1632 1293 1676; x_wconf 89' lang='lat' dir='ltr'>primo</span> <span class='ocrx_word' id='word_1_657' title='bbox 1318 1631 1431 1666; x_wconf 85' lang='lat' dir='ltr'>scribit</span> <span class='ocrx_word' id='word_1_658' title='bbox 1456 1630 1645 1666; x_wconf 75' lang='lat' dir='ltr'>Anastasius</span> <span class='ocrx_word' id='word_1_659' title='bbox 1665 1631 1946 1667; x_wconf 86' lang='lat' dir='ltr'>Bibliothecarius</span> <span class='ocrx_word' id='word_1_660' title='bbox 1968 1646 1979 1666; x_wconf 92' lang='lat'>.·</span> <span class='ocrx_word' id='word_1_661' title='bbox 2014 1635 2073 1666; x_wconf 92' lang='lat' dir='ltr'>De-</span> 
     </span>
     <span class='ocr_line' id='line_1_101' title="bbox 1184 1680 2076 1726; baseline 0 -10"><span class='ocrx_word' id='word_1_662' title='bbox 1184 1681 1335 1722; x_wconf 83' lang='lat' dir='ltr'>vastatum</span> <span class='ocrx_word' id='word_1_663' title='bbox 1358 1681 1395 1721; x_wconf 85' lang='lat' dir='ltr'>est</span> <span class='ocrx_word' id='word_1_664' title='bbox 1420 1680 1610 1725; x_wconf 76' lang='lat' dir='ltr'>Epifhopium</span> <span class='ocrx_word' id='word_1_665' title='bbox 1642 1681 1849 1726; x_wconf 81' lang='lat' dir='ltr'>Lateranense</span> <span class='ocrx_word' id='word_1_666' title='bbox 1888 1683 1928 1716; x_wconf 87' lang='lat' dir='ltr'>ab</span> <span class='ocrx_word' id='word_1_667' title='bbox 1963 1680 2076 1726; x_wconf 72' lang='lat' dir='ltr'>Isaacio</span> 
     </span>
     <span class='ocr_line' id='line_1_102' title="bbox 1184 1731 2076 1777; baseline 0.002 -12"><span class='ocrx_word' id='word_1_668' title='bbox 1184 1731 1346 1772; x_wconf 81' lang='lat' dir='ltr'>Exarcbo,</span> <span class='ocrx_word' id='word_1_669' title='bbox 1371 1732 1436 1765; x_wconf 73' lang='lat' dir='ltr'>cum</span> <span class='ocrx_word' id='word_1_670' title='bbox 1461 1731 1557 1765; x_wconf 85' lang='lat' dir='ltr'>adhuc</span> <span class='ocrx_word' id='word_1_671' title='bbox 1582 1733 1707 1766; x_wconf 67' lang='lat' dir='ltr'>Eleeius</span> <span class='ocrx_word' id='word_1_672' title='bbox 1731 1733 1820 1776; x_wconf 78' lang='lat' dir='ltr'>effer,</span> <span class='ocrx_word' id='word_1_673' title='bbox 1846 1731 1994 1777; x_wconf 89' lang='lat' dir='ltr'>adeoque</span> <span class='ocrx_word' id='word_1_674' title='bbox 2019 1732 2076 1767; x_wconf 87' lang='lat' dir='ltr'>ad-</span> 
     </span>
     <span class='ocr_line' id='line_1_103' title="bbox 1185 1781 2075 1824; baseline 0 -8"><span class='ocrx_word' id='word_1_675' title='bbox 1185 1781 1391 1821; x_wconf 84' lang='lat' dir='ltr'>ministrandi</span> <span class='ocrx_word' id='word_1_676' title='bbox 1413 1783 1602 1817; x_wconf 85' lang='lat' dir='ltr'>facultatem</span> <span class='ocrx_word' id='word_1_677' title='bbox 1621 1783 1765 1818; x_wconf 90' lang='lat' dir='ltr'>necdum</span> <span class='ocrx_word' id='word_1_678' title='bbox 1785 1782 1921 1817; x_wconf 88' lang='lat' dir='ltr'>haberet</span> <span class='ocrx_word' id='word_1_679' title='bbox 1934 1807 1946 1824; x_wconf 92' lang='lat'>‚</span> <span class='ocrx_word' id='word_1_680' title='bbox 1972 1786 2075 1816; x_wconf 80' lang='lat' dir='ltr'>Domi-</span> 
     </span>
    </p>

    <p class='ocr_par' dir='ltr' id='par_1_18' title="bbox 1184 1832 2075 1876">
     <span class='ocr_line' id='line_1_104' title="bbox 1184 1832 2075 1876; baseline 0.002 -11"><span class='ocrx_word' id='word_1_681' title='bbox 1184 1844 1241 1870; x_wconf 86' lang='lat' dir='ltr'>nus</span> <span class='ocrx_word' id='word_1_682' title='bbox 1262 1834 1445 1866; x_wconf 77' lang='lat' dir='ltr'>Severinus.</span> <span class='ocrx_word' id='word_1_683' title='bbox 1482 1832 1526 1866; x_wconf 91' lang='lat' dir='ltr'>Et</span> <span class='ocrx_word' id='word_1_684' title='bbox 1547 1832 1665 1867; x_wconf 89' lang='lat' dir='ltr'>litteris</span> <span class='ocrx_word' id='word_1_685' title='bbox 1690 1832 1809 1876; x_wconf 88' lang='lat' dir='ltr'>quibus</span> <span class='ocrx_word' id='word_1_686' title='bbox 1832 1833 1923 1866; x_wconf 89' lang='lat' dir='ltr'>suam</span> <span class='ocrx_word' id='word_1_687' title='bbox 1945 1833 2075 1867; x_wconf 64' lang='lat' dir='ltr'>eleflio-</span> 
     </span>
    </p>

    <p class='ocr_par' dir='ltr' id='par_1_19' title="bbox 1185 1881 2075 1930">
     <span class='ocr_line' id='line_1_105' title="bbox 1185 1881 2075 1930; baseline 0 -14"><span class='ocrx_word' id='word_1_688' title='bbox 1185 1893 1261 1917; x_wconf 89' lang='lat' dir='ltr'>nem</span> <span class='ocrx_word' id='word_1_689' title='bbox 1285 1881 1397 1916; x_wconf 87' lang='lat' dir='ltr'>retulit</span> <span class='ocrx_word' id='word_1_690' title='bbox 1419 1882 1562 1930; x_wconf 87' lang='lat' dir='ltr'>Pippino</span> <span class='ocrx_word' id='word_1_691' title='bbox 1584 1882 1790 1921; x_wconf 86' lang='lat' dir='ltr'>Francorum</span> <span class='ocrx_word' id='word_1_692' title='bbox 1813 1882 1925 1928; x_wconf 88' lang='lat' dir='ltr'>Regi,</span> <span class='ocrx_word' id='word_1_693' title='bbox 1950 1882 2075 1917; x_wconf 85' lang='lat' dir='ltr'>Paulus</span> 
     </span>
    </p>

    <p class='ocr_par' dir='ltr' id='par_1_20' title="bbox 1185 1931 2075 1977">
     <span class='ocr_line' id='line_1_106' title="bbox 1185 1931 2075 1977; baseline 0.002 -12"><span class='ocrx_word' id='word_1_694' title='bbox 1185 1932 1307 1977; x_wconf 86' lang='lat' dir='ltr'>primus</span> <span class='ocrx_word' id='word_1_695' title='bbox 1326 1931 1371 1966; x_wconf 75' lang='lat' dir='ltr'>ita</span> <span class='ocrx_word' id='word_1_696' title='bbox 1393 1933 1485 1976; x_wconf 88' lang='lat' dir='ltr'>super</span> <span class='ocrx_word' id='word_1_697' title='bbox 1507 1933 1649 1976; x_wconf 76' lang='lat' dir='ltr'>scripsit:</span> <span class='ocrx_word' id='word_1_698' title='bbox 1680 1933 1794 1966; x_wconf 85' lang='lat' dir='ltr'>Paulus</span> <span class='ocrx_word' id='word_1_699' title='bbox 1817 1934 1968 1966; x_wconf 86' lang='lat' dir='ltr'>Diaconus</span> <span class='ocrx_word' id='word_1_700' title='bbox 1992 1958 2004 1974; x_wconf 92' lang='lat'>,</span> <span class='ocrx_word' id='word_1_701' title='bbox 2040 1934 2075 1967; x_wconf 66' lang='grc' dir='ltr'>ό·</span> 
     </span>
    </p>

    <p class='ocr_par' dir='ltr' id='par_1_21' title="bbox 1184 1982 2231 2325">
     <span class='ocr_line' id='line_1_107' title="bbox 1184 1982 2231 2044; baseline 0.001 -28"><span class='ocrx_word' id='word_1_702' title='bbox 1184 1989 1217 2017; x_wconf 77' lang='lat' dir='ltr'>in</span> <span class='ocrx_word' id='word_1_703' title='bbox 1240 1985 1296 2017; x_wconf 75' lang='lat' dir='ltr'>Del</span> <span class='ocrx_word' id='word_1_704' title='bbox 1319 1988 1434 2016; x_wconf 86' lang='lat' dir='ltr'>nomine</span> <span class='ocrx_word' id='word_1_705' title='bbox 1458 1982 1581 2020; x_wconf 65' lang='lat' dir='ltr'>Elet‘lus</span> <span class='ocrx_word' id='word_1_706' title='bbox 1594 1983 1714 2022; x_wconf 68' lang='lat' dir='ltr'>SanHae</span> <span class='ocrx_word' id='word_1_707' title='bbox 1725 1984 1811 2018; x_wconf 73' lang='lat' dir='ltr'>sedis</span> <span class='ocrx_word' id='word_1_708' title='bbox 1825 1982 2007 2026; x_wconf 79' lang='lat' dir='ltr'>Apostolicae.</span> <span class='ocrx_word' id='word_1_709' title='bbox 2032 1982 2078 2017; x_wconf 85' lang='lat' dir='ltr'>E·</span> <span class='ocrx_word' id='word_1_710' title='bbox 2092 2001 2184 2044; x_wconf 58' lang='lat' dir='ltr'>Epist⁸</span> <span class='ocrx_word' id='word_1_711' title='bbox 2204 2014 2231 2035; x_wconf 53' lang='grc' dir='ltr'>Χ.</span> 
     </span>
     <span class='ocr_line' id='line_1_108' title="bbox 1185 2031 2077 2068; baseline 0.001 -1"><span class='ocrx_word' id='word_1_712' title='bbox 1185 2033 1265 2067; x_wconf 85' lang='lat' dir='ltr'>tiam</span> <span class='ocrx_word' id='word_1_713' title='bbox 1288 2033 1502 2068; x_wconf 72' lang='lat' dir='ltr'>Benedietum</span> <span class='ocrx_word' id='word_1_714' title='bbox 1539 2033 1673 2068; x_wconf 90' lang='lat' dir='ltr'>tertium</span> <span class='ocrx_word' id='word_1_715' title='bbox 1700 2033 1850 2068; x_wconf 80' lang='lat' dir='ltr'>laudatus</span> <span class='ocrx_word' id='word_1_716' title='bbox 1887 2031 2077 2068; x_wconf 79' lang='lat' dir='ltr'>Anastafius</span> 
     </span>
     <span class='ocr_line' id='line_1_109' title="bbox 1185 2082 2078 2122; baseline 0.002 -5"><span class='ocrx_word' id='word_1_717' title='bbox 1185 2082 1305 2117; x_wconf 72' lang='lat' dir='ltr'>affidue</span> <span class='ocrx_word' id='word_1_718' title='bbox 1322 2094 1419 2118; x_wconf 87' lang='lat' dir='ltr'>vocat</span> <span class='ocrx_word' id='word_1_719' title='bbox 1430 2084 1627 2118; x_wconf 63' lang='lat' dir='ltr'>Bene-dmum</span> <span class='ocrx_word' id='word_1_720' title='bbox 1640 2084 1780 2122; x_wconf 68' lang='lat' dir='ltr'>EleHum</span> <span class='ocrx_word' id='word_1_721' title='bbox 1792 2110 1799 2121; x_wconf 80' lang='grc'>,</span> <span class='ocrx_word' id='word_1_722' title='bbox 1827 2083 1957 2122; x_wconf 81' lang='lat' dir='ltr'>Eodem</span> <span class='ocrx_word' id='word_1_723' title='bbox 1973 2083 2078 2119; x_wconf 90' lang='lat' dir='ltr'>modo</span> 
     </span>
     <span class='ocr_line' id='line_1_110' title="bbox 1187 2132 2079 2178; baseline 0.003 -13"><span class='ocrx_word' id='word_1_724' title='bbox 1187 2132 1417 2166; x_wconf 82' lang='lat' dir='ltr'>Alexandrum</span> <span class='ocrx_word' id='word_1_725' title='bbox 1440 2133 1640 2174; x_wconf 88' lang='lat' dir='ltr'>secundum,</span> <span class='ocrx_word' id='word_1_726' title='bbox 1667 2135 1743 2170; x_wconf 90' lang='lat' dir='ltr'>licet</span> <span class='ocrx_word' id='word_1_727' title='bbox 1760 2135 1828 2178; x_wconf 82' lang='lat' dir='ltr'>jam</span> <span class='ocrx_word' id='word_1_728' title='bbox 1850 2134 1975 2178; x_wconf 87' lang='lat' dir='ltr'>pridem</span> <span class='ocrx_word' id='word_1_729' title='bbox 1998 2145 2079 2169; x_wconf 86' lang='lat' dir='ltr'>con-</span> 
     </span>
     <span class='ocr_line' id='line_1_111' title="bbox 1186 2181 2075 2227; baseline 0.004 -12"><span class='ocrx_word' id='word_1_730' title='bbox 1186 2182 1347 2215; x_wconf 87' lang='lat' dir='ltr'>secratum</span> <span class='ocrx_word' id='word_1_731' title='bbox 1367 2181 1521 2214; x_wconf 89' lang='lat' dir='ltr'>Lucenfis</span> <span class='ocrx_word' id='word_1_732' title='bbox 1542 2182 1694 2218; x_wconf 78' lang='lat' dir='ltr'>Eccleliae</span> <span class='ocrx_word' id='word_1_733' title='bbox 1720 2183 1923 2225; x_wconf 87' lang='lat' dir='ltr'>Episcopum</span> <span class='ocrx_word' id='word_1_734' title='bbox 1946 2208 1958 2224; x_wconf 88' lang='lat'>,</span> <span class='ocrx_word' id='word_1_735' title='bbox 1995 2184 2075 2227; x_wconf 79' lang='lat' dir='ltr'>quia.</span> 
     </span>
     <span class='ocr_line' id='line_1_112' title="bbox 1188 2229 2075 2274; baseline 0.002 -9"><span class='ocrx_word' id='word_1_736' title='bbox 1188 2231 1347 2265; x_wconf 84' lang='lat' dir='ltr'>Romanae</span> <span class='ocrx_word' id='word_1_737' title='bbox 1373 2229 1546 2265; x_wconf 82' lang='lat' dir='ltr'>Cathedrae</span> <span class='ocrx_word' id='word_1_738' title='bbox 1559 2230 1700 2267; x_wconf 87' lang='lat' dir='ltr'>necdum</span> <span class='ocrx_word' id='word_1_739' title='bbox 1714 2229 1999 2274; x_wconf 83' lang='lat' dir='ltr'>inthronizatum,</span> <span class='ocrx_word' id='word_1_740' title='bbox 2025 2233 2075 2267; x_wconf 85' lang='lat' dir='ltr'>in-</span> 
     </span>
     <span class='ocr_line' id='line_1_113' title="bbox 1186 2278 2075 2325; baseline 0.003 -12"><span class='ocrx_word' id='word_1_741' title='bbox 1186 2279 1297 2313; x_wconf 86' lang='lat' dir='ltr'>titulat</span> <span class='ocrx_word' id='word_1_742' title='bbox 1318 2279 1453 2317; x_wconf 64' lang='lat' dir='ltr'>Saucius</span> <span class='ocrx_word' id='word_1_743' title='bbox 1473 2278 1592 2315; x_wconf 87' lang='lat' dir='ltr'>Petrus</span> <span class='ocrx_word' id='word_1_744' title='bbox 1613 2281 1792 2314; x_wconf 86' lang='lat' dir='ltr'>Damiani.</span> <span class='ocrx_word' id='word_1_745' title='bbox 1834 2282 1876 2315; x_wconf 87' lang='lat' dir='ltr'>Se</span> <span class='ocrx_word' id='word_1_746' title='bbox 1895 2281 2002 2325; x_wconf 89' lang='lat' dir='ltr'>ipsum</span> <span class='ocrx_word' id='word_1_747' title='bbox 2025 2283 2075 2316; x_wconf 89' lang='lat' dir='ltr'>us-</span> 
     </span>
    </p>

    <p class='ocr_par' dir='ltr' id='par_1_22' title="bbox 1171 2320 2234 3431">
     <span class='ocr_line' id='line_1_114' title="bbox 1184 2320 2171 2390; baseline 0.004 -28"><span class='ocrx_word' id='word_1_748' title='bbox 1184 2340 1249 2372; x_wconf 88' lang='lat' dir='ltr'>que</span> <span class='ocrx_word' id='word_1_749' title='bbox 1273 2328 1314 2363; x_wconf 84' lang='lat' dir='ltr'>ad</span> <span class='ocrx_word' id='word_1_750' title='bbox 1335 2328 1615 2363; x_wconf 77' lang='lat' dir='ltr'>consecrationem</span> <span class='ocrx_word' id='word_1_751' title='bbox 1636 2330 1823 2364; x_wconf 86' lang='lat' dir='ltr'>constanter</span> <span class='ocrx_word' id='word_1_752' title='bbox 1846 2330 1891 2364; x_wconf 66' lang='lat' dir='ltr'>itai</span> <span class='ocrx_word' id='word_1_753' title='bbox 1914 2331 2073 2376; x_wconf 76' lang='lat' dir='ltr'>inscripsit</span> <span class='ocrx_word' id='word_1_754' title='bbox 2089 2320 2171 2390; x_wconf 49' lang='lat' dir='ltr'>pist*</span> 
     </span>
     <span class='ocr_line' id='line_1_115' title="bbox 1185 2372 2153 2427; baseline 0.008 -16"><span class='ocrx_word' id='word_1_755' title='bbox 1185 2378 1365 2423; x_wconf 85' lang='lat' dir='ltr'>Gregorius</span> <span class='ocrx_word' id='word_1_756' title='bbox 1385 2377 1465 2413; x_wconf 89' lang='lat' dir='ltr'>item</span> <span class='ocrx_word' id='word_1_757' title='bbox 1485 2378 1660 2423; x_wconf 89' lang='lat' dir='ltr'>septimus.</span> <span class='ocrx_word' id='word_1_758' title='bbox 1688 2379 1794 2427; x_wconf 79' lang='lat' dir='ltr'>Qod</span> <span class='ocrx_word' id='word_1_759' title='bbox 1817 2380 1947 2415; x_wconf 63' lang='lat' dir='ltr'>Eleous</span> <span class='ocrx_word' id='word_1_760' title='bbox 1969 2382 2074 2418; x_wconf 86' lang='lat' dir='ltr'>admi·</span> <span class='ocrx_word' id='word_1_761' title='bbox 2144 2372 2153 2382; x_wconf 68' lang='grc'><strong>’</strong></span> 
     </span>
     <span class='ocr_line' id='line_1_116' title="bbox 1185 2428 2073 2477; baseline 0.005 -15"><span class='ocrx_word' id='word_1_762' title='bbox 1185 2428 1348 2470; x_wconf 78' lang='lat' dir='ltr'>nistrarir,</span> <span class='ocrx_word' id='word_1_763' title='bbox 1374 2429 1461 2463; x_wconf 90' lang='lat' dir='ltr'>lucet</span> <span class='ocrx_word' id='word_1_764' title='bbox 1484 2440 1525 2463; x_wconf 88' lang='lat' dir='ltr'>ex</span> <span class='ocrx_word' id='word_1_765' title='bbox 1547 2429 1661 2468; x_wconf 82' lang='lat' dir='ltr'>multis</span> <span class='ocrx_word' id='word_1_766' title='bbox 1686 2429 1754 2473; x_wconf 86' lang='lat' dir='ltr'>ejus</span> <span class='ocrx_word' id='word_1_767' title='bbox 1775 2441 1856 2466; x_wconf 87' lang='lat' dir='ltr'>tuuc</span> <span class='ocrx_word' id='word_1_768' title='bbox 1878 2431 2004 2477; x_wconf 89' lang='lat' dir='ltr'>scriptis</span> <span class='ocrx_word' id='word_1_769' title='bbox 2028 2434 2073 2470; x_wconf 87' lang='lat' dir='ltr'>E-</span> 
     </span>
     <span class='ocr_line' id='line_1_117' title="bbox 1185 2478 2072 2523; baseline 0.005 -10"><span class='ocrx_word' id='word_1_770' title='bbox 1185 2479 1313 2522; x_wconf 87' lang='lat' dir='ltr'>pistolis</span> <span class='ocrx_word' id='word_1_771' title='bbox 1335 2490 1343 2511; x_wconf 91' lang='lat'><strong>:</strong></span> <span class='ocrx_word' id='word_1_772' title='bbox 1380 2478 1507 2515; x_wconf 88' lang='lat' dir='ltr'>Verum</span> <span class='ocrx_word' id='word_1_773' title='bbox 1528 2480 1578 2518; x_wconf 88' lang='lat' dir='ltr'>uti</span> <span class='ocrx_word' id='word_1_774' title='bbox 1603 2479 1870 2519; x_wconf 84' lang='lat' dir='ltr'>Archidiaconus</span> <span class='ocrx_word' id='word_1_775' title='bbox 1892 2506 1903 2523; x_wconf 89' lang='lat'><strong>,</strong></span> <span class='ocrx_word' id='word_1_776' title='bbox 1943 2494 2014 2518; x_wconf 90' lang='lat' dir='ltr'>non</span> <span class='ocrx_word' id='word_1_777' title='bbox 2034 2493 2072 2519; x_wconf 91' lang='lat' dir='ltr'>ut</span> 
     </span>
     <span class='ocr_line' id='line_1_118' title="bbox 1182 2528 2067 2577; baseline 0.006 -14"><span class='ocrx_word' id='word_1_778' title='bbox 1182 2529 1272 2574; x_wconf 85' lang='lat' dir='ltr'>Papa</span> <span class='ocrx_word' id='word_1_779' title='bbox 1287 2555 1294 2561; x_wconf 88' lang='lat'><strong>.</strong></span> <span class='ocrx_word' id='word_1_780' title='bbox 1321 2528 1417 2577; x_wconf 86' lang='lat' dir='ltr'>Qin</span> <span class='ocrx_word' id='word_1_781' title='bbox 1435 2530 1470 2565; x_wconf 74' lang='grc' dir='ltr'>ἀ</span> <span class='ocrx_word' id='word_1_782' title='bbox 1481 2529 1568 2574; x_wconf 88' lang='lat' dir='ltr'>apud</span> <span class='ocrx_word' id='word_1_783' title='bbox 1580 2529 1751 2576; x_wconf 88' lang='lat' dir='ltr'>Rogerum</span> <span class='ocrx_word' id='word_1_784' title='bbox 1761 2531 1996 2570; x_wconf 85' lang='lat' dir='ltr'>Hovedensem</span> <span class='ocrx_word' id='word_1_785' title='bbox 2009 2545 2067 2568; x_wconf 78' lang='lat' dir='ltr'>ex·</span> 
     </span>
     <span class='ocr_line' id='line_1_119' title="bbox 1180 2578 2068 2629; baseline 0.006 -15"><span class='ocrx_word' id='word_1_786' title='bbox 1180 2579 1240 2615; x_wconf 78' lang='lat' dir='ltr'>stat</span> <span class='ocrx_word' id='word_1_787' title='bbox 1262 2578 1427 2624; x_wconf 89' lang='lat' dir='ltr'>Epistola,</span> <span class='ocrx_word' id='word_1_788' title='bbox 1458 2591 1522 2625; x_wconf 86' lang='lat' dir='ltr'>qua</span> <span class='ocrx_word' id='word_1_789' title='bbox 1546 2579 1787 2627; x_wconf 86' lang='lat' dir='ltr'>Anglorum&amp;</span> <span class='ocrx_word' id='word_1_790' title='bbox 1806 2583 1982 2618; x_wconf 85' lang='lat' dir='ltr'>Scotorum</span> <span class='ocrx_word' id='word_1_791' title='bbox 1991 2583 2068 2629; x_wconf 90' lang='lat' dir='ltr'>Epi·</span> 
     </span>
     <span class='ocr_line' id='line_1_120' title="bbox 1179 2629 2069 2674; baseline 0.006 -10"><span class='ocrx_word' id='word_1_792' title='bbox 1179 2630 1284 2674; x_wconf 87' lang='lat' dir='ltr'>scopis</span> <span class='ocrx_word' id='word_1_793' title='bbox 1301 2629 1495 2665; x_wconf 61' lang='lat' dir='ltr'>eiectionem</span> <span class='ocrx_word' id='word_1_794' title='bbox 1519 2631 1609 2667; x_wconf 87' lang='lat' dir='ltr'>suam</span> <span class='ocrx_word' id='word_1_795' title='bbox 1633 2633 1729 2667; x_wconf 90' lang='lat' dir='ltr'>refert</span> <span class='ocrx_word' id='word_1_796' title='bbox 1752 2633 1968 2668; x_wconf 86' lang='lat' dir='ltr'>Innocentius</span> <span class='ocrx_word' id='word_1_797' title='bbox 2005 2644 2069 2669; x_wconf 92' lang='lat' dir='ltr'>ter—</span> 
     </span>
     <span class='ocr_line' id='line_1_121' title="bbox 1177 2681 2066 2725; baseline 0.004 -12"><span class='ocrx_word' id='word_1_798' title='bbox 1177 2681 1261 2720; x_wconf 86' lang='lat' dir='ltr'>tius,</span> <span class='ocrx_word' id='word_1_799' title='bbox 1286 2691 1385 2723; x_wconf 88' lang='lat' dir='ltr'>atque</span> <span class='ocrx_word' id='word_1_800' title='bbox 1408 2681 1547 2725; x_wconf 88' lang='lat' dir='ltr'>incipit:</span> <span class='ocrx_word' id='word_1_801' title='bbox 1575 2686 1762 2719; x_wconf 71' lang='lat' dir='ltr'>Innocentius</span> <span class='ocrx_word' id='word_1_802' title='bbox 1788 2682 1954 2725; x_wconf 82' lang='lat' dir='ltr'>Apostolicae</span> <span class='ocrx_word' id='word_1_803' title='bbox 1978 2685 2066 2717; x_wconf 80' lang='lat' dir='ltr'>Sedis</span> 
     </span>
     <span class='ocr_line' id='line_1_122' title="bbox 1175 2729 2067 2776; baseline 0.006 -13"><span class='ocrx_word' id='word_1_804' title='bbox 1175 2730 1283 2766; x_wconf 73' lang='lat' dir='ltr'>elee&#39;lus</span> <span class='ocrx_word' id='word_1_805' title='bbox 1306 2729 1488 2774; x_wconf 75' lang='lat' dir='ltr'>Episcopus.</span> <span class='ocrx_word' id='word_1_806' title='bbox 1516 2731 1615 2769; x_wconf 80' lang='lat' dir='ltr'>Adeo</span> <span class='ocrx_word' id='word_1_807' title='bbox 1636 2731 1764 2765; x_wconf 82' lang='lat' dir='ltr'>dudum</span> <span class='ocrx_word' id='word_1_808' title='bbox 1784 2732 1844 2766; x_wconf 86' lang='lat' dir='ltr'>iste</span> <span class='ocrx_word' id='word_1_809' title='bbox 1866 2744 1939 2767; x_wconf 88' lang='lat' dir='ltr'>mos</span> <span class='ocrx_word' id='word_1_810' title='bbox 1953 2733 2067 2776; x_wconf 86' lang='lat' dir='ltr'>perdu-</span> 
     </span>
     <span class='ocr_line' id='line_1_123' title="bbox 1174 2780 2068 2825; baseline 0.004 -11"><span class='ocrx_word' id='word_1_811' title='bbox 1174 2781 1258 2815; x_wconf 88' lang='lat' dir='ltr'>ravit</span> <span class='ocrx_word' id='word_1_812' title='bbox 1270 2807 1277 2814; x_wconf 94' lang='lat'><strong>.</strong></span> <span class='ocrx_word' id='word_1_813' title='bbox 1305 2780 1387 2825; x_wconf 85' lang='lat' dir='ltr'>Ejus</span> <span class='ocrx_word' id='word_1_814' title='bbox 1411 2781 1552 2816; x_wconf 88' lang='lat' dir='ltr'>radicem</span> <span class='ocrx_word' id='word_1_815' title='bbox 1578 2782 1613 2814; x_wconf 91' lang='lat' dir='ltr'>in</span> <span class='ocrx_word' id='word_1_816' title='bbox 1627 2781 1692 2815; x_wconf 89' lang='lat' dir='ltr'>suis</span> <span class='ocrx_word' id='word_1_817' title='bbox 1705 2781 1747 2816; x_wconf 85' lang='lat' dir='ltr'>ad</span> <span class='ocrx_word' id='word_1_818' title='bbox 1759 2783 1926 2817; x_wconf 88' lang='lat' dir='ltr'>universos</span> <span class='ocrx_word' id='word_1_819' title='bbox 1938 2783 1973 2817; x_wconf 91' lang='lat' dir='ltr'>in</span> <span class='ocrx_word' id='word_1_820' title='bbox 1987 2783 2068 2821; x_wconf 88' lang='lat' dir='ltr'>Ger—</span> 
     </span>
     <span class='ocr_line' id='line_1_124' title="bbox 1174 2830 2064 2875; baseline 0.003 -9"><span class='ocrx_word' id='word_1_821' title='bbox 1174 2831 1307 2866; x_wconf 88' lang='lat' dir='ltr'>manico</span> <span class='ocrx_word' id='word_1_822' title='bbox 1340 2831 1484 2875; x_wconf 87' lang='lat' dir='ltr'>Imperio</span> <span class='ocrx_word' id='word_1_823' title='bbox 1515 2830 1629 2869; x_wconf 86' lang='lat' dir='ltr'>fideles</span> <span class='ocrx_word' id='word_1_824' title='bbox 1654 2831 1904 2871; x_wconf 81' lang='lat' dir='ltr'>enthronisticis</span> <span class='ocrx_word' id='word_1_825' title='bbox 1926 2833 2064 2875; x_wconf 86' lang='lat' dir='ltr'>litteris,</span> 
     </span>
     <span class='ocr_line' id='line_1_125' title="bbox 1173 2881 2065 2928; baseline 0.003 -12"><span class='ocrx_word' id='word_1_826' title='bbox 1173 2881 1257 2925; x_wconf 87' lang='lat' dir='ltr'>apud</span> <span class='ocrx_word' id='word_1_827' title='bbox 1269 2881 1469 2917; x_wconf 84' lang='lat' dir='ltr'>Radivicum</span> <span class='ocrx_word' id='word_1_828' title='bbox 1480 2881 1720 2927; x_wconf 80' lang='lat' dir='ltr'>Frisingensem</span> <span class='ocrx_word' id='word_1_829' title='bbox 1741 2882 1942 2918; x_wconf 84' lang='lat' dir='ltr'>exstantibus</span> <span class='ocrx_word' id='word_1_830' title='bbox 1955 2908 1966 2924; x_wconf 93' lang='lat'><em>,</em></span> <span class='ocrx_word' id='word_1_831' title='bbox 1991 2896 2065 2928; x_wconf 90' lang='lat' dir='ltr'>ape-</span> 
     </span>
     <span class='ocr_line' id='line_1_126' title="bbox 1172 2928 2234 2979; baseline 0.003 -14"><span class='ocrx_word' id='word_1_832' title='bbox 1172 2932 1213 2967; x_wconf 88' lang='lat' dir='ltr'>rit</span> <span class='ocrx_word' id='word_1_833' title='bbox 1237 2931 1404 2975; x_wconf 87' lang='lat' dir='ltr'>Antipapa</span> <span class='ocrx_word' id='word_1_834' title='bbox 1414 2932 1637 2967; x_wconf 69' lang='lat' dir='ltr'>Ostavianus:</span> <span class='ocrx_word' id='word_1_835' title='bbox 1664 2935 1815 2971; x_wconf 60' lang='lat' dir='ltr'>canonic&amp;</span> <span class='ocrx_word' id='word_1_836' title='bbox 1826 2932 1932 2979; x_wconf 82' lang='lat' dir='ltr'>sumus</span> <span class='ocrx_word' id='word_1_837' title='bbox 1958 2934 2063 2977; x_wconf 64' lang='lat' dir='ltr'>elem,</span> <span class='ocrx_word' id='word_1_838' title='bbox 2083 2928 2234 2962; x_wconf 73' lang='lat' dir='ltr'>L·²·C·54·</span> 
     </span>
     <span class='ocr_line' id='line_1_127' title="bbox 1172 2981 2064 3025; baseline 0.002 -9"><span class='ocrx_word' id='word_1_839' title='bbox 1172 2983 1207 3016; x_wconf 75' lang='lat'><em>&amp;</em></span> <span class='ocrx_word' id='word_1_840' title='bbox 1231 2987 1263 3014; x_wconf 79' lang='lat' dir='ltr'>in</span> <span class='ocrx_word' id='word_1_841' title='bbox 1291 2984 1363 3016; x_wconf 77' lang='lat' dir='ltr'>sede</span> <span class='ocrx_word' id='word_1_842' title='bbox 1389 2981 1544 3025; x_wconf 79' lang='lat' dir='ltr'>Apostolica</span> <span class='ocrx_word' id='word_1_843' title='bbox 1571 2983 1699 3017; x_wconf 74' lang='lat' dir='ltr'>collocati</span> <span class='ocrx_word' id='word_1_844' title='bbox 1720 3008 1731 3023; x_wconf 94' lang='lat'>,</span> <span class='ocrx_word' id='word_1_845' title='bbox 1768 2994 1803 3018; x_wconf 82' lang='lat' dir='ltr'>ac</span> <span class='ocrx_word' id='word_1_846' title='bbox 1829 2985 1939 3017; x_wconf 67' lang='lat' dir='ltr'>deinde*</span> <span class='ocrx_word' id='word_1_847' title='bbox 1964 2986 2064 3018; x_wconf 84' lang='lat' dir='ltr'>Bene-</span> 
     </span>
     <span class='ocr_line' id='line_1_128' title="bbox 1171 3031 2062 3076; baseline 0.003 -11"><span class='ocrx_word' id='word_1_848' title='bbox 1171 3031 1306 3065; x_wconf 62' lang='lat' dir='ltr'>dimonis</span> <span class='ocrx_word' id='word_1_849' title='bbox 1334 3031 1594 3076; x_wconf 67' lang='lat' dir='ltr'>consarasionem,</span> <span class='ocrx_word' id='word_1_850' title='bbox 1620 3043 1654 3066; x_wconf 87' lang='lat' dir='ltr'>ac</span> <span class='ocrx_word' id='word_1_851' title='bbox 1679 3032 1767 3073; x_wconf 77' lang='lat' dir='ltr'>nostri</span> <span class='ocrx_word' id='word_1_852' title='bbox 1793 3035 1875 3076; x_wconf 74' lang='lat' dir='ltr'>officii</span> <span class='ocrx_word' id='word_1_853' title='bbox 1896 3039 2062 3076; x_wconf 75' lang='lat' dir='ltr'>accepimus</span> 
     </span>
     <span class='ocr_line' id='line_1_129' title="bbox 1461 3083 2061 3129; baseline 0 -11"><span class='ocrx_word' id='word_1_854' title='bbox 1461 3083 1674 3121; x_wconf 84' lang='lat' dir='ltr'>Consecratio</span> <span class='ocrx_word' id='word_1_855' title='bbox 1700 3083 1790 3120; x_wconf 87' lang='lat' dir='ltr'>enim</span> <span class='ocrx_word' id='word_1_856' title='bbox 1817 3083 1862 3118; x_wconf 87' lang='lat' dir='ltr'>est</span> <span class='ocrx_word' id='word_1_857' title='bbox 1880 3084 1973 3120; x_wconf 87' lang='lat' dir='ltr'>istius</span> <span class='ocrx_word' id='word_1_858' title='bbox 2000 3085 2061 3129; x_wconf 90' lang='lat' dir='ltr'>spi-</span> 
     </span>
     <span class='ocr_line' id='line_1_130' title="bbox 1171 3132 2059 3179; baseline 0.003 -13"><span class='ocrx_word' id='word_1_859' title='bbox 1171 3132 1294 3167; x_wconf 87' lang='lat' dir='ltr'>ritualis</span> <span class='ocrx_word' id='word_1_860' title='bbox 1315 3133 1520 3169; x_wconf 77' lang='lat' dir='ltr'>matrimonii</span> <span class='ocrx_word' id='word_1_861' title='bbox 1543 3134 1846 3178; x_wconf 85' lang='lat' dir='ltr'>complementum,</span> <span class='ocrx_word' id='word_1_862' title='bbox 1873 3134 2059 3179; x_wconf 87' lang='lat' dir='ltr'>ideoque&amp;</span> 
     </span>
     <span class='ocr_line' id='line_1_131' title="bbox 1171 3181 2058 3231; baseline 0.003 -15"><span class='ocrx_word' id='word_1_863' title='bbox 1171 3182 1285 3217; x_wconf 85' lang='lat' dir='ltr'>tribuit</span> <span class='ocrx_word' id='word_1_864' title='bbox 1306 3181 1355 3226; x_wconf 82' lang='lat' dir='ltr'>jus</span> <span class='ocrx_word' id='word_1_865' title='bbox 1401 3183 1802 3223; x_wconf 82' lang='lat' dir='ltr'>lenaeadministtationis.</span> <span class='ocrx_word' id='word_1_866' title='bbox 1832 3185 2058 3231; x_wconf 74' lang='lat' dir='ltr'>Quismorem</span> 
     </span>
     <span class='ocr_line' id='line_1_132' title="bbox 1172 3233 2059 3281; baseline 0.002 -15"><span class='ocrx_word' id='word_1_867' title='bbox 1172 3234 1343 3272; x_wconf 80' lang='lat' dir='ltr'>mutaverit</span> <span class='ocrx_word' id='word_1_868' title='bbox 1365 3259 1376 3276; x_wconf 90' lang='lat'>,</span> <span class='ocrx_word' id='word_1_869' title='bbox 1402 3234 1546 3280; x_wconf 45' lang='lat' dir='ltr'>ignoro‘</span> <span class='ocrx_word' id='word_1_870' title='bbox 1578 3233 1682 3281; x_wconf 74' lang='lat' dir='ltr'>Qod</span> <span class='ocrx_word' id='word_1_871' title='bbox 1718 3234 1852 3269; x_wconf 89' lang='lat' dir='ltr'>interim</span> <span class='ocrx_word' id='word_1_872' title='bbox 1889 3234 2059 3269; x_wconf 86' lang='lat' dir='ltr'>Adrianus</span> 
     </span>
     <span class='ocr_line' id='line_1_133' title="bbox 1173 3282 2057 3330; baseline 0.002 -14"><span class='ocrx_word' id='word_1_873' title='bbox 1173 3283 1308 3327; x_wconf 87' lang='lat' dir='ltr'>quintus</span> <span class='ocrx_word' id='word_1_874' title='bbox 1326 3295 1393 3320; x_wconf 88' lang='lat' dir='ltr'>non</span> <span class='ocrx_word' id='word_1_875' title='bbox 1419 3284 1527 3323; x_wconf 78' lang='lat' dir='ltr'>solum</span> <span class='ocrx_word' id='word_1_876' title='bbox 1549 3295 1626 3321; x_wconf 88' lang='lat' dir='ltr'>ante</span> <span class='ocrx_word' id='word_1_877' title='bbox 1651 3285 1880 3330; x_wconf 85' lang='lat' dir='ltr'>Episcopalem</span> <span class='ocrx_word' id='word_1_878' title='bbox 1908 3309 1919 3324; x_wconf 93' lang='lat'>,</span> <span class='ocrx_word' id='word_1_879' title='bbox 1944 3282 1997 3318; x_wconf 88' lang='lat' dir='ltr'>sed</span> <span class='ocrx_word' id='word_1_880' title='bbox 2022 3284 2057 3322; x_wconf 71' lang='grc' dir='ltr'>ὃς</span> 
     </span>
     <span class='ocr_line' id='line_1_134' title="bbox 1172 3332 2058 3378; baseline 0 -11"><span class='ocrx_word' id='word_1_881' title='bbox 1172 3344 1248 3368; x_wconf 87' lang='lat' dir='ltr'>ante</span> <span class='ocrx_word' id='word_1_882' title='bbox 1268 3332 1528 3378; x_wconf 70' lang='lat' dir='ltr'>presbyteralem</span> <span class='ocrx_word' id='word_1_883' title='bbox 1549 3336 1832 3373; x_wconf 85' lang='lat' dir='ltr'>consecrationem</span> <span class='ocrx_word' id='word_1_884' title='bbox 1855 3333 2058 3373; x_wconf 85' lang='lat' dir='ltr'>administra-</span> 
     </span>
     <span class='ocr_line' id='line_1_135' title="bbox 1174 3382 2058 3431; baseline 0 -14"><span class='ocrx_word' id='word_1_885' title='bbox 1174 3384 1276 3425; x_wconf 80' lang='lat' dir='ltr'>verit,</span> <span class='ocrx_word' id='word_1_886' title='bbox 1301 3384 1434 3420; x_wconf 83' lang='lat' dir='ltr'>testatur</span> <span class='ocrx_word' id='word_1_887' title='bbox 1453 3396 1612 3430; x_wconf 88' lang='lat' dir='ltr'>magnum</span> <span class='ocrx_word' id='word_1_888' title='bbox 1634 3386 1744 3431; x_wconf 89' lang='lat' dir='ltr'>Belgii</span> <span class='ocrx_word' id='word_1_889' title='bbox 1767 3384 1984 3421; x_wconf 89' lang='lat' dir='ltr'>Chronicon.</span> <span class='ocrx_word' id='word_1_890' title='bbox 2012 3382 2058 3417; x_wconf 86' lang='lat' dir='ltr'>Et</span> 
     </span>
    </p>
   </div>
   <div class='ocr_carea' id='block_1_12' title="bbox 2202 2314 2235 2341">
    <p class='ocr_par' dir='ltr' id='par_1_23' title="bbox 2202 2314 2235 2341">
     <span class='ocr_line' id='line_1_136' title="bbox 2202 2314 2235 2341; baseline 0 -7"><span class='ocrx_word' id='word_1_891' title='bbox 2202 2314 2235 2341; x_wconf 76' lang='lat' dir='ltr'>E.</span> 
     </span>
    </p>
   </div>
   <div class='ocr_carea' id='block_1_13' title="bbox 2173 2359 2217 2382">
    <p class='ocr_par' dir='ltr' id='par_1_24' title="bbox 2173 2359 2217 2382">
     <span class='ocr_line' id='line_1_137' title="bbox 2173 2359 2217 2382; baseline -0.045 0"><span class='ocrx_word' id='word_1_892' title='bbox 2173 2359 2217 2382; x_wconf 80' lang='lat' dir='ltr'>lo.</span> 
     </span>
    </p>
   </div>
   <div class='ocr_carea' id='block_1_14' title="bbox 2086 2659 2244 2695">
    <p class='ocr_par' dir='ltr' id='par_1_25' title="bbox 2086 2659 2244 2695">
     <span class='ocr_line' id='line_1_138' title="bbox 2086 2659 2244 2695; baseline 0 0"><span class='ocrx_word' id='word_1_893' title='bbox 2086 2659 2149 2691; x_wconf 68' lang='lat' dir='ltr'>Pol,</span> <span class='ocrx_word' id='word_1_894' title='bbox 2178 2671 2244 2695; x_wconf 91' lang='lat'><em>777-</em></span> 
     </span>
    </p>
   </div>
   <div class='ocr_carea' id='block_1_15' title="bbox 2076 3361 2231 3400">
    <p class='ocr_par' dir='ltr' id='par_1_26' title="bbox 2076 3361 2231 3400">
     <span class='ocr_line' id='line_1_139' title="bbox 2076 3361 2231 3400; baseline 0.013 -10"><span class='ocrx_word' id='word_1_895' title='bbox 2076 3361 2136 3392; x_wconf 67' lang='lat'><strong>1:01,</strong></span> <span class='ocrx_word' id='word_1_896' title='bbox 2167 3367 2231 3400; x_wconf 86' lang='lat'>263.</span> 
     </span>
    </p>
   </div>
   <div class='ocr_carea' id='block_1_16' title="bbox 1173 3432 2057 3571">
    <p class='ocr_par' dir='ltr' id='par_1_27' title="bbox 1173 3432 2057 3571">
     <span class='ocr_line' id='line_1_140' title="bbox 1173 3432 2057 3480; baseline -0.001 -13"><span class='ocrx_word' id='word_1_897' title='bbox 1173 3432 1251 3468; x_wconf 89' lang='lat' dir='ltr'>hinc</span> <span class='ocrx_word' id='word_1_898' title='bbox 1273 3434 1307 3468; x_wconf 90' lang='lat' dir='ltr'>in</span> <span class='ocrx_word' id='word_1_899' title='bbox 1334 3434 1454 3473; x_wconf 87' lang='lat' dir='ltr'>ultimo</span> <span class='ocrx_word' id='word_1_900' title='bbox 1466 3437 1696 3470; x_wconf 89' lang='lat' dir='ltr'>communium</span> <span class='ocrx_word' id='word_1_901' title='bbox 1709 3434 2003 3480; x_wconf 83' lang='lat' dir='ltr'>Extravagantium</span> <span class='ocrx_word' id='word_1_902' title='bbox 2018 3432 2057 3466; x_wconf 89' lang='lat' dir='ltr'>li·</span> 
     </span>
     <span class='ocr_line' id='line_1_141' title="bbox 1173 3482 2057 3520; baseline -0.001 -1"><span class='ocrx_word' id='word_1_903' title='bbox 1173 3483 1231 3520; x_wconf 90' lang='lat' dir='ltr'>bro</span> <span class='ocrx_word' id='word_1_904' title='bbox 1250 3484 1283 3519; x_wconf 86' lang='lat'>&amp;</span> <span class='ocrx_word' id='word_1_905' title='bbox 1306 3484 1404 3519; x_wconf 89' lang='lat' dir='ltr'>titulo</span> <span class='ocrx_word' id='word_1_906' title='bbox 1430 3483 1586 3520; x_wconf 81' lang='lat' dir='ltr'>habemus</span> <span class='ocrx_word' id='word_1_907' title='bbox 1601 3483 1687 3520; x_wconf 84' lang='lat' dir='ltr'>hanc</span> <span class='ocrx_word' id='word_1_908' title='bbox 1697 3484 1970 3520; x_wconf 85' lang='lat' dir='ltr'>constitutionem</span> <span class='ocrx_word' id='word_1_909' title='bbox 1983 3482 2057 3518; x_wconf 82' lang='lat' dir='ltr'>Cle-</span> 
     </span>
     <span class='ocr_line' id='line_1_142' title="bbox 1917 3541 2008 3571; baseline -0.011 -1"><span class='ocrx_word' id='word_1_910' title='bbox 1917 3541 2008 3571; x_wconf 63' lang='lat' dir='ltr'>men·</span> 
     </span>
    </p>
   </div>
  </div>
 </body>
</html>
