2366 3756
102 1406 140 1436 A.
153 1412 167 1435 ι
174 1414 237 1442 190.

384 175 480 222 116
541 161 952 211 NlcoLAJ

303 258 375 298 pie.
402 250 687 296 ‚Quemprosbquens
698 247 889 292 christianus
900 277 912 295 ,
937 262 1049 288 cereum
1058 252 1188 294 abstulit.
1204 263 1211 326 ι

304 305 364 341 Ille
386 304 457 336 vero
480 309 576 336 tortus
599 304 762 343 acerrime,
785 309 923 347 protinus
944 309 1023 338 inter
1035 305 1208 352 saracene»¹

306 364 374 386 rum
395 362 504 386 manus
525 351 696 395 exspiravit
719 378 728 388 .
754 355 849 399 ,Quod
859 353 982 396 fabium
1000 355 1133 388 omnibus
1159 360 1207 390 tn*

302 413 454 437 covnmuno
477 411 615 440 imorem
627 404 771 446 inmisit„
797 403 975 447 Christicolis
994 414 1096 439 tamen
1113 415 1188 450 gau-
1202 402 1223 491 Ῑ

301 452 390 488 ilium
412 453 671 491 &exultationem
684 452 831 497 praebuit.
860 457 971 490 statim
979 458 1073 496 vero,
1097 466 1132 490 ut
1141 455 1189 501 as-

305 564 398 594 sum,
422 565 492 597 quae
508 547 753 597 septem-ibidem
768 556 902 599 pendere
917 566 1097 598 cernuntur,
1122 569 1205 596 cur-⁴

300 601 355 644 fim
375 603 690 639 irruerandovcaemas
711 605 912 646 inflammavit
934 632 943 639 .
971 609 1075 652 Quam
1093 613 1205 651 etiam,¹

304 665 371 693 cum
387 654 441 697 fico
450 655 506 687 oleo
520 655 679 697 praefatur
699 653 865 698 Episcopus
886 666 986 692 emens
996 663 1065 691 auri
1076 657 1206 724 libr-aas

296 703 442 746 Jordano
450 727 462 744 ‚
486 712 539 747 qui
547 713 756 748 tuncpraeerat
768 707 950 742 Patriarcba
958 732 969 748 ,
985 707 1090 752 -secum
1102 709 1186 742 dem·
1199 726 1205 734 ·

300 755 363 794 lit,
387 762 478 797 atque
498 760 532 788 in
539 753 752 799 fide-propria
773 765 916 799 reponens
929 782 941 799 ,
962 760 1097 800 plurima
1106 757 1188 799 infir-

297 808 359 836 mis
393 805 517 838 contulit
534 805 695 848 beneficia.
723 807 882 853 Contigit
908 807 981 842 hoc·
994 807 1052 841 sub
1063 807 1187 842 Rober-

294 862 336 893 <o
347 854 548 892 Francorum
561 855 655 902 Rege
665 856 707 891 ad
718 857 885 894 undecimi
898 856 1002 892 saeculi
1013 857 1161 893 medium
1173 883 1187 900 ‚

295 913 394 947 atque
405 904 453 939 ita
473 906 550 940 ante
560 907 693 941 Sacrum
704 906 838 941 Bellum
851 932 860 940 .
921 933 939 945 μ,
989 928 996 935 ν

344 953 475 995 Aliud,
498 954 588 999 quod
609 955 682 1000 post
706 957 856 992 amissam
880 957 898 992 ὲ
913 957 1010 994 nobis
1023 959 1182 995 Hieroso·

292 1002 419 1046 lymam
452 1004 596 1049 contigit
620 1028 633 1046 ‚
670 1007 886 1043 miraculum,
906 1010 1003 1044 refert
1040 1010 1183 1054 Joannes

290 1051 520 1098 Bromptonus
546 1055 668 1094 Abbasv
683 1057 877 1101 Jornalenfis
898 1071 906 1091 :
932 1064 969 1094 In
991 1055 1181 1103 solemnitate

291 1102 435 1146 Pascbali
445 1106 608 1140 saladinus
619 1131 640 1148 ‚f
658 1107 894 1143 Saracenorum
911 1113 978 1144 Rex
992 1132 1003 1148 ‚
1025 1112 1072 1143 ad
1083 1114 1180 1144 Domi-

288 1158 390 1188 nicum
411 1154 759 1199 sepulchrumveniens,
784 1170 850 1192 cum
869 1162 995 1203 -vidiffiet
1005 1161 1177 1203 lampadem

289 1202 332 1236 ibi
347 1207 532 1246 pendentem
550 1208 665 1240 Divino
675 1214 742 1251 igne
760 1210 903 1252 accendi,
932 1212 968 1244 (9·
974 1218 1032 1252 per
1049 1222 1115 1244 eum
1129 1211 1176 1245 bis

283 1253 464 1294 exstinctam
475 1261 562 1289 tertio
571 1260 693 1291 accendi
702 1282 714 1298 ,
739 1259 857 1301 asseruit
864 1257 899 1302 sie
920 1262 974 1294 vel
982 1260 1068 1302 infra
1087 1261 1176 1295 breve

284 1309 486 1345 namuurum,>
511 1308 563 1338 vel
579 1305 695 1348 sanHae
716 1314 867 1343 Civitatis
878 1311 1042 1343 dominium
1060 1311 1176 1354 amiffu-

281 1363 374 1386 aeum.
402 1355 485 1387 Unde
498 1357 596 1394 juxta
621 1356 911 1398 prognosticattortem
931 1358 1019 1402 suam
1041 1369 1175 1392 mortuus

286 1401 327 1442 est
346 1409 380 1436 in
391 1402 631 1447 ,Quadragefima
650 1410 793 1446 proxima
798 1404 942 1449 sequente
953 1433 962 1441 .
988 1407 1176 1444 Confirmat

284 1453 325 1487 in
347 1454 406 1487 suo
427 1452 600 1488 Chronico
625 1455 787 1490 Nicolaus
808 1457 1000 1497 Trivettus‚
1029 1459 1178 1502 repetitis

287 1501 405 1537 iisdem
426 1501 548 1536 verbis.
576 1503 783 1538 Consuetam
805 1505 887 1539 sacri
910 1506 1065 1540 Luminis
1077 1507 1178 1549 impe-

285 1552 399 1586 trandi
424 1552 683 1596 acdispensandi
706 1554 846 1588 formam
859 1556 996 1598 exponit
1011 1556 1046 1590 in
1059 1555 1177 1591 libello

264 1599 272 1604 “
287 1602 332 1636 de
342 1602 589 1646 perenniTerrae
600 1604 711 1637 sanctae
720 1604 810 1639 cultu
822 1604 968 1649 Magnus
979 1606 1073 1640 illius
1084 1605 1175 1651 Apo·

284 1652 391 1686 stolus
406 1664 447 1687 ex
460 1653 577 1687 Sancti
594 1653 756 1691 Francisci
770 1655 902 1689 Ordine
918 1657 1017 1690 frater
1038 1655 1175 1691 Bonifa-

287 1702 360 1736 cius
372 1716 382 1735 .·
417 1702 681 1746 congregabantur
700 1705 745 1740 ad
764 1704 922 1745 Ecolefiam
944 1704 1173 1748 Relicrrefflom's

288 1752 472 1786 Patriarcha
482 1776 492 1792 ‚
518 1757 586 1790 Rex
595 1775 606 1792 ,
632 1754 734 1787 Clerus
749 1755 918 1798 &populus
932 1755 1073 1799 asummo
1085 1767 1174 1794 mane

286 1803 332 1837 ad
339 1802 442 1835 horam
453 1802 543 1845 usque
549 1802 670 1846 sextam
681 1828 690 1843 ,
705 1810 738 1837 in
761 1817 820 1848 qua
830 1806 1014 1850 dignabatur
1027 1808 1173 1840 Dominus

283 1852 440 1894 flammam
449 1855 494 1886 ad
510 1852 746 1897 locumsane‘lum
767 1861 886 1890 mittere
907 1881 919 1897 ,
945 1858 979 1890 (θ’
986 1855 1048 1898 post
1056 1857 1175 1900 longam

286 1907 448 1937 orationem
458 1903 630 1938 mittebatur
650 1915 727 1938 unus
753 1915 792 1938 ex
806 1909 948 1940 Praelatis
961 1910 1072 1939 Montis
1082 1907 1150 1940 Sion
1159 1931 1174 1948 ‚-

287 1955 339 1986 vel
348 1957 460 1986 Montis
474 1955 606 1995 oliveti,
618 1963 670 1987 aut
683 1954 838 1990 Bethleem
850 1980 860 1996 ,
884 1965 937 1989 aut
950 1957 1066 1990 Hebron
1076 1981 1086 1997 ‚
1115 1965 1174 1990 aut

284 2004 387 2037 santii
400 2004 549 2043 Habacue,
561 2014 615 2038 aut
625 2005 727 2038 Sanlli
738 2007 908 2041 salvatoris
917 2031 927 2048 ,
940 2009 1116 2051 &joannis
1131 2007 1176 2040 ad

286 2059 385 2096 ripmn
388 2058 421 2100 J
424 2055 547 2088 ordam's
558 2079 568 2095 ,
579 2064 632 2089 aut
642 2055 805 2089 Nazareth
819 2080 830 2096 ‚
841 2067 894 2090 aut
907 2061 1019 2090 Montis
1030 2056 1147 2090 Thabor
1161 2081 1173 2098 ‚

287 2113 341 2138 aut
363 2108 477 2140 Montis·
503 2107 656 2144 carmeli,
682 2114 736 2138 aut
758 2106 860 2140 San&
863 2111 895 2150 J
899 2113 1007 2139 oannis
1023 2105 1171 2148 Baptistae

287 2158 319 2189 in
332 2154 447 2192 Sebaste
457 2177 469 2193 ,
494 2162 550 2186 aut
567 2156 690 2188 aliorum
701 2155 825 2187 locorum
835 2179 842 2186 .
871 2158 939 2198 ,ραι
951 2153 1171 2197 enimsanllior

286 2210 365 2238 inter
388 2214 435 2236 eos
455 2203 673 2245 reputabatur,
700 2211 734 2236 ut
744 2206 810 2246 estet
826 2210 946 2245 primus
963 2206 1007 2237 ad
1015 2205 1114 2238 lumen
1126 2216 1173 2238 ac»
1195 2213 1196 2216 ’

285 2254 454 2296 cipit-ndum
464 2277 474 2292 ,
494 2253 672 2287 mittebatur
683 2279 690 2286 .
719 2256 764 2283 Et
769 2252 802 2294 ſs
808 2255 938 2286 nondum
950 2254 1085 2296 accensas
1097 2256 1171 2286 lam·

282 2305 380 2349 pudes
408 2302 565 2344 invenisset
597 2327 607 2342 ,
634 2302 844 2334 revertebatur
862 2305 914 2336 ad·
934 2303 1149 2336 Patri-archam
1163 2328 1174 2344 ‚

287 2359 416 2397 Regem,
443 2353 564 2385 clerum
584 2353 618 2385 (τ
632 2353 773 2393 populum
796 2375 808 2392 ‚
835 2354 902 2386 alta
923 2364 991 2387 voce
1016 2355 1149 2386 clamans
1166 2366 1173 2385 :

287 2404 435 2439 Nondum
456 2408 489 2434 in
501 2403 608 2434 lumine
630 2400 768 2442 visitavit
778 2414 830 2435 nos
849 2405 995 2436 Dominus
1008 2406 1089 2437 Deus
1099 2405 1175 2437 ἐτω-

288 2455 315 2490 lo
339 2479 345 2492 ,
373 2455 445 2486 Tum
466 2451 649 2496 augebantur
665 2460 767 2494 preces
793 2477 804 2493 ,
826 2455 961 2494 ploratus
985 2454 1019 2486 (θ’
1040 2454 1172 2487 ululatus

289 2505 421 2544 multus,
449 2510 482 2536 ut
492 2505 635 2535 Dominus
664 2514 709 2535 eos
722 2526 732 2542 ,
759 2509 804 2536 uti
824 2503 1015 2547 consueverat
1037 2529 1048 2544 ,
1075 2503 1174 2545 vifita-

289 2562 349 2589 ret.
381 2553 474 2587 Aucta
485 2555 556 2586 vero
567 2558 697 2586 oratione
716 2564 781 2585 cum
793 2552 949 2592 lachrymis
962 2579 973 2594 ‚
999 2554 1175 2588 mittebatur

290 2605 370 2638 alius
382 2618 394 2637 :
421 2607 452 2636 Ε
454 2612 467 2636 t
471 2602 511 2645 fic
520 2602 735 2636 continuabant
757 2602 904 2646 usquequo
917 2607 1061 2637 Dominus
1082 2607 1098 2638 ἐ
1109 2605 1176 2638 coelo

289 2661 333 2689 ets
346 2659 479 2688 mitteret
491 2658 589 2697 ignem
600 2676 610 2691 ,
630 2651 694 2693 five
705 2653 812 2686 donum
820 2653 952 2694 flammae
967 2680 973 2686 .
1000 2657 1074 2698 ,Qua
1087 2680 1097 2695 ,
1119 2663 1176 2697 per

291 2714 498 2747 quemcumque
521 2708 649 2736 inventa
670 2703 734 2745 esset
755 2727 765 2744 ,
790 2704 1003 2737 accendebatur
1025 2707 1124 2739 lumen
1144 2712 1177 2739 in

292 2757 403 2789 laetitia
414 2756 543 2796 Spiritus
554 2779 561 2785 .
592 2755 622 2785 Ε
625 2761 639 2785 t
644 2758 743 2794 primo
756 2754 965 2794 Patriarchae,
994 2758 1123 2788 Diacono
1143 2757 1177 2789 G!

293 2804 492 2838 subdiacono:
519 2802 581 2844 Ipsi
598 2805 668 2836 verri
685 2807 784 2846 primo
797 2807 892 2848 Regi,
918 2805 1025 2838 deinde
1045 2805 1177 2839 omnibus

295 2859 346 2898 qui
357 2860 389 2888 in
407 2851 503 2887 choro
521 2852 683 2893 adstabant
696 2878 708 2894 ,
731 2852 958 2896 istudsanc‘lum
968 2855 1066 2888 lumen
1080 2857 1179 2889 trade-

295 2905 371 2938 bant
382 2929 389 2937 .
418 2906 543 2936 Minoris
565 2904 691 2936 Ordinis
703 2902 829 2943 Ministri
834 2906 942 2946 populo
960 2906 1038 2937 idem
1046 2911 1178 2949 porrige-

295 2956 371 2989 bant
391 2965 456 2987 cum
471 2953 603 2997 gaudio.
631 2953 675 2987 Et
687 2954 727 2988 ad
751 2953 940 2989 duodecimi
952 2954 1056 2988 saeculi
1070 2956 1178 2999 vigesi-

295 3015 391 3042 mum
416 3014 542 3037 annum
569 3002 679 3037 scribit
704 3003 930 3040 Malleacenfis
961 3003 1000 3038 ad
1028 3005 1179 3040 Sanstum

296 3054 514 3090 Maxentium
533 3053 690 3088 Coenobii
703 3053 917 3089 Chronicon:
944 3059 982 3088 In
995 3052 1181 3098 Hierusalem

297 3110 386 3140 venit
407 3110 484 3149 ignis
498 3127 508 3144 ,
527 3103 602 3145 ficut
621 3110 654 3137 in
673 3102 789 3148 Pascha
801 3129 812 3146 ‚
836 3109 869 3138 in
892 3106 940 3138 die
960 3101 1180 3148 adsumptionis

289 3154 411 3202 sanHae
421 3159 531 3188 Μανία
543 3178 549 3185 .

346 3206 474 3243 Omnia
486 3203 574 3244 haec,
601 3203 678 3238 licet
689 3205 889 3247 prolixiora,
912 3205 1098 3240 testimonia
1112 3217 1183 3250 pro-

294 3256 393 3290 dudia
404 3256 494 3291 volui
505 3278 517 3294 ‚
541 3264 578 3288 ut
590 3253 630 3288 de
642 3254 757 3288 illustri
785 3256 945 3290 miraculo
954 3256 1061 3290 nullus
1073 3258 1111 3291 fit
1123 3256 1185 3293 hae-

299 3306 418 3341 fi-randi
432 3307 540 3340 locus.
570 3304 614 3337 Et
627 3304 760 3347 quidem
770 3316 830 3340 nec
844 3306 1001 3340 Eusebius
1015 3307 1182 3341 Caesarien-

300 3357 359 3397 fi-s,
387 3368 447 3391 nec
469 3356 604 3390 Sanetus
624 3353 855 3398 Epiphanius,
883 3368 941 3390 nec
955 3357 1088 3391 Sanstus
1102 3357 1182 3391 Hie·

1022 174 1409 214 se'cussnni

1203 504 1208 516 Ι

303 502 398 547 solet,
426 505 486 537 Dei
508 510 622 539 virtuto
641 513 797 547 erumpens
808 511 888 548 ignis
910 518 950 540 ex
960 518 1023 542 una
1030 507 1190 549 lampada·
1201 520 1211 571 ἶ

1479 166 2043 218 Pon-rirtcrs

1255 253 1370 288 Incola
1390 251 1478 287 illius
1501 253 1672 294 meminit,
1704 252 1844 297 ideoque
1862 264 1990 295 eertum
2006 256 2055 292 est
2067 256 2138 292 istis

1254 303 1415 348 prioribus
1435 304 1555 339 saeculis
1565 315 1634 338 non
1657 303 1817 337 evenisse.
1844 303 1947 340 Porro
1963 306 2045 342 dum
2070 307 2134 342 lm-

1255 364 1379 398 perator
1394 353 1568 388 Heraclius
1577 364 1690 388 contra
1704 352 1883 388 Ecclesiam
1902 365 2061 401 pugnaret
2072 368 2135 401 pro

1253 402 1513 444 Monothelitis,
1538 405 1707 439 Homarus
1731 403 1802 448 post
1823 402 2053 442 Mahomeoem
2072 417 2136 441 tet-

1252 455 1317 489 tius
1327 455 1560 489 Saracenorum
1571 454 1726 498 Princeps
1744 454 1832 498 cepit
1842 454 2111 500 Hierosolymam
2121 481 2136 498 ‚

1253 505 1287 539 δι
1297 514 1431 539 omnem
1441 504 1570 547 Syriam
1581 530 1589 539 .
1615 505 1799 539 Audiamus
1811 514 1878 543 rem
1889 504 1908 538 a
1918 507 2036 541 Sansto
2046 506 2137 543 Mae.

1253 565 1325 598 tyre
1347 553 1581 599 Theophane:
1608 563 1668 592 Hoc
1689 566 1768 588 anno
1778 558 1921 593 Homarus
1946 560 1979 590 in
2001 557 2137 600 Potest&
2152 566 2207 597 An.
2221 567 2295 602 6275·

1252 617 1324 638 nam
1342 603 1467 648 suscepit
1489 607 1707 648 expeditionem
1719 630 1729 646 ‚
1757 600 1944 648 &Obsidione
1958 615 2017 649 per
2039 618 2136 641 annos

1251 656 1324 688 duos
1335 653 1522 698 adsumtum
1537 656 1704 697 Civitatem
1722 661 1893 690 continuata
1904 681 1914 697 ‚
1942 657 2134 700 tandemfide

1251 705 1327 739 data
1346 717 1412 739 eam
1434 705 1655 747 inpotestatem-
1671 711 1803 748 accepit.
1829 706 2009 749 sophronius
2029 717 2132 742 autem

1253 754 1504 799 Hierosolymorum
1526 756 1653 796 antistes
1658 756 1750 798 fidem
1763 756 1802 790 ab
1820 768 1852 790 eo
1857 765 1916 799 pro
1929 762 2021 792 totius
2036 759 2136 792 Pale·-

1243 803 1332 844 stinae
1341 809 1543 841 incolumitate
1554 804 1721 849 acceperat.
1750 807 1808 841 An
1824 807 1933 842 statim
1945 808 2005 843 sub
2017 809 2135 843 Sancto

1249 856 1437 901 Sophronio
1446 858 1580 900 coeperit
1593 858 1761 896 laudatum
1774 856 1935 893 Paschalis
1945 858 2031 904 ignis
2041 859 2136 893 mira-

1248 908 1359 943 culum
1370 932 1382 949 ,
1408 908 1530 952 ignoro
1547 908 1582 943 ὅ(
1594 906 1701 944 haefito
1716 922 1724 942 ε
1750 909 1883 945 δαηέὶιιε
1892 909 1982 944 enirn
1994 907 2138 954 Sophro-⁴

1250 958 1323 992 nius
1343 959 1379 992 in
1392 959 1451 992 suo
1477 957 1745 1002 spiritualil'rato
1765 959 1890 994 nullam
1902 959 1981 994 facit
1991 959 2059 1002 ejus
2070 969 2138 994 me-

1248 1008 1403 1043 moriam.
1430 1006 1665 1057 Qidquidsit
1700 1034 1712 1051 ,
1738 1009 1963 1044 Sacro-sanetis
1984 1009 2064 1044 Filii
2084 1008 2135 1044 sui

1247 1057 1382 1101 pedibus
1403 1060 1562 1094 calcatam
1573 1081 1590 1099 ,-
1609 1058 1738 1104 ejusque
1768 1059 1936 1094 miraculis
1948 1083 1959 1100 ,
1985 1057 2135 1103 praedica-

1246 1109 1360 1151 tione,
1385 1109 1419 1143 δε
1444 1107 1612 1144 benedicta
1631 1118 1739 1145 morte
1765 1111 1985 1145 consecratam
2016 1119 2135 1144 terram

1246 1158 1383 1202 probare
1404 1170 1460 1194 aut
1472 1159 1629 1205 castigare
1649 1172 1707 1203 per
1717 1161 1894 1195 Saracenos
1916 1158 2025 1194 voluit
2038 1159 2135 1194 Divi·

1245 1220 1286 1243 na
1308 1209 1435 1252 Justitia
1447 1234 1460 1251 ‚
1485 1222 1556 1247 non
1576 1208 1732 1252 projicere
1754 1210 1772 1244 a
1788 1211 1842 1244 sua
1854 1210 1940 1244 facie
1960 1219 2016 1244 aut
2028 1208 2134 1244 exbae-

1244 1257 1352 1294 redare
1375 1284 1382 1291 .
1409 1260 1498 1294 Nam
1519 1260 1689 1296 adversum
1711 1259 1956 1294 Monothelitas
1978 1282 1990 1299 ,
2015 1259 2134 1293 leono-

1243 1309 1357 1344 clastas
1368 1335 1380 1350 ,
1400 1308 1517 1345 Photii
1542 1311 1577 1345 ὃ(
1590 1308 1769 1345 Michaelis
1790 1308 1949 1343 Cerularii
1961 1307 2108 1343 Schisma
2119 1331 2135 1350 ‚

1244 1357 1391 1401 aliosque
1413 1358 1603 1392 Graecorurn
1624 1359 1729 1395 foedos
1743 1360 1849 1401 lapsus
1861 1359 1975 1393 mansit
1988 1358 2044 1391 illa
2054 1370 2134 1394 con·

1244 1407 1456 1447 staminum,
1477 1405 1714 1449 &Apostolice
1739 1405 1943 1443 Christiana.
1972 1408 2135 1443 Hine-in·

1243 1457 1325 1501 signi
1349 1456 1414 1491 isto
1427 1456 1588 1492 miraculo
1610 1455 1757 1494 barbaras
1781 1457 1848 1499 ejus
1861 1456 2134 1494 calamitates-Di·

1242 1505 1319 1538 vina
1345 1504 1476 1539 bonitas
1495 1506 1663 1540 consolata
1684 1508 1729 1540 est
1752 1531 1762 1545 ,
1790 1507 1866 1549 ipsis
1897 1509 1998 1541 etiam
2018 1508 2133 1550 juratis

1243 1551 1421 1588 Christiani
1434 1554 1581 1589 nominis
1592 1566 1629 1590 ac
1641 1555 1718 1590 fidei
1731 1554 1884 1591 hostibus
1896 1556 1974 1591 fecit
1985 1568 2132 1591 reveren-

1240 1602 1337 1644 dam,
1364 1605 1397 1638 &
1408 1605 1511 1640 sanila
1531 1605 1599 1648 ejus
1614 1605 1684 1640 loca
1697 1606 1716 1642 a
1727 1606 2070 1642 contaminationibus
2091 1619 2131 1643 ac

1241 1654 1460 1690 eversionibus
1481 1655 1677 1691 custodivit.

1292 1705 1337 1738 Et
1356 1715 1403 1739 ex
1423 1707 1490 1740 hoc
1512 1707 1607 1740 fonte
1630 1706 1728 1741 credo
1755 1709 1962 1751 promanasse
1977 1719 2127 1749 morem,

1240 1764 1309 1795 quo
1322 1753 1432 1787 omnis
1454 1754 1554 1791 etiam
1565 1756 1688 1792 Latina
1701 1756 1842 1791 Ecclesia
1854 1769 1977 1792 novum
1991 1756 2130 1791 Pascha-

1241 1803 1280 1836 lis
1303 1803 1487 1838 festivitatis
1507 1805 1621 1850 ignem
1632 1805 1700 1849 jam
1722 1805 1846 1840 dudum
1870 1808 2037 1842 consuevit
2047 1806 2129 1841 sole·

1239 1853 1359 1889 mniter
1379 1855 1523 1890 excitare
1543 1856 1578 1889 in
1591 1855 1731 1893 Ecclesia
1745 1879 1757 1896 ,
1782 1867 1820 1891 ac
1841 1856 2047 1892 benedicere.
2076 1855 2130 1890 Ex

1241 1904 1309 1947 ipso
1331 1903 1484 1939 accendit
1497 1903 1687 1941 paschalem
1709 1917 1840 1941 cereum
1854 1931 1864 1947 ,
1890 1908 2049 1942 &cuncta
2074 1916 2130 1951 pet

1238 1966 1375 1989 omnem
1387 1954 1566 1989 Ecclesiam
1583 1956 1759 1991 luminaria
1772 1980 1783 1996 ‚
1809 1955 1964 2000 additque
1975 1956 2129 1999 antiquus

1237 2003 1332 2038 ordo
1354 2004 1548 2039 Romanus:
1575 2006 1758 2044 Notandum
1770 2005 1830 2047 est,
1862 2012 1935 2049 quia
1945 2012 1977 2039 in
1991 2010 2128 2040 Romana
2145 2022 2209 2056 1:01,
2221 2031 2285 2059 ¹7²-

1239 2053 1368 2097 Ecclefia
1395 2055 1586 2098 exstinguitur·
1617 2065 1693 2089 totus
1718 2061 1798 2099 igal:
1820 2062 1853 2090 in
1874 2056 1931 2090 hac
1946 2056 2032 2099 feria
2054 2055 2128 2091 hora

1232 2103 1340 2147 sexta,
1369 2105 1404 2139 ὁ·
1422 2107 1623 2139 reaccenditur
1649 2105 1722 2139 hora
1742 2110 1822 2139 nona
1851 2129 1859 2138 .
1885 2106 1969 2141 Non
1991 2107 2028 2141 in
2051 2107 2129 2141 solis

1241 2153 1407 2194 Basilicis,
1427 2154 1489 2187 *sed
1507 2164 1564 2196 per
1586 2165 1722 2189 ornnem
1744 2155 1935 2191 Romanam
1946 2157 2127 2192 Civitatem

1239 2202 1406 2246 exstingui
1424 2214 1562 2237 omnem
1586 2204 1696 2247 ignem
1719 2204 1967 2239 asseritinlibro
2004 2205 2047 2240 de
2057 2206 2128 2240 An-

1240 2251 1419 2296 tiphonarii
1435 2253 1563 2286 Ordine
1578 2254 1764 2288 Amalarius
1774 2254 1976 2290 Fortunatus
1989 2280 2000 2295 ,
2025 2267 2126 2300 expo-

1239 2303 1289 2335 nit
1312 2302 1509 2336 diversarum
1530 2303 1749 2337 Ecclefiarum
1772 2304 1915 2338 diversos
1935 2316 2070 2345 mores,
2093 2306 2129 2340 δε

1239 2352 1462 2396 prosequitur:
1492 2354 1617 2392 Propter
1640 2353 1828 2391 neceffltatem
1848 2364 2030 2389 communem
2043 2366 2131 2391 reac-
2143 2368 2218 2408 Cap,
2234 2377 2282 2405 44·

1236 2403 1371 2435 cenditur
1386 2406 1418 2433 in
1424 2399 1533 2442 sanlla
1544 2405 1682 2434 Romana
1697 2406 1835 2436 civitate
1847 2410 1928 2447 ignis
1938 2407 2045 2438 eadem
2055 2407 2106 2441 die
2115 2429 2127 2446 ,

1236 2462 1270 2484 ut
1283 2464 1320 2485 ex
1342 2451 1390 2484 illo
1412 2452 1471 2484 cibi
1492 2459 1679 2494 coquantur,
1707 2451 1918 2495 &reservetur
1929 2461 1962 2488 in
1971 2454 2056 2499 usum
2076 2468 2127 2490 no-

1236 2502 1289 2535 tiis
1312 2502 1510 2544 neceffarium.
1542 2502 1611 2547 Qi
1635 2513 1708 2536 mos
1732 2504 1872 2538 servatur
1891 2505 2075 2540 etiamnum
2088 2506 2126 2540 iu

1237 2551 1430 2596 quibusdam
1453 2551 1665 2586 Monasieriis
1687 2577 1693 2584 .
1722 2553 1803 2599 Qae
1824 2554 1938 2587 omnia
1962 2555 2034 2598 quis
2054 2565 2124 2589 non

1239 2602 1346 2636 videat
1372 2600 1671 2644 Hierosolymitani
1686 2601 1856 2642 miraculi,
1883 2603 2125 2639 &Saracenicae

1238 2653 1271 2686 in
1284 2653 1388 2696 ipsum
1410 2650 1510 2685 rabiei
1524 2662 1560 2685 ac
1572 2651 1721 2685 fremitus
1734 2651 1796 2686 esse
1806 2654 2123 2696 repraesentationem

1238 2715 1274 2737 ac
1296 2702 1537 2736 imitamentum
1563 2702 1576 2735 ?
1602 2700 1790 2736 Paschalem
1814 2714 1964 2744 cereum,
1990 2704 2123 2749 ejusque

1239 2753 1417 2787 solemnem
1432 2750 1692 2787 benedictionem
1704 2752 1797 2786 fuisse
1811 2752 1988 2796 aZozymo
2000 2754 2119 2789 Ponti-

1239 2804 1298 2837 fice
1309 2803 1474 2836 indueram
1487 2802 1596 2846 laudat
1608 2801 1690 2835 liber
1701 2802 2122 2848 pontificalis,e0sdemque

1240 2865 1294 2897 per
1314 2854 1470 2896 reliquam
1492 2852 1689 2895 Hispaniam
1723 2862 1803 2886 tunc
1828 2852 2018 2888 observatos
2041 2853 2121 2889 ritus

1240 2903 1390 2937 Galliciae
1411 2902 1561 2937 Ecclefiis
1583 2901 1736 2945 imposuit
1760 2914 1873 2946 quarta
1886 2902 2052 2942 Toletana
2063 2904 2122 2947 Sy.-

1241 2953 1349 2989 nodus
1363 2975 1370 2986 -
1397 2952 1521 2988 Verum
1544 2950 1635 2986 istius
1658 2953 1740 2986 cerei
1753 2964 1795 2987 ex
1816 2964 1905 2987 novo
1919 2954 1996 2999 igne
2008 2955 2122 2988 accen-

1238 3003 1335 3040 dendi
1350 3027 1359 3043 ,
1387 3013 1442 3037 aut
1455 3002 1549 3046 hujus
1571 3003 1657 3046 ignis
1678 3002 1843 3036 excitandi
1862 3000 2122 3038 &consecrandi

1239 3065 1363 3089 morem
1376 3054 1465 3088 nulla
1477 3052 1689 3086 commendat
1701 3054 1836 3097 antiqua
1848 3055 1977 3097 Regula
1990 3079 2001 3095 ‚
2028 3053 2120 3087 nulla

1238 3104 1417 3139 memoria.
1445 3103 1558 3149 Qre
1582 3115 1649 3136 non
1672 3101 1841 3144 dubitem,
1867 3106 1947 3146 quin
1970 3104 2011 3137 ad
2021 3101 2124 3147 ageni·

1238 3154 1295 3189 das
1306 3155 1382 3188 Deo
1405 3163 1463 3196 pro
1475 3153 1782 3194 Hierosolymitano
1808 3152 1965 3187 miraculo
1976 3153 2119 3196 gratias,

1237 3205 1392 3249 &ipsum
1422 3203 1578 3238 omnibus
1598 3203 1656 3236 sub
1675 3203 1772 3238 Coelo
1795 3202 1923 3247 populis
1946 3202 2121 3245 praedican-

1238 3254 1318 3289 dum
1331 3279 1342 3295 ‚
1371 3252 1512 3287 mosiste
1538 3252 1646 3287 noster
1657 3254 1694 3286 sit
1707 3253 1871 3288 institutus
1884 3277 1891 3283 .

1287 3302 1463 3352 Qidquid
1477 3303 1512 3337 fit
1524 3325 1535 3341 ‚
1559 3303 1689 3337 duravit
1709 3303 1812 3348 gratia
1830 3303 1930 3345 usque
1949 3302 1990 3336 ad
2003 3301 2119 3345 eidios

1239 3354 1371 3389 &Terra
1393 3354 1508 3387 Sancta
1521 3353 1683 3393 Latinos,
1709 3352 1834 3387 &illuc
1858 3351 1875 3385 a
1888 3352 2010 3386 Graecis
2029 3353 2120 3386 inve-

301 3417 463 3450 ronymus
487 3430 498 3446 ‚
534 3416 595 3439 nec
616 3405 749 3439 Sanctus
769 3405 918 3448 Cyrillus
945 3407 1191 3450 Hierosolyrnaev
1240 3407 1324 3440 &um
1337 3402 1684 3437 Photii&Michaelis
1693 3401 1852 3436 Cerularii
1865 3401 2011 3436 Schisma
2025 3402 2121 3441 ,scri-

303 3456 503 3501 Episcopus,
528 3466 589 3491 nec
600 3455 674 3500 quis
682 3454 764 3494 alius
776 3454 888 3495 Terrae
900 3458 1018 3494 Sanstae
1030 3458 1183 3502 antiquus

1242 3455 1352 3499 bitque
1375 3453 1435 3489 hac
1447 3453 1487 3489 de
1497 3465 1531 3489 re
1554 3454 1589 3489 in
1604 3455 1657 3490 sua
1670 3451 1973 3496 Hierosolymitana
1985 3451 2123 3508 peregri-

1966 3511 2072 3537 ”3110-
