2366 3756
136 446 213 484 Cap.
232 455 259 481 9-

147 961 220 997 Cap.
230 968 257 987 2.

144 1161 192 1198 Ep.
205 1164 249 1194 56.

135 1861 210 1900 Capu
225 1865 271 1899 §62

389 171 448 216 88
501 170 909 214 NicotAi
981 179 1371 214 sucunnl
1444 169 1999 218 Ponripicrs

315 260 367 288 tici
380 252 544 295 Neophytos
568 252 742 294 conlocant,
769 251 882 291 idest,
908 251 942 284 in
956 248 1136 293 Episcopos
1146 258 1202 283 aut

317 303 524 345 presbyteros
545 313 763 346 promovent,
795 312 833 335 ac
855 301 901 336 ita
923 300 957 334 in
980 299 1201 334 Ecclesiastico

316 353 462 387 consessu
488 352 654 387 ostentant
675 376 686 393 ,
711 361 745 386 ut
762 352 860 398 gloria
883 361 930 385 eos
956 351 1104 394 obligent,
1132 356 1203 392 quia

316 409 452 438 veritate
473 414 529 436 non
548 401 663 443 possunt
680 426 686 434 .
713 401 758 434 Et
774 403 808 435 in
821 401 905 437 libro
920 402 961 435 de
974 400 1118 439 velandis
1128 399 1203 435 Vir-

317 454 452 498 ginibus
463 451 570 485 nescio
582 463 679 497 quem
692 452 890 496 Episcopum
904 477 914 492 ,
937 453 993 496 qui
1007 451 1147 486 necdum
1158 451 1204 487 vi-

318 504 403 548 ginti
432 512 596 539 annorum
621 502 796 548 Virginem
819 508 852 536 in
874 503 1003 538 viduatu
1027 503 1199 542 collocarat,

318 553 402 587 ridet
414 565 453 587 ac
466 552 628 597 improbar
640 576 650 594 ,
671 551 759 597 quod
772 552 887 597 nempe
901 565 969 587 non
986 552 1080 596 virgo
1092 552 1203 598 juven·

318 604 414 643 cula,
441 602 493 637 sed
516 604 584 639 sola
609 603 777 653 sexaginta
801 614 965 639 annorum
992 602 1088 637 vidua
1103 601 1145 637 ad
1160 613 1203 635 ta·

320 654 386 687 lem
397 654 513 688 Sedem
527 653 622 687 evehi
637 653 678 688 ab
690 653 855 700 Apostolo
871 654 1128 700 permitteretur.
1159 652 1202 685 Et

319 705 441 747 primus
469 705 656 748 Ancyranae
690 704 818 748 Synodi
843 703 964 741 Canon
984 703 1142 747 quosdam
1166 704 1203 738 in

318 755 445 789 Licinii
459 755 597 799 Augusti
612 755 834 798 persecutione
861 755 964 798 lapsos
994 753 1204 796 Presbyter-os

320 805 413 838 omni
427 806 562 848 quidem
577 805 664 841 verbi
682 807 715 842 δε
727 805 927 841 Sacramenti
938 803 1130 837 Ministerio
1144 804 1203 846 pri-

319 865 388 895 vat,
401 854 552 901 indulget
565 867 675 893 tamen
690 854 824 891 honorem
834 856 919 888 Sedis
932 860 1073 887 retinere.
1100 851 1203 899 Qod

318 906 426 949 ipsum
452 907 486 939 in
508 907 575 941 alio
587 908 662 941 casu
686 905 785 940 habes
797 906 883 949 apud
906 906 1061 939 Canones
1071 904 1203 937 Trulla-

320 967 382 990 nos
400 981 406 987 .
434 957 516 992 Item
540 958 573 991 in
587 955 889 992 CanonicisSanffi
911 955 1021 993 Basilii
1035 954 1151 991 litteris
1162 954 1202 989 ad

318 1006 473 1044 Sandium
497 1005 773 1053 Amphilochium
787 1006 1040 1050 Metropolitam
1053 1006 1201 1043 lconien-

320 1058 404 1091 sem.
435 1058 566 1092 Sacrum
594 1057 863 1100 presbyterorum
883 1057 1066 1094 consessum
1090 1055 1201 1091 laudat

317 1105 404 1142 idem
431 1109 558 1142 Dostor
579 1109 614 1143 in
638 1108 755 1144 litteris
770 1107 810 1141 ad
822 1106 1116 1144 Neocaesariensem
1140 1106 1201 1139 Ec-

315 1157 445 1191 clesiam
469 1185 475 1192 .
506 1160 547 1193 Et
575 1158 741 1192 Asterium
768 1156 953 1200 Sophistam
977 1182 989 1202 ,
1026 1150 1199 1192 hominem

317 1207 539 1243 Eusebianum
564 1220 602 1243 ac
626 1207 714 1243 varie
738 1207 964 1248 maculosum,
991 1206 1082 1251 quod
1099 1205 1199 1239 Cleri-

312 1268 429 1292 corurn
454 1260 599 1303 gradus,
625 1260 698 1293 loca
720 1258 779 1292 fibi
802 1258 915 1291 illicita
930 1281 940 1297 ‚
967 1258 1134 1300 intrasset,
1162 1268 1198 1290 ac

313 1308 391 1340 inde
411 1308 576 1351 quoddam
602 1310 697 1342 suum
721 1307 914 1351 opusculum
934 1308 1093 1342 recitasset
1120 1330 1130 1346 ,
1157 1306 1198 1338 de

313 1358 449 1390 audacia
471 1358 613 1401 graviter
636 1358 773 1391 damnat
787 1356 821 1388 in
846 1355 932 1390 libro
944 1356 986 1388 dc
997 1355 1196 1390 Ariminensi

311 1419 349 1441 ac
375 1406 569 1442 Seleucienst
586 1405 724 1453 Synodo
738 1406 871 1439 sanctus
893 1403 1108 1439 Athanasius.
1136 1402 1197 1436 Pu·

310 1457 404 1494 blicae
425 1459 515 1493 enirn
544 1456 736 1489 Ecclesiaein
760 1456 861 1494 duas,
889 1454 1053 1487 Cancellis
1064 1462 1119 1486 aut
1130 1454 1195 1488 aiio

312 1507 347 1541 id
371 1518 475 1550 genus
500 1505 655 1548 repagulo
675 1504 816 1543 divisas,
846 1512 952 1545 partes
976 1503 1110 1539 fuerunt
1122 1502 1195 1535 sem-

310 1568 364 1601 per
375 1555 552 1595 distinctae,
579 1564 716 1598 quarum
739 1551 878 1586 interior
900 1551 1009 1589 vocari
1022 1552 1194 1587 consuevit

311 1607 493 1642 Sacrarium
515 1630 526 1646 ‚
552 1603 684 1641 Chorus
706 1628 717 1643 ‚
744 1602 987 1645 Presbyterium
1009 1624 1020 1640 ‚
1045 1602 1195 1638 Sanctua-

308 1659 417 1696 rium,
444 1656 596 1692 Sanstum
619 1655 834 1691 Sanctorum,
860 1653 986 1685 sacrum
1006 1651 1194 1688 Tribunalq

310 1708 353 1741 Et
375 1706 442 1740 haec
466 1705 623 1751 postrema
657 1715 724 1738 vox
761 1702 881 1736 Graecis
903 1700 1095 1743 jampridem
1132 1701 1196 1742 pla·

308 1758 378 1791 cuit
400 1782 406 1792 ,
438 1756 509 1800 Ipsa
536 1752 658 1789 affidue
685 1763 823 1790 utuntur
857 1751 1001 1794 ipsorum
1029 1748 1195 1784 Eucholo-

307 1809 364 1852 gia
385 1830 396 1846 ,
433 1807 467 1840 &
488 1803 571 1852 apud
592 1804 815 1838 Theodorum
844 1802 1074 1835 Balsamonem
1099 1799 1195 1834 habet

308 1858 430 1892 Canon
445 1854 674 1892 Laodicenfis:
706 1858 779 1889 Non
793 1858 907 1893 oportet
919 1851 1108 1890 presbyteros
1124 1852 1196 1883 anre*

311 1907 454 1951 Episcopi
480 1911 630 1939 introitum
653 1905 770 1948 ingredi
788 1901 906 1946 sacrum
917 1900 1063 1937 Tribunal
1074 1926 1084 1942 ,
1111 1898 1197 1943 &se—

311 1961 381 1992 dere
391 1964 423 1991 in
438 1956 616 1995 Tribunalt,
639 1953 697 2002 fed
717 1965 782 1987 cum
793 1950 937 1995 Episcopo
948 1952 1082 1996 ingredi.
1113 1951 1197 1989 Ean-

312 2010 388 2043 dem
411 2017 528 2043 vocem
541 2004 651 2040 laudat
674 2004 759 2039 idem
770 2000 974 2040 Theodorus
985 2001 1200 2045 frequentiffi·

311 2058 364 2094 me
384 2084 395 2101 ,
422 2059 455 2093 &
482 2058 516 2093 in
545 2057 608 2091 suis
637 2055 677 2093 ad
705 2052 1114 2094 Constantinopolitanam
1141 2048 1199 2084 sub

311 2108 437 2144 Photio
463 2105 649 2141 Patriarcha
672 2103 848 2147 synodum
880 2100 1140 2136 Commentariis
1151 2099 1200 2133 di-

311 2159 451 2201 stinguit
476 2156 575 2190 saneti
589 2148 784 2188 Tribunalis
795 2151 945 2186 Clericos
955 2149 1046 2185 abiis
1057 2148 1199 2191 quisunt

311 2217 402 2242 extra
430 2206 535 2251 ipsum
562 2215 569 2235 :
597 2199 697 2248 Qod
723 2198 840 2243 nempe
865 2223 876 2239 ,
901 2199 948 2232 uti
978 2198 1017 2232 ad
1046 2197 1200 2234 Canones

311 2257 494 2291 Trullanos
522 2252 654 2294 scribit,
681 2262 748 2285 non
768 2249 875 2294 quivis
898 2248 1044 2286 Clerici,
1065 2247 1118 2280 sed
1139 2248 1198 2281 soli

313 2307 503 2345 Sacerdotes
526 2330 536 2347 ,
563 2302 729 2343 Dinoni,
756 2298 959 2335 Subdiaconi
983 2322 993 2338 ‚
1020 2308 1059 2335 ac
1080 2297 1199 2330 Diaco-

315 2358 403 2397 niffae
425 2356 543 2401 possint
569 2354 604 2391 in
631 2353 701 2402 ipso
724 2353 787 2387 esse
810 2361 848 2388 ac
871 2348 1048 2387 deservire.
1076 2347 1201 2396 thui-

342 2541 362 2555 n

587 2671 1505 2762 CANON

1263 247 1337 284 dem
1359 250 1393 286 in
1417 251 1487 296 ipso
1510 251 1614 288 sedere
1638 262 1789 295 poterant
1813 254 1871 287 soli
1884 267 1960 293 cum
1978 256 2143 300 Episcopo

1265 300 1471 345 Presbyteri,
1499 303 1643 339 Diaconi
1659 303 1692 336 in
1705 303 1916 344 Diaconico,
1944 305 2146 343 Subdiaconi

1263 362 1300 387 ac
1326 352 1478 386 Lestores
1500 351 1652 387 sedebant
1674 354 1707 386 in
1721 353 1837 392 Solea,
1865 352 1944 391 hinc
1966 357 2050 390 die-‘ta
2060 358 2145 403 apud

1265 401 1396 436 Graecos
1427 402 1573 438 Tribunal
1594 404 1751 440 LetYorum
1774 428 1780 434 .
1809 404 1922 451 Qarn
1942 406 2148 451 disciplinam

1266 452 1402 497 viguisse
1417 454 1451 486 in
1465 453 1584 488 Latina
1597 455 1696 488 etiam
1710 453 1852 488 Ecclesia
1866 479 1877 494 ‚
1904 456 2045 493 ostendit
2057 468 2147 500 quar-

1266 513 1297 535 ta
1313 493 1467 545 synodus
1494 503 1777 552 Carthaginenfis;
1805 503 2006 548 Episcopusin
2018 507 2148 549 Ecclefiae

1266 553 1298 586 (θ’
1311 558 1344 585 in
1368 552 1489 596 consessu
1507 555 1745 594 presbyterorum
1750 553 1903 597 sublimior
1909 555 2037 599 sedeat,
2063 563 2147 594 intra

1267 604 1383 636 domum
1414 606 1485 637 verb
1508 605 1655 648 Col'legam
1670 604 1703 648 se
1725 605 1960 644 Presbytmrum
1979 608 2030 651 effe
2051 619 2147 652 cogno-

1263 651 1349 696 scat.
1383 653 1573 688 Diaconum
1599 666 1708 689 coram
1731 654 1947 699 Presbytero,
1974 659 2089 704 utique
2110 660 2146 692 in

1268 703 1403 747 publico
1431 705 1580 740 Ecciefiae
1591 706 1793 746 Conventu‚
1819 706 1927 741 sedere
1953 719 2022 742 non
2035 709 2145 752 posse,

1269 755 1371 798 plures
1391 754 1491 788 etiam
1513 755 1614 791 nostri
1644 755 1802 791 Canones
1825 756 1991 794 inculcant
2006 781 2013 789 .
2042 758 2085 791 Et
2105 759 2148 792 la·

1268 805 1357 848 psam
1379 803 1617 844 observantiam
1643 817 1790 850 reparans
1801 806 1870 840 Leo
1890 817 2021 850 quartus
2033 807 2147 842 statuit

1268 855 1302 888 in
1327 856 1381 888 sua
1403 854 1559 891 Romana
1580 855 1718 898 synodo
1742 883 1749 890 .
1776 858 1865 894 Nulli
1886 861 2042 892 Laicorum
2060 858 2147 891 liceat
2164 866 2234 909 cap,
2252 865 2320 908 33:3⁸

1267 911 1299 938 in
1322 917 1355 938 eo
1375 906 1432 940 loco
1459 931 1470 946 ‚
1507 907 1559 939 ubi
1578 907 1747 943 sacerdotes
1767 909 1915 950 reliquive‘
1936 909 2043 944 Clerici
2061 907 2148 950 confi-

1259 955 1343 995 flunt
1375 981 1385 997 ‚
1412 956 1492 998 quod
1522 957 1739 1000 Presbyterium
1772 966 1961 1000 nuncupatur
1979 984 1990 999 ,
2029 961 2146 1000 quando

1268 1006 1354 1048 Mr'ffa
1376 1007 1539 1041 celebratur
1552 1033 1562 1048 ,
1587 1007 1746 1049 cwfistere,
1770 1017 1805 1041 ut
1825 1008 1913 1043 libert>
1936 1020 1971 1042 ac
1991 1008 2146 1052 honorifice

1262 1057 1366 1097 poffint
1392 1056 1484 1104 sacra
1511 1058 1612 1099 Officia
1637 1069 1785 1094 exercere.
1812 1058 1924 1098 Dicit,
1952 1060 2071 1102 Reliqua·
2081 1060 2148 1093 cle-

1268 1111 1322 1139 rici
1340 1105 1506 1148 confisiunt.
1535 1107 1637 1155 Qod
1660 1119 1777 1151 nempe
1798 1110 1859 1146 soli
1871 1108 2054 1156 Presbyteri
2077 1111 2148 1153 pos²

1266 1157 1336 1189 sent
1364 1156 1435 1190 istic
1462 1156 1568 1191 sedere
1590 1182 1597 1190 .
1626 1158 1670 1193 Et
1690 1156 1769 1192 hinc
1795 1159 1837 1194 de
1863 1159 1978 1200 sacriS,
2008 1171 2146 1195 uxorem

1268 1207 1318 1240 vel
1345 1207 1567 1244 concubinam
1595 1207 1665 1251 post
1684 1208 1804 1243 Leonis
1833 1210 1914 1244 noni
1941 1210 2081 1244 Decreta
2100 1222 2147 1244 re-

1267 1256 1449 1291 tinentibus
1476 1281 1499 1297 ,⁷
1522 1257 1622 1294 Italiae
1659 1257 1796 1295 Clericis
1823 1259 1935 1293 statuit
1962 1259 2017 1292 hic
2045 1259 2148 1293 Nico·

1266 1307 1335 1340 laus
1363 1308 1523 1342 secundus
1546 1322 1553 1341 :
1582 1309 1619 1345 In
1642 1308 1851 1352 presbyterio
1888 1310 1932 1341 aed
1949 1310 2058 1342 divina
2078 1309 2150 1351 Offi-

1262 1361 1307 1387 cia
1330 1367 1389 1390 non
1415 1365 1574 1391 maneant,
1601 1358 1682 1391 Hoc
1707 1359 1777 1402 est,
1803 1370 1911 1403 neque
1931 1358 2148 1401 sedeant‚ne-

1266 1414 1329 1447 que
1348 1404 1453 1445 stent,
1485 1403 1538 1441 sed
1560 1415 1636 1439 cum
1647 1405 1751 1439 Laico
1775 1408 1899 1450 populo
1918 1409 2146 1451 expellantur.

1271 1455 1319 1486 Ex
1333 1461 1399 1496 quo
1426 1454 1513 1488 lucet
1541 1456 1629 1489 solos
1650 1466 1729 1489 tunc
1752 1454 1859 1491 adhuc
1879 1456 2089 1501 presbyteros
2111 1459 2148 1496 in

1263 1502 1379 1537 Choro
1394 1503 1523 1535 sediffe.
1551 1503 1669 1536 Hodie
1679 1515 1748 1539 non
1761 1506 1868 1538 solum
1881 1507 1989 1540 infimi
2001 1508 2122 1543 Clerici
2135 1532 2147 1547 ‚

1268 1551 1324 1588 sed>
1345 1552 1500 1593 &quivis
1523 1551 1616 1590 [iaici
1633 1575 1644 1592 ‚
1670 1552 1742 1587 imo
1761 1554 1794 1587 ὃ(
1813 1555 1956 1590 foeminae
1977 1567 2054 1593 cum
2078 1557 2146 1592 illis

1253 1600 1334 1634 ‘istic
1354 1602 1465 1636 sedent
1478 1625 1488 1642 ,
1514 1602 1655 1646 ideoque
1676 1602 1843 1645 justiffima
1852 1604 1945 1639 estin
1958 1617 2020 1642 nos
2032 1604 2149 1644 Theo-

1262 1651 1332 1685 dori
1348 1651 1552 1689 Balsamonis
1570 1652 1605 1686 &
1617 1652 1756 1690 aliorum
1769 1654 1963 1691 Graecorurn
1982 1658 2147 1700 querimo-

1266 1702 1335 1733 nia:
1366 1705 1414 1736 De
1425 1705 1547 1735 Latinis
1559 1705 1666 1745 audio,
1697 1707 1777 1746 qubd
1796 1717 1853 1738 non
1873 1704 1968 1748 Jbltim
1987 1711 2051 1739 viri
2072 1710 2146 1745 Lai-

1263 1755 1288 1781 ci
1302 1773 1313 1789 ‚
1333 1748 1391 1793 J'ed
1413 1752 1592 1785 &mulieres
1618 1759 1650 1786 in
1665 1752 1805 1797 sant‘lum
1825 1753 1908 1796 saepb
1933 1756 2081 1791 Tribunal
2099 1762 2146 1789 m-

1258 1801 1433 1843 gredt'untur
1460 1825 1471 1841 ‚
1498 1803 1532 1836 (θ’
1552 1800 1659 1845 sedent
1688 1801 1887 1846 praesentibus
1918 1803 2001 1847 saepe*
2028 1811 2066 1838 iis
2091 1810 2146 1848 qut

1260 1848 1451 1892 sacrificant,
1477 1852 1655 1889 Habentur
1677 1851 1745 1890 haec
1767 1854 1801 1886 in
1824 1854 2076 1892 Commentario
2099 1856 2145 1890 se·

1263 1900 1415 1944 xagefimi
1438 1902 1519 1936 noni
1539 1902 1697 1939 Trullani
1719 1904 1867 1939 Canonis
1886 1928 1893 1936 .
1925 1905 1968 1938 Et
1993 1905 2028 1938 in
2042 1906 2145 1940 Com-

1264 1951 1426 1985 mentario
1436 1951 1671 1996 quadragesimi
1682 1953 1789 1995 quarti
1803 1953 1951 1987 Canonis
1961 1955 2145 1992 Laodicen·

1261 2001 1314 2034 sis:
1343 2005 1378 2037 Jn
1391 2004 1568 2037 Latinorum
1591 2002 1770 2047 ‚Regiom'bus
1791 2005 1926 2041 mulieres
1952 2003 2015 2044 fine
2029 2006 2144 2047 pudore

1266 2052 1311 2086 ad
1320 2052 1438 2084 Altaria
1453 2075 1463 2091 ,
1489 2052 1608 2094 quando
1631 2054 1757 2096 volunt,
1783 2054 2007 2098 ingrediuntur.
2036 2051 2143 2101 Qiod

1265 2100 1369 2145 ipsum
1401 2100 1482 2144 Just&
1505 2103 1539 2136 in
1563 2112 1624 2136 nos
1648 2114 1824 2148 exaggerat
1852 2103 2039 2139 Graecorurn
2061 2106 2144 2139 Tra·

1264 2151 1368 2186 {tatus
1379 2160 1521 2192 repertus
1543 2152 1575 2184 in
1591 2151 1968 2196 Constantinopolitano
1989 2155 2146 2189 Conven-

1264 2208 1298 2232 tu
1322 2197 1455 2232 Patrum
1476 2198 1730 2239 Praedicatorum
1754 2227 1760 2233 .
1788 2203 1883 2236 Dicit
1902 2228 1913 2243 ‚
1942 2204 2076 2245 ,Quando
2094 2215 2145 2237 vo·

1261 2251 1356 2280 lunt:
1387 2249 1487 2282 Extra
1512 2250 1624 2284 divina
1650 2252 1740 2285 enirn
1762 2253 1884 2287 Officia
1908 2253 1988 2286 illuc
2015 2252 2143 2297 ingredi

1263 2297 1326 2332 fuit
1338 2297 1486 2336 foeminis
1496 2299 1619 2343 semper
1629 2300 1665 2338 <Sc
1677 2300 1799 2344 ubique
1813 2302 2000 2344 permissum
2013 2327 2020 2335 .

1676 2671 1879 2764 IV,

427 2869 467 2918 T
506 2867 807 2935 praecipientes
844 2863 1097 2920 statuimus,
1133 2876 1182 2910 ut
1217 2860 1250 2910 ii
1284 2857 1580 2927 praedictorum
1606 2858 1851 2923 Ordinum,
1887 2864 1967 2930 qui
2001 2861 2145 2917 eidem

395 2979 429 3004 ,A

463 2933 765 2989 Praedeceffori
801 2932 945 2983 nostro
979 2930 1238 2982 obedientes
1271 2930 1518 2980 castitatem
1554 2929 1834 2983 servaverunt
1859 2970 1872 2993 ‚
1904 2938 2025 3000 juxta
2060 2940 2146 2986 Ec.

324 3010 474 3056 clesias
507 3043 519 3068 ‚
557 3007 715 3074 quibus
750 3002 942 3054 ordinati
978 3000 1074 3051 sunt
1108 3037 1121 3061 ,
1158 3002 1266 3052 ficut
1315 3016 1495 3068 oportet
1529 3001 1776 3064 Religiosos
1813 3004 2016 3054 ,Clericos
2044 3039 2057 3064 ,
2093 2988 2172 3054 fi-s

329 3080 419 3128 mul
467 3077 731 3127 manducent
776 3079 819 3124 δε
853 3072 1073 3122 dormiant
1108 3109 1121 3133 ,
1169 3077 1213 3121 &
1256 3069 1478 3140 quidquid
1525 3073 1591 3123 eis
1635 3072 1691 3122 ab
1739 3074 1950 3126 Ecclefiis‘
1994 3077 2141 3138 venit,

328 3149 620 3198 communiter
657 3146 850 3195 habeant
885 3180 899 3192 .

948 3146 1005 3191 Et
1042 3158 1245 3205 rogantes
1294 3159 1524 3193 monemus
1559 3179 1574 3203 ,
1620 3159 1669 3192 ut
1716 3143 1771 3192 ad
1807 3144 2143 3213 Apostolicam‚

329 3234 611 3271 communem
646 3214 815 3266 scilicet
845 3252 860 3278 ‚
893 3214 1029 3264 vitam
1064 3212 1333 3284 summopere
1368 3215 1593 3283 pervenire
1629 3213 1868 3266 studeant(

1069 3351 1125 3472 &2323

1129 3352 1181 3472 &02

1185 3351 1238 3469 ffi

1955 3504 2099 3543 SCHQ·
