2366 3756
45 451 116 490 L3.
132 459 161 483 c.
175 459 201 489 ς.

878 142 1360 187 DICTATUS.

221 231 293 266 tur,
319 223 460 265 capitula
468 223 560 266 fidem
572 227 605 259 in
614 224 689 260 bunc
699 225 816 259 modum
837 224 899 268 ipse
917 236 981 259 cum
1009 225 1078 257 aliis
1091 249 1101 264 ,

222 274 322 308 &alii
338 286 403 308 cum
428 273 489 318 ipso
515 274 728 319 exposuerunt.
756 275 905 318 Exponit
931 275 967 309 in
993 275 1101 309 Sancti

220 323 378 359 Bernardi
401 324 468 358 vita
490 326 665 361 Goffredus
684 323 872 360 Monachus
883 323 1102 360 clarevallen-

221 375 261 408 fis
274 389 284 407 .·
311 373 505 416 Confiderans
526 377 705 412 Bernardus
726 375 876 409 nonnullos
898 386 936 409 ex
956 373 1026 414 bis,
1051 379 1102 415 qui

218 424 441 468 pra-fidebant,
461 427 531 467 jam
543 427 661 470 quidem
671 427 948 461 animadvertentes
969 422 1102 470 blaspbe-

221 481 316 509 miam
340 481 373 508 tn
393 474 528 509 dodrina
550 500 562 517 ,
597 475 692 510 adbuc
712 483 813 509 tamen
832 481 1000 510 avertentes
1024 476 1103 515 inju-

221 531 302 559 riam
323 525 343 557 ἃ
351 523 478 568 persiana
487 548 499 566 ‚
525 524 660 570 accensus
675 525 711 566 est
724 526 784 559 zelo
796 550 806 566 ,
833 526 867 559 ὦ·
878 524 1059 566 domesticam
1063 522 1103 565 fi·

219 575 254 609 bi
275 574 431 616 Ecclesiam
445 573 562 620 seorsim
583 584 725 611 convocat
738 574 943 611 Gallicanam.
969 578 1102 610 Commu·

221 631 257 659 ni
279 626 407 667 denique
426 624 537 666 confilio
558 651 570 667 ‚
595 628 615 658 ἃ
638 625 784 659 Patribus
806 625 905 659 decem
930 627 1102 661 Provincia-

220 687 289 710 rum
300 700 310 715 ‚
337 677 407 708 aliis
428 684 528 708 autem
546 673 700 721 Episcopis
724 676 758 711 (Ὗ
770 673 933 709 abbatibus
940 675 1078 716 plurimis
1090 696 1102 714 ‚

220 725 356 760 dictante
382 730 449 760 viro
473 728 561 766 Dei,
600 731 687 762 novis
723 723 909 768 dogmatibus
945 729 1099 766 opponitur

216 773 377 821 fimbolum
398 786 527 810 novum.
553 775 634 810 Hoc
652 775 697 810 est
710 798 722 815 ‚
746 785 870 808 novum
897 772 973 808 fidei
984 774 1103 810 Decre-

222 835 296 859 tum
308 850 315 858 .
344 829 403 858 Cui
424 830 517 859 etiam
531 823 754 870 subscribuntur
779 831 897 859 nomina
908 823 1100 867 singulorum.

222 878 264 908 Ut
282 885 380 908 eorum
394 872 504 917 scilicet
527 881 656 909 omnium
669 900 680 916 ‚
700 873 773 917 ficut
795 872 1051 917 irreprehenfibilis
1061 873 1100 915 fi-

221 927 276 958 des
288 948 300 965 ,
317 922 359 965 fic
378 923 639 966 irreprebenfibilis
662 926 744 959 zelus
764 921 879 959 caeteris
893 921 1081 967 innotesceret
1095 946 1103 958 ς

220 975 269 1010 Et
290 974 325 1008 in
347 972 463 1010 litteris
484 974 525 1008 ad
549 973 773 1010 Albanensem
794 974 995 1017 Episcopum
1019 972 1104 1004 Gau-

222 1023 332 1060 fredus
348 1023 563 1059 Cistertienfis
584 1023 773 1057 Monachus
794 1023 890 1058 refert
904 1020 1058 1058 Bernardi
1070 1020 1105 1057 δε

222 1073 367 1109 Gilberti
394 1084 505 1108 coram
526 1072 683 1107 Dominis
704 1070 934 1108 cardinalibus
965 1068 1106 1113 disputa-

222 1126 373 1165 tionem,
398 1132 497 1167 ntque
517 1122 742 1166 prosequitur.-
767 1121 827 1153 Sub
848 1131 878 1153 eo
890 1129 988 1153 tenore
1001 1119 1103 1164 disces-

218 1173 288 1218 sum
298 1172 358 1213 est,
384 1184 418 1207 ut
428 1174 561 1207 dicerent
571 1176 691 1205 Domini
712 1171 913 1208 cardinales,
941 1169 1032 1219 Quia
1057 1181 1108 1204 ec·

221 1234 262 1259 ce
283 1222 466 1258 audivimus
488 1233 558 1264 quae
578 1222 740 1264 propofita
764 1222 838 1254 sunt
851 1243 863 1260 ,
889 1219 1043 1264 deinceps
1062 1219 1108 1263 ju·

221 1272 407 1308 dicabimus
428 1270 566 1316 qualiter
584 1271 724 1307 debeant
750 1269 897 1304 definiri.
924 1271 1020 1313 ,Quod
1043 1281 1108 1303 ver-

222 1323 295 1357 bum
318 1331 439 1356 eatenus
459 1325 555 1356 movit
576 1323 666 1356 corda
676 1321 851 1362 multorum,
876 1329 910 1354 ut
915 1318 1050 1365 sequenti
1062 1321 1109 1355 die

223 1373 307 1415 apud
330 1371 470 1407 Sanc‘ium
495 1372 688 1406 Bernardum
712 1379 903 1406 convenirem
942 1367 1109 1414 Arcbiepis-

225 1429 289 1465 copi
311 1423 428 1462 decem,
453 1421 667 1464 Epiftoporum
687 1433 798 1466 quoque
827 1423 862 1456 Θ
875 1420 1042 1460 abbatum,
1075 1431 1110 1454 ac

225 1471 433 1516 magistrorum
450 1473 585 1513 plurima
606 1472 784 1508 multitudo.
811 1474 857 1505 Et
877 1476 946 1514 quia
959 1471 1109 1513 ‚iudicium

221 1521 277 1565 fibi
303 1521 485 1556 videbantur
510 1520 683 1568 reservasse,
713 1533 785 1566 quos
810 1527 957 1556 noverant
974 1519 1043 1562 fere
1052 1531 1111 1553 om·

225 1584 281 1606 nes
306 1578 439 1607 errantis
460 1573 582 1617 potius,
607 1575 698 1616 quam
722 1578 835 1607 erroris
851 1571 1012 1614 fautores,
1034 1577 1104 1610 pro-

224 1623 373 1655 viderunt
388 1630 517 1664 oportere
538 1633 604 1655 cum
625 1622 774 1663 Capitulis
798 1623 858 1654 illis
884 1621 1009 1653 Gilberti
1034 1621 1111 1660 Epi-

223 1669 324 1714 scopi,
343 1668 409 1711 suae
422 1673 457 1703 e·
467 1671 542 1710 fidei
548 1669 707 1709 simbolum
735 1673 818 1701 mitti
830 1692 841 1708 ,
866 1677 900 1702 ut
916 1666 1027 1711 scirent
1051 1678 1112 1701 me·

223 1720 305 1758 lius,
329 1718 409 1752 unde*
427 1719 603 1759 „iudicarent
625 1743 631 1750 .
671 1716 856 1758 scripserunt
878 1728 944 1759 ergo
967 1717 1111 1758 Capitula

223 1769 369 1808 totidem,
395 1768 488 1809 quam
506 1764 675 1808 expreſsius
692 1774 856 1809 potuerunt
874 1790 885 1805 ‚
908 1767 988 1799 illius
1008 1766 1111 1799 verbis

221 1817 311 1863 suam
330 1816 523 1859 confeffionem
545 1822 726 1850 contrariam
751 1820 785 1848 in
804 1815 939 1848 omnibus
963 1839 974 1856 ,
1000 1816 1034 1849 l&
1053 1823 1111 1858 per

225 1873 327 1902 omnia
343 1874 543 1910 proponentes
571 1890 582 1906 ,
621 1877 713 1909 quam
742 1866 780 1899 de
814 1870 956 1899 communi
981 1870 1111 1899 omnium

225 1922 436 1953 convenientia
456 1940 467 1957 ‚
504 1927 561 1948 non
575 1914 639 1958 sine
664 1918 760 1950 multa
777 1914 991 1950 deliberatione
1016 1915 1112 1947 ditia-

224 1977 293 2002 tam
303 1967 488 2008 judicaturis
503 1966 643 2009 facerent
654 1965 805 2000 exbiberi.
835 1969 903 1999 Nec
913 1973 1013 1999 tamen
1025 1974 1110 1997 vere·

224 2018 361 2057 bantur,
385 2027 422 2051 ne
446 2019 628 2049 contrarium
648 2017 767 2058 aliquid
767 2016 966 2056 judicarent,
986 2012 1045 2057 sed
1053 2023 1114 2046 cre·

225 2067 341 2102 debant
367 2067 520 2100 nonnullos
542 2076 638 2099 eorum
662 2067 709 2098 ad
728 2065 780 2098 boc
801 2067 919 2098 tendere
942 2088 953 2104 ,
986 2073 1020 2096 ut
1051 2060 1114 2102 fine

225 2119 329 2160 aliqua
339 2116 507 2158 definitione
515 2114 680 2147 Concilium
685 2112 849 2155 solveretur
860 2137 867 2144 .
895 2115 1022 2153 Propter
1031 2111 1113 2153 quod

225 2168 323 2201 eidem
328 2164 489 2208 scriptum
498 2186 509 2202 ,
532 2174 622 2205 quam
636 2162 818 2201 novissimam
827 2161 917 2195 vobis
938 2165 1089 2194 mittimus
1101 2184 1112 2201 ,

224 2213 393 2259 subscripta
409 2211 480 2256 sunt
493 2212 674 2257 fingulorum
695 2215 814 2245 nomina
833 2236 846 2253 ,
882 2217 936 2254 qui
961 2212 1091 2245 aderant
1104 2234 1115 2252 2

229 2261 517 2306 Archiepiscoporum
539 2286 551 2303 ‚
587 2260 800 2305 Episcoporum
816 2284 828 2301 ,
863 2261 1011 2297 abbatum
1033 2285 1045 2303 ,
1079 2261 1114 2295 (5

227 2313 459 2358 magistrorum,
482 2314 520 2346 de
532 2310 666 2356 confinsu
689 2313 723 2346 <u
742 2316 949 2347 convenientia
968 2309 1114 2354 universo·

230 2370 298 2398 rum
310 2388 317 2395 .
345 2366 393 2396 Et
414 2361 510 2397 01³8ae
526 2360 602 2405 sunt
621 2371 682 2395 tres
698 2360 835 2405 personae
854 2386 866 2402 ,
891 2360 1033 2404 Episcopi
1058 2361 1115 2394 duo

230 2413 479 2453 reverendiffimi,
507 2416 590 2456 Hugo
604 2410 855 2455 Antifiodorenfis,
881 2412 1004 2455 primus
1030 2410 1117 2446 &Ci-

229 2463 390 2498 flertienli
411 2462 528 2496 ordine
561 2464 687 2496 evectus
709 2461 750 2496 ad
772 2460 1004 2495 pontificalem
1026 2459 1117 2496 thro-

229 2524 315 2548 num
340 2539 351 2554 ,
388 2513 423 2547 &
445 2523 487 2546 ex
507 2511 800 2547 Praemonstratenfi
822 2511 939 2546 ordine
956 2512 1027 2545 Milo
1054 2513 1115 2543 Mo-

229 2561 376 2603 rinenfis‚
402 2563 437 2596 (ν
457 2564 594 2607 sugerius
621 2561 721 2595 Abbas
744 2561 849 2595 sandix·
869 2559 992 2605 Dionyfii
1017 2584 1028 2601 ,
1063 2565 1114 2602 qui

230 2613 368 2651 eamdem
383 2609 570 2654 scripturam
590 2614 717 2645 Domino
737 2614 833 2654 Papae
853 2609 1114 2645 &Cardinalibus

230 2654 454 2705 praesintarent
465 2685 479 2702 ‚
503 2662 539 2696 θ
563 2661 691 2694 dicerent
708 2666 773 2695 eis:
800 2663 859 2694 Pro
869 2660 966 2701 vestra
978 2670 1114 2695 reveren·

229 2716 283 2746 eia
295 2709 487 2754 sustinuimus
511 2712 609 2744 minus
633 2711 738 2755 dignos
760 2716 925 2753 acceptione
943 2708 1114 2753 sermones,

234 2762 327 2795 donec
342 2761 467 2794 tandem
487 2762 677 2801 audivimus,
704 2761 786 2803 quod
799 2761 837 2794 de
856 2766 898 2794 eis
906 2761 1044 2802 judicare
1054 2762 1115 2794 vel-

234 2811 322 2845 letis.
350 2810 511 2851 offerimus
523 2811 632 2853 ergo&
643 2822 694 2843 nos
710 2810 835 2850 nostram
844 2810 1038 2853 confeffionem
1048 2835 1059 2851 ,
1082 2818 1114 2844 ut

232 2872 297 2896 non
317 2861 353 2893 de
369 2868 461 2902 parte
485 2883 497 2900 ,
516 2856 575 2902 sed
593 2861 630 2893 de
648 2861 787 2903 partibus
805 2861 966 2903 judicetis.
995 2863 1113 2894 Tenetis

234 2910 430 2952 confeffionem
442 2909 820 2954 bominisilliusscriptam:
848 2915 997 2944 Convenit
1018 2919 1051 2943 ut
1072 2920 1113 2944 te·

236 2966 336 2995 neatis
349 2962 383 2995 (5
406 2959 549 3000 nostram.
579 2962 785 2995 Verumtamen
810 2962 860 2995 ille
885 2960 968 2995 vobis
985 2958 1041 3004 sub
1063 2959 1114 2993 boc

234 3019 337 3044 tenore
359 3011 489 3044 tradidit
496 3008 605 3052 suam,
630 3017 799 3052 utparatus
822 3011 884 3055 effer
904 3015 1068 3054 corrigere,
1088 3008 1118 3051 fi

236 3061 317 3104 quid
334 3060 419 3093 vobis
437 3061 526 3093 aliud
546 3060 723 3104 videretur;
746 3073 800 3096 nos
826 3060 992 3105 hujusmodi
1017 3060 1114 3093 condi-

237 3116 350 3144 tionem
369 3110 491 3153 penitus
513 3111 700 3144 excludentes
713 3134 724 3151 ,
742 3111 781 3153 fic
792 3112 878 3146 vobis
889 3110 1011 3152 nostram
1021 3107 1114 3150 offeri·

236 3170 326 3201 mus,
352 3169 385 3193 ut
395 3164 541 3193 noveritis
552 3160 671 3202 quodin
683 3160 864 3204 bocsumus‚
884 3167 915 3196 in
925 3158 1114 3204 bocperseve-

236 3210 370 3245 rabimus
382 3234 393 3251 ,
418 3209 496 3243 nibil
499 3211 624 3251 penitus
636 3215 822 3246 immutaturi
835 3238 842 3245 .

288 3260 371 3294 Haec
395 3260 607 3304 posteriorum
627 3260 798 3296 verborum
820 3261 936 3297 fiducia
945 3260 1113 3295 Dominos

230 3308 429 3345 Cardinales
449 3309 607 3345 offendit:
637 3310 716 3344 Visa
739 3311 785 3345 est
807 3311 1020 3347 anterioribus
1044 3321 1111 3345 non

1876 156 1966 202 355

1162 224 1214 259 sed
1235 223 1483 259 definitionem.
1516 222 1605 258 Nam
1618 223 1651 258 δε
1673 221 1781 260 oblata
1799 222 1910 261 charta
1931 227 2037 262 titula?

1163 274 1256 310 batur
1278 273 1497 318 Symbolum,
1521 274 1575 309 seu
1586 272 1660 310 fidei
1675 275 1853 311 Decretum
1869 300 1876 309 .
1903 275 1948 311 Et
1959 276 1993 311 in
2004 278 2038 311 sr-

1165 325 1252 360 milis
1262 324 1394 361 Deci-eti
1405 325 1543 360 formam
1556 334 1622 361 erat
1633 324 1802 368 subscripta
1811 326 1852 361 ab
1863 325 2020 361 omnibus
2029 351 2040 359 .

1163 375 1256 408 Hinc
1266 374 1370 420 pergit
1383 374 1470 408 Otto
1491 373 1673 418 Episcopus
1692 374 1920 421 Frilingenfis:
1949 377 2043 422 ‚Quod

1153 425 1329 462 'Gallicanae
1343 422 1476 464 Ecclefiae
1492 423 1615 469 facium
1624 432 1687 459 tam
1692 424 1923 471 graviter-sacer
1933 427 2042 461 Cardi·

1164 476 1277 511 nulium
1287 476 1413 509 senatus
1424 478 1536 519 accepit
1546 497 1556 515 ,
1582 479 1658 509 utin
1670 485 1780 520 magna
1789 481 1895 509 mentis
1906 476 2042 521 indigna·

1163 530 1241 557 tione
1253 528 1377 560 Curiam
1387 529 1516 561 intraret
1528 547 1539 563 ,
1565 524 1599 557 (5
1609 532 1763 568 tamquam
1774 536 1864 559 unum
1875 533 1976 568 corpus
1999 525 2042 568 ef-

1157 574 1249 619 fedi,
1263 585 1324 609 una
1337 584 1434 609 omnes
1446 584 1517 612 voce
1529 571 1724 620 Pontificisuo
1732 575 1860 607 dicerent
1874 586 1884 616 ;
1904 577 1982 608 Scire
1993 576 2043 609 de-

1162 623 1214 657 bes
1227 647 1239 664 ,
1264 625 1346 669 quod
1366 625 1387 658 ἆ
1409 622 1489 657 nobis
1503 646 1514 664 ,
1535 630 1592 664 per
1603 635 1673 669 quos
1685 632 1836 671 tamquam
1842 631 1897 669 per
1906 626 2040 662 cardines

1163 671 1343 715 universalis
1363 671 1488 718 Ecclefiae
1500 678 1631 708 vertitur
1639 680 1710 707 axis
1721 697 1732 713 ,
1761 674 1803 709 ad
1813 678 1941 718 regimen
1952 681 2043 710 totius

1166 721 1299 764 Ecclefiae
1316 730 1469 764 promotus
1477 747 1489 764 ‚
1514 722 1530 755 ἑ
1535 728 1659 763 privato
1668 722 1847 766 universalis
1874 727 1967 758 Pater
1978 724 2044 765 effe·

1166 774 1229 810 e‘lus
1239 797 1250 814 ‚
1268 774 1340 812 jam
1351 773 1488 815 deinceps
1499 778 1529 805 te
1539 783 1596 805 non
1606 781 1689 806 tuum
1701 796 1712 812 ‚
1732 771 1788 817 sed
1799 772 1925 814 nostrum
1941 776 2043 819 potius

1163 825 1216 866 effe
1229 831 1359 868 oportere
1368 848 1379 864 ‚
1405 834 1457 856 nec
1468 827 1613 864 privatas
1624 824 1658 856 ὁ·
1669 823 1824 854 modernas
1834 828 1980 858 amicitias
1991 835 2046 859 an-

1167 878 1259 915 siquis
1278 874 1313 909 o·
1324 872 1523 910 communibus
1532 880 1704 919 praeponere
1713 896 1723 912 ‚
1734 869 1792 914 sed
1798 877 1926 906 omnium
1937 874 2048 908 utilita-

1167 928 1191 957 ti
1199 921 1361 966 consulere,
1388 926 1589 968 Romanaeque
1601 926 1702 959 Curiae
1713 922 1826 959 culmen
1839 932 1876 954 ex
1897 923 1977 964 officii
2002 928 2047 957 tui

1168 971 1368 1015 necessitudine
1379 984 1482 1009 curare
1492 975 1526 1008 cb·
1537 971 1692 1018 observare
1704 971 1822 1009 debere.
1850 973 1912 1006 sed
1921 973 1996 1014 quid
1999 972 2050 1014 fe-

1167 1027 1207 1056 cit
1217 1021 1317 1058 Abba:
1329 1032 1395 1059 tuus
1410 1047 1421 1063 ,
1446 1025 1481 1062 (ρ’
1493 1035 1557 1057 cum
1567 1033 1599 1058 eo
1617 1023 1774 1061 Gallicana
1796 1019 1924 1066 Ecclcfiae
1937 1022 1950 1058 ?
1973 1023 2047 1065 ,Qua

1162 1070 1266 1116 fronte
1275 1094 1287 1111 ,
1312 1082 1366 1115 quo
1374 1071 1444 1114 ausu
1457 1078 1597 1107 cervicem
1610 1082 1712 1106 eontra
1720 1076 1862 1106 Romanae
1872 1072 1956 1107 sedis
1980 1074 2050 1106 Pri-

1169 1131 1284 1156 matum
1302 1122 1336 1158 &
1350 1126 1462 1162 apicem
1483 1124 1601 1160 erexit?
1629 1127 1702 1160 ΗΜ
1710 1121 1747 1162 est
1768 1128 1847 1157 enim
1864 1120 1930 1165 sola
1944 1147 1955 1163 ‚
1980 1133 2050 1164 quae

1169 1171 1303 1210 claudit,
1328 1171 1458 1207 &nemo
1469 1175 1566 1211 aperit
1577 1182 1591 1210 ‚·
1616 1177 1731 1211 aperit,
1757 1173 1791 1205 (τ
1816 1182 1898 1205 nemo
1918 1171 2050 1205 claudit.

1170 1218 1241 1263 Ipsa
1247 1218 1311 1263 [δία
1321 1218 1426 1261 deside
1443 1218 1595 1256 Catholica
1606 1217 1746 1262 discutere
1752 1219 1866 1251 habens
1877 1243 1888 1258 ,
1914 1222 1934 1253 ἃ
1945 1222 2022 1253 nullo
2041 1243 2053 1261 ,

1171 1276 1263 1308 etiam
1283 1266 1388 1314 absens
1402 1291 1413 1308 ‚
1436 1272 1469 1304 in
1489 1267 1540 1302 boc
1555 1264 1700 1317 singulari
1721 1267 1825 1303 honore
1843 1270 2054 1311 praejudicium

1169 1318 1332 1365 patipotcst
1343 1343 1351 1354 .
1373 1319 1432 1355 sea
1439 1329 1497 1354 ecce
1507 1318 1614 1356 Gallici
1624 1317 1669 1358 isti
1688 1322 1783 1356 etiam
1789 1316 1906 1359 faciem
1929 1318 2054 1358 nostram

1171 1377 1384 1407 contemnentes
1396 1392 1407 1409 ‚
1428 1366 1517 1415 super
1528 1369 1677 1409 Capitulis
1688 1390 1699 1406 ,
1724 1378 1791 1414 quae
1802 1365 1849 1403 bis
1861 1368 1980 1409 diebus,
2007 1380 2055 1401 no-

1173 1421 1222 1455 bis
1241 1418 1440 1461 adsidentibus
1458 1440 1470 1457 ‚
1495 1423 1613 1463 agitata
1631 1416 1704 1461 sunt
1714 1441 1724 1456 ,
1749 1425 1900 1463 tamquam
1922 1417 2060 1460 finitiva,

1168 1469 1328 1514 ftntentiae
1341 1470 1477 1502 ultimam
1488 1479 1610 1502 manum
1632 1469 1806 1510 apponendo
1820 1490 1830 1506 ,
1853 1467 1937 1501 nobis
1959 1473 2057 1501 incon-

1169 1519 1261 1566 sultis
1271 1542 1282 1558 ,
1302 1520 1397 1561 fidem
1404 1516 1493 1560 suam
1499 1516 1628 1560 scribere
1636 1516 1907 1560 praesumpserunt.
1935 1516 2060 1558 Certefi

1175 1572 1338 1600 moriente
1354 1590 1366 1607 ‚
1392 1567 1493 1608 utpote*
1513 1567 1708 1600 Alexandriae
1728 1576 1782 1598 aut
1808 1566 1989 1607 Antiocbiae‚
2014 1578 2058 1600 co-

1174 1630 1241 1651 ram
1252 1615 1386 1653 omnibus
1400 1615 1587 1650 Patriarcbis
1599 1614 1767 1658 hujusmodi
1778 1615 1958 1649 tradamur
1976 1627 2061 1659 nego-

1175 1674 1248 1704 tium
1258 1691 1269 1707 ,
1292 1665 1636 1712 nibilfirmastabilitate
1643 1664 1768 1708 solidum
1774 1665 1836 1706 fine
1848 1665 1942 1704 nostra
1954 1666 2061 1707 defini·

1174 1722 1201 1751 ri
1212 1718 1329 1752 valeret
1343 1715 1518 1751 «uanitate
1530 1740 1538 1753 ,
1565 1718 1740 1759 ,Quinimmo
1746 1717 1843 1756 juxta
1864 1722 2061 1759 antiquorum

1176 1769 1302 1803 Patrum
1314 1765 1454 1806 Instituta
1466 1766 1520 1800 vel
1542 1766 1681 1808 exempla
1695 1789 1707 1806 ‚
1732 1768 1861 1802 Romano
1881 1764 2059 1810 sbrvaretur

1174 1821 1306 1853 examini
1324 1817 1557 1853 terminandum.
1584 1817 1735 1860 ,Quomodo
1760 1826 1826 1860 ergo
1848 1815 1894 1854 isti
1913 1821 1944 1851 in
1966 1814 2061 1855 nostra

1170 1865 1334 1910 praesentia
1359 1864 1499 1910 usurpare
1515 1867 1626 1900 audent
1639 1891 1651 1906 ‚
1677 1868 1759 1908 quod
1781 1870 1874 1902 etiam
1898 1870 2067 1900 remotiori-

1175 1916 1229 1948 bus
1241 1940 1253 1956 ,
1278 1917 1489 1957 &majoribus
1509 1916 1589 1954 nobis
1612 1927 1668 1954 non
1688 1918 1754 1953 licet
1770 1918 1784 1950 ?
1809 1916 1947 1950 Volumus
1971 1920 2062 1959 igitur

1175 1964 1242 1998 huic
1251 1973 1317 2000 tam
1326 1964 1492 2000 temeraria·
1499 1972 1630 2002 novitati
1641 1966 1772 2004 celeriter
1783 1964 1932 2012 adsurgas
1950 1990 1963 2007 ‚
1986 1963 2062 2009 ipso-

1175 2025 1297 2054 rumque
1306 2018 1513 2049 contumaciam
1520 2020 1627 2056 punire
1639 2025 1694 2049 non
1707 2016 1831 2056 ,differas
1843 2041 1850 2048 .

1225 2061 1287 2095 Per
1298 2064 1488 2098 remotiores
1499 2064 1533 2098 ὅ(
1548 2065 1579 2099 se
1587 2064 1726 2106 majores
1737 2065 1932 2109 intelligunt
1946 2066 2065 2100 Orien-

1177 2110 1255 2146 tales
1266 2108 1468 2145 patriarchas
1479 2134 1490 2151 ‚
1516 2119 1614 2153 atque
1626 2111 1672 2145 ita
1684 2111 1773 2149 lucet
1784 2114 1978 2149 Cardinales
1990 2117 2017 2150 E
2022 2116 2070 2159 pi-

1178 2161 1293 2207 scopos
1303 2168 1383 2196 tunc
1395 2159 1446 2196 his
1456 2159 1540 2194 aduc
1552 2160 1673 2196 cessisse
1690 2184 1697 2195 ,
1724 2161 1837 2209 Qare
1847 2163 1982 2197 sanetus
2006 2165 2069 2200 Pe·

1176 2220 1244 2245 trus
1263 2209 1444 2251 Damiani‚
1474 2209 1514 2246 ad
1541 2209 1728 2248 Cadaloum
1748 2211 1970 2255 Anti-Papam
1992 2215 2068 2248 scri-

1178 2260 1257 2295 bens
1278 2259 1321 2294 ab
1340 2259 1407 2293 illis
1431 2270 1488 2295 non
1509 2260 1593 2293 modo
1616 2261 1811 2302 quorumlibet
1835 2261 2045 2305 Episcoporum
2058 2288 2071 2306 ,

1173 2309 1228 2354 sed
1237 2314 1329 2345 etiam
1342 2309 1588 2344 patriarcharum
1611 2320 1700 2352 atque
1725 2313 1895 2347 Primatum
1897 2315 1974 2354 jura
1985 2323 2070 2348 tran-

1173 2360 1278 2404 scendi
1286 2383 1299 2401 ,
1325 2371 1396 2395 non
1407 2360 1448 2395 de
1459 2360 1686 2398 Orientalibus
1697 2359 1732 2397 ὃς
1744 2362 1827 2396 veris
1835 2386 1847 2403 ,
1877 2363 1930 2397 sed
1942 2362 1983 2398 de
2001 2367 2068 2399 Oc-

1177 2409 1392 2447 cidentalibus
1410 2409 1446 2443 ὅ(
1467 2409 1635 2446 adscititiis
1655 2410 1852 2447 patriarchis
1879 2413 1924 2447 est
1948 2413 2069 2449 intelli·

1177 2460 1302 2507 gendus
1324 2485 1333 2495 .
1371 2460 1514 2495 Domini
1542 2459 1734 2497 cardinales
1753 2461 1863 2498 lucide
1880 2463 2067 2500 adseverant

1179 2510 1285 2546 nullos
1307 2510 1488 2557 Episcopos
1508 2535 1519 2554 ,
1547 2510 1677 2547 nullum
1702 2510 1928 2548 patriarcham
1949 2539 1961 2555 ,
1999 2515 2069 2549 nul-

1178 2562 1242 2597 lam
1265 2561 1439 2605 synodum
1463 2561 1553 2607 poiie
1575 2560 1710 2598 definire
1727 2561 1769 2596 de
1794 2563 1859 2598 fide
1872 2587 1884 2604 ,
1910 2564 1964 2598 sed
1978 2564 2066 2600 hune

1176 2613 1238 2646 effe
1262 2610 1457 2655 privativum
1477 2609 1639 2648 honorem
1651 2612 1813 2651 Romanae
1823 2613 1990 2649 Ecclefiae.
2019 2615 2066 2649 Et

1177 2660 1261 2697 hanc
1296 2661 1359 2697 efle
1386 2670 1553 2706 paternam
1580 2671 1678 2707 atque
1706 2662 1828 2699 avitam
1855 2664 2003 2708 regulam
2028 2665 2064 2698 δε

1176 2710 1445 2747 consuetudinem
1456 2736 1464 2744 .
1491 2711 1690 2754 Oppositum
1716 2711 1926 2749 Attentatum
1939 2714 2001 2748 effe
2018 2724 2063 2749 te«

1177 2761 1357 2796 meritatem
1377 2761 1442 2795 fine
1451 2762 1603 2805 exemplo
1618 2786 1631 2802 ,
1655 2763 1689 2797 ὰ
1702 2763 1944 2798 contumaciam
1957 2774 2064 2799 exem·

1177 2811 1305 2855 plariter
1316 2810 1537 2855 castigandam
1552 2834 1560 2841 -
1584 2811 1657 2847 Nec
1672 2812 1759 2848 solos
1771 2813 1962 2849 Gallicanos
1987 2814 2065 2857 Epi·

1177 2863 1291 2906 scopos
1302 2870 1461 2906 arguunt,
1490 2859 1544 2896 sed
1557 2862 1590 2895 &
1610 2862 1713 2906 ipsum
1737 2863 1946 2907 Eugenium.
1977 2863 2063 2896 Cau·

1175 2913 1241 2947 sam
1251 2911 1351 2959 edicit
1363 2910 1547 2946 Gaufredus
1562 2911 1767 2947 Monachus:
1791 2913 1912 2956 ‚Quibus
1924 2936 1935 2952 ‚
1947 2912 2063 2945 Gallo-

1176 2973 1246 2996 rum
1259 2960 1497 3005 Episcoporum
1508 2961 1641 3006 Legatis
1653 2986 1664 3002 ‚
1693 2966 1834 2997 Dominus
1844 2964 1932 3003 Papa
1946 2963 2063 3004 respon-

1176 3013 1224 3045 dit
1233 3035 1245 3052 ,
1273 3013 1307 3046 (5
1317 3009 1460 3049 univerfis
1472 3035 1483 3051 ,
1502 3018 1556 3053 qui
1567 3022 1614 3044 eos
1625 3009 1783 3056 miserant,
1799 3018 1971 3046 renuntiare
1979 3019 2063 3054 prae·

1175 3067 1252 3104 cepit
1261 3086 1273 3102 ,
1297 3063 1353 3105 quo
1363 3061 1402 3093 ab
1414 3061 1519 3094 eadem
1528 3059 1700 3106 cotffesfione
1710 3072 1809 3096 eorum
1822 3066 1855 3095 in
1880 3062 1960 3095 nullo
1976 3070 2062 3103 pror-

1175 3113 1229 3145 sus
1240 3115 1377 3144 Romana
1389 3108 1513 3151 Ecclefia
1530 3110 1693 3153 dissentiret
1703 3136 1710 3143 .
1739 3115 1785 3144 Et
1790 3110 1822 3152 fi
1825 3111 1905 3151 stare
1925 3110 2061 3153 visi‘fue·

1175 3171 1247 3195 rant
1257 3161 1350 3203 aliqui
1355 3169 1412 3203 pro
1420 3159 1545 3204 persona
1558 3183 1570 3201 ,
1590 3159 1648 3205 sed
1657 3171 1713 3195 non
1736 3160 1850 3206 flabant
1870 3161 2060 3202 aliquatenus

1172 3219 1228 3254 pro
1251 3209 1383 3244 dodrinae
1405 3235 1412 3244 .
1441 3210 1583 3245 Domini
1609 3210 1802 3245 Cardinales
1825 3210 2058 3245 existimabant

1178 3260 1342 3305 peffimam
1353 3260 1529 3295 Gallorum
1541 3259 1710 3295 audaciam
1722 3260 1815 3294 fuiffe
1833 3259 2002 3294 admifl'iim
2022 3260 2057 3294 δε

1178 3310 1345 3355 probatam
1360 3310 1401 3345 ab
1413 3310 1566 3354 Eugenio
1580 3334 1591 3351 ,
1612 3311 1752 3352 ideoque
1762 3310 1911 3354 &ipsum
1922 3310 1962 3344 de
1982 3310 2052 3344 Ro·

234 3359 417 3397 cohaerere·
444 3359 524 3398 Visa
533 3358 578 3395 est
588 3369 655 3396 non
669 3360 915 3399 instructionem
924 3361 1114 3402 continere,
1178 3372 1279 3397 mana:
1299 3358 1470 3396 Cathedtae
1492 3361 1527 3396 δε
1550 3359 1737 3405 Apostolici
1760 3359 1918 3405 privilegii
1942 3369 2060 3403 praeva-

1932 3409 2009 3445 rica-

2092 2142 2124 2172 I..
2148 2152 2172 2171 1.
2193 2142 2243 2183 Ep.
