2366 3756
893 83 1384 127 D1crnrus.
1542 136 1553 149 Ὀ
1889 102 1978 148 345

229 176 282 210 sce
302 168 534 216 quaestionibus
555 166 666 203 nescio
677 166 758 212 quid
776 164 965 202 deciderant
988 163 1107 201 laudati
1172 165 1353 201 vinciarum
1387 174 1444 200 aut
1478 162 1680 200 Dioecefium
1713 162 1899 209 synodis?
1935 170 2046 208 Etiam

229 221 402 268 Episcopi.
428 219 543 257 Zelum
564 218 714 263 probavit
736 217 872 253 Basilius
898 240 910 257 ,
934 226 967 250 at
990 217 1110 260 impro-
1172 216 1386 251 OEcumenicae
1400 214 1584 251 babuerunt
1604 217 1691 253 idem
1704 216 1862 259 referendi
1873 217 2021 255 debitum
2034 237 2047 256 .-

230 273 320 307 bavit
342 270 634 316 praecipitantiam,
658 280 721 314 qua
734 269 896 303 sermones
919 268 994 300 suos
1018 266 1110 310 inju·
1174 266 1284 301 Etiam
1309 267 1448 309 ipsarum
1473 266 1588 302 relatio
1608 258 1801 302 devolve'bat
1812 268 1925 302 omnia
1950 278 2047 313 atque

229 321 320 358 dicio
331 334 402 357 non
413 320 655 365 disposuissent,
681 318 824 353 Aff'eruit
834 315 956 351 abistis
966 317 1110 360 quaestio-
1176 315 1402 360 suspendebat.
1431 315 1556 351 Verum
1578 328 1649 352 non
1670 316 1712 351 de
1732 316 1807 357 his,
1832 316 1885 351 sed
1907 317 1947 352 de
1971 320 2047 354 sons

227 372 326 407 nibus
360 372 501 416 pendere
530 367 746 407 universalem
784 366 929 402 Ecclefiae
966 377 1077 410 pacem
1100 390 1111 407 ,
1175 366 1438 401 provincialibus
1465 377 1521 400 aut
1534 366 1777 413 Regionalibus
1788 365 1940 404 dixerunt
1960 369 2049 404 Emi·

227 422 370 468 ideoque
387 423 530 467 ipsorum
559 421 717 464 potestate
745 420 809 453 esse
834 417 1010 462 superiores
1035 441 1046 458 ,
1074 428 1110 450 ac
1175 417 1351 451 nentiffimi
1374 416 1506 451 Patres:
1533 419 1582 450 Ad
1598 420 1701 452 sedem
1723 417 1910 460 apostolicam
1932 420 2050 453 dumta-

228 473 270 507 ad
281 472 537 509 Occidentalem
551 470 726 508 Ecclesiam
738 492 749 508 ‚
772 468 807 502 &
829 468 1021 502 Romanurn
1036 467 1112 510 Epi·
1175 477 1229 500 και
1250 472 1381 508 pertinet
1402 466 1612 510 controverfias
1622 468 1695 510 fidei
1712 493 1722 509 ‚
1747 470 1782 502 (5
1800 480 1911 502 morum
1931 475 2049 504 univer·

229 525 363 568 scopum
374 522 469 559 fuisse
482 521 676 557 referendas.
708 520 753 556 Et
773 519 853 564 quid
874 519 952 554 dico
983 517 1024 554 de
1034 516 1110 552 Pro·
1169 516 1246 560 salis
1267 516 1400 559 Ecclefiae
1422 516 1560 568 definire.
1590 518 1635 555 Et
1648 517 1728 553 bene
1753 518 1925 553 dixerunt.

593 924 1054 1008 Examinatur
1113 918 1252 998 alia
1310 921 1490 1000 circa-
1547 923 1692 1004 haec

977 1030 1251 1140 quaestio
1298 1094 1311 1109 .

329 1269 357 1305 E
382 1264 590 1313 generalibus
601 1264 745 1309 synodis
765 1276 889 1301 novam
908 1264 1119 1309 quaestionem
1185 1262 1379 1298 &unanimi
1399 1262 1529 1299 calculo
1543 1264 1817 1304 confirmaverat,
1842 1271 1940 1308 atque
1960 1261 2006 1297 ita
2017 1262 2063 1296 vi-

355 1318 452 1353 nobis
477 1326 588 1351 movet
612 1318 753 1360 Joannes
775 1316 945 1359 Launojus
961 1340 968 1347 .
995 1313 1119 1349 Adver-
1183 1314 1277 1349 detur
1291 1314 1342 1348 his
1354 1314 1444 1349 aliud
1455 1325 1524 1349 non
1536 1313 1628 1348 fuisse
1640 1312 1849 1348 necessarium
1861 1338 1872 1354 ‚
1898 1313 1996 1357 quam
2016 1314 2064 1346 so·

229 1369 283 1403 sus
323 1369 467 1405 Domini
502 1366 643 1402 Roberti
682 1365 869 1401 Cardinalis
904 1365 1116 1406 Bellarmini‚
1182 1365 1212 1398 la
1245 1363 1286 1399 ad
1298 1364 1499 1399 Pontificem
1511 1363 1647 1398 relatio.
1674 1362 1723 1397 At
1744 1361 2064 1407 verddeposteriori-

227 1419 284 1462 qui
311 1420 412 1454 etiarn
433 1419 534 1453 docet
558 1416 713 1452 omnibus
736 1416 942 1461 generalibus
971 1415 1118 1459 Synodis
1182 1413 1240 1448 bus
1266 1426 1327 1449 nec
1339 1414 1531 1449 mandatum
1553 1413 1683 1448 dederat
1694 1413 1852 1448 Pontifex
1870 1437 1881 1453 ,
1908 1424 1969 1447 nec
1997 1411 2066 1455 ipsa.

226 1470 351 1512 semper
373 1468 466 1503 fuiffe
494 1467 578 1501 istud
602 1465 757 1503 facienda:
775 1466 945 1502 relationis
981 1466 1016 1500 &
1036 1465 1118 1500 acci·
1187 1463 1352 1499 tractanda
1364 1466 1537 1505 retulerat,
1563 1475 1623 1498 nec
1634 1462 1760 1507 deipfis
1771 1463 1965 1497 sententiam
1978 1462 2067 1496 dixe-

225 1518 353 1561 piendae
374 1518 640 1553 confirmationis
665 1528 773 1557 oum,
802 1516 984 1551 doctrinam
1007 1515 1119 1550 scribit
1183 1524 1254 1554 rat,
1280 1523 1377 1556 atque
1398 1515 1443 1548 ita
1464 1513 1586 1548 caduca
1598 1522 1667 1546 erat
1690 1513 1833 1555 ipsorum
1845 1511 2040 1547 constitutio
2054 1534 2066 1550 ,

224 1566 261 1600 in
276 1567 423 1612 Epistola
435 1568 477 1603 ad
503 1567 661 1612 jacobum
689 1566 924 1610 Bevilaquam:
951 1569 1059 1602 Gratas·
1084 1565 1120 1598 ὁ·
1181 1563 1404 1606 &supplenda
1416 1574 1470 1606 per
1480 1562 1680 1597 Pontificem
1694 1585 1705 1602 ,
1730 1562 1920 1596 ratificanda
1943 1562 2070 1610 &tcon-

218 1615 281 1661 fine
293 1618 441 1650 afflorum
453 1620 612 1659 aequalium
637 1619 691 1650 vel
701 1616 867 1658 supparum
889 1615 1050 1654 testimonio
1077 1613 1119 1644 di·
1191 1611 1370 1646 firmanda.
1399 1613 1511 1659 Qare
1521 1611 1602 1655 quin
1624 1611 1690 1645 illis
1712 1611 2069 1653 confirmationempo-

224 1671 301 1698 citur
320 1669 482 1699 Nlcaenam
503 1667 649 1703 synodum
664 1663 802 1696 Arvorum
822 1661 941 1705 ficorum
965 1662 1119 1704 confirma·
1183 1660 1347 1697 stulaverit
1359 1662 1535 1703 synodus,
1563 1672 1630 1695 non
1654 1661 1699 1695 est
1710 1659 1952 1695 dubitandum.
1980 1661 2068 1694 Ean-

224 1720 332 1748 rlonem
342 1717 362 1746 a
372 1714 510 1754 sylvestro
516 1714 630 1755 petiisse
642 1736 653 1752 ,
680 1714 715 1746 <a
727 1711 902 1750 sylvestrum
925 1712 1118 1751 confirmatio-
1183 1710 1258 1745 dem
1270 1710 1390 1755 quippe
1402 1711 1565 1756 Regulam
1577 1710 1685 1744 lucide
1698 1712 1805 1745 secuta
1823 1710 1951 1745 videtur
1963 1710 2068 1753 Syno-

225 1776 293 1797 nem
314 1763 444 1805 dedisse,
472 1762 611 1803 quomodo
638 1761 849 1794 Bellarmt'nus
876 1762 911 1794 (9⁴
927 1765 1057 1802 petitam
1084 1762 1119 1795 6·
1182 1760 1243 1795 dus
1265 1759 1558 1797 Chalcedonensis.
1600 1761 1697 1794 Circa
1723 1758 1801 1796 fidei
1828 1760 2008 1794 Decretum
2034 1759 2068 1793 δε

224 1816 333 1846 datam
343 1811 572 1857 effecontendit.
601 1809 723 1844 Multis
736 1820 875 1844 conatur
901 1809 1074 1845 ostendere
1098 1810 1117 1844 a
1183 1811 1338 1845 Dioscori
1351 1810 1571 1846 Alexandrini
1587 1809 1782 1846 Patriarchae
1796 1809 2068 1855 degradationem

224 1863 356 1897 laudata
378 1862 518 1906 Synodo
541 1859 628 1894 nihil
649 1858 743 1894 fuisse
763 1858 964 1903 postulatum
990 1883 1002 1899 ,
1028 1858 1115 1894 nihil
1183 1859 1374 1904 Apostolica
1400 1861 1614 1897 &relationis
1638 1859 1829 1905 &suffragii
1850 1861 1919 1904 jura
1933 1861 2067 1894 sanstus

224 1913 281 1956 ipfi
302 1913 321 1948 a
344 1910 512 1957 Sylvestro
530 1910 664 1945 datum.
694 1909 807 1947 Multa
818 1909 1031 1954 antiquorum
1054 1908 1119 1943 Pa·
1183 1910 1253 1944 Leo
1266 1911 1414 1956 Magnus
1426 1913 1545 1955 partim
1559 1922 1614 1957 per
1624 1911 1747 1946 litteras
1764 1935 1776 1951 ,
1801 1911 1918 1955 partim
1930 1922 1986 1954 per
2011 1910 2069 1943 Le-

225 1973 335 2002 trum‚
360 1960 534 2005 synodum
548 1960 646 1995 istam
663 1957 872 1995 laudantium
899 1968 1001 2000 atque
1022 1968 1118 2001 expo·
1182 1967 1278 2002 gatos
1303 1960 1398 2003 plene
1418 1963 1626 2004 expleverat,
1651 1972 1858 2005 nequaquam
1879 1959 1956 1996 vero
1981 1960 2067 1994 circa

223 2012 378 2047 nentium
413 2034 424 2051 ‚
459 2010 571 2045 vetum
613 2008 817 2053 Apostolicae
849 2008 1116 2043 confirmationis
1182 2008 1363 2050 Canones,
1389 2011 1563 2053 praesertim
1588 2011 1672 2043 circa
1692 2011 1882 2053 vigesimum
1893 2013 2066 2054 octavum,

222 2061 348 2096 nullam
386 2059 579 2095 facientium
616 2059 814 2092 memoriam
841 2082 853 2097 ,
885 2057 1115 2100 conglomerat
1180 2065 1248 2097 quo
1270 2065 1346 2088 cum
1366 2059 1510 2093 aliorum
1533 2057 1792 2093 Patriarcharum
1818 2070 1855 2093 ac
1882 2059 2067 2093 Primatum

222 2110 414 2146 testimonia
434 2134 444 2150 ‚
479 2118 578 2149 atque
598 2105 675 2140 inde
695 2105 867 2139 concludit
890 2103 1116 2138 confirmatio·
1182 2102 1298 2145 injuria
1313 2103 1530 2147 ampliabatur
1553 2106 1696 2148 dignitas
1710 2108 1882 2142 Cathedrae
1906 2109 2068 2144 Constan-

224 2172 302 2195 nem
328 2171 389 2193 nec
415 2158 552 2200 petitam
585 2154 678 2189 fuiffe
704 2165 766 2189 nec
787 2152 899 2187 datam
921 2178 928 2186 .
970 2152 1117 2187 Videtur
1180 2152 1410 2196 tinopolitanae
1429 2178 1437 2185 .
1466 2154 1558 2187 Hinc
1582 2154 1683 2198 igitur
1704 2154 1875 2190 laudatum
1902 2169 1978 2191 cum
2006 2160 2067 2194 ista

223 2220 299 2244 cum
322 2207 387 2243 alio
412 2206 509 2249 hujus
523 2203 630 2240 saeculi
654 2203 871 2240 eruditiffimo
892 2202 965 2236 viro
987 2203 1115 2237 relatio·
1178 2200 1412 2246 degradatione
1425 2203 1602 2237 Decretum
1614 2203 1766 2247 Synodus
1786 2203 1960 2240 dumtaxat
1982 2218 2067 2242 retu—

228 2270 307 2293 nem
327 2258 346 2293 a
365 2254 632 2293 confirmationis
656 2252 877 2298 postulatione
887 2252 1086 2297 distinguere
1102 2276 1113 2292 ‚
1179 2252 1218 2285 lit
1237 2274 1249 2290 ,
1276 2252 1388 2286 verum
1406 2251 1449 2287 de
1473 2253 1668 2287 Canonibus
1686 2254 1839 2297 adjunxit
1859 2268 1867 2288 :
1894 2259 2067 2300 India-amus<

223 2308 395 2343 admittere
415 2306 509 2340 istam
522 2329 534 2346 ‚
559 2305 593 2339 &
615 2303 657 2338 ab
678 2301 776 2346 hujus
799 2303 972 2336 dumtaxat
998 2301 1111 2336 debito
1177 2306 1248 2343 quia
1273 2303 1308 2335 (τ
1330 2302 1392 2334 alia
1412 2304 1553 2344 quaedam
1570 2312 1627 2345 pro
1647 2314 1745 2342 rerum
1766 2303 1900 2347 ipsarum
1923 2309 2064 2342 ordinata

223 2358 391 2404 generales
411 2353 564 2400 Synodos
587 2352 772 2388 absolvere.
800 2352 846 2387 Et
861 2352 947 2388 certe
965 2350 1031 2386 haec
1044 2353 1113 2385 sen·
1176 2356 1295 2393 quiete,
1323 2352 1486 2393 &propter
1521 2353 1779 2395 Eccleſsafficorum
1791 2357 1972 2390 statutorum
1996 2359 2064 2401 defi-

223 2407 328 2443 tentia
341 2418 411 2441 non
429 2415 517 2440 caret
540 2401 783 2440 fundamentis.
1178 2405 1311 2433 nivimus
1319 2400 1494 2443 firmitatem
1506 2426 1516 2442 ,
1536 2401 1665 2447 scientes
1677 2409 1749 2446 quia
1775 2406 1809 2439 6·
1830 2406 1931 2444 vestra
1952 2409 2062 2441 sanm-

275 2457 410 2492 Etenim
436 2456 540 2500 prima
563 2450 762 2488 Arelatensis
800 2450 955 2495 Synodus
976 2476 988 2492 ,
1032 2448 1110 2485 licet
1176 2459 1226 2483 tas
1239 2449 1420 2493 addiscent,
1447 2452 1653 2493 &probatura
1677 2454 1932 2497 &confirmatura
1953 2459 1991 2498 est
2015 2471 2062 2493 m.

225 2505 436 2541 OEcnmenica
458 2516 526 2539 non
551 2503 671 2544 fuerit,
697 2501 760 2536 fuit
771 2511 880 2537 tamen
892 2499 1109 2544 ampliffima,
1177 2501 1264 2534 dem.
1289 2499 1554 2537 Lucideincedit
1569 2514 1624 2547 per
1635 2503 1704 2539 vias
1728 2516 1765 2539 ac
1779 2505 1925 2551 Regulas
1945 2509 2060 2543 Arela-

223 2558 345 2599 iplique
365 2556 472 2589 adfuit
507 2563 603 2596 atque
625 2552 768 2596 praesedit
790 2550 985 2594 Apostolica
1009 2550 1124 2594 Lega-2
1176 2550 1270 2584 tenfis
1282 2549 1427 2592 Synodi.
1454 2551 1830 2597 Constantinopolitano
1856 2557 2022 2603 Episcopo
2038 2561 2058 2593 a

224 2608 291 2641 tio.
321 2606 427 2644 Haec,
453 2603 587 2646 inquam
601 2624 613 2641 ‚
638 2601 794 2644 synodus
816 2601 872 2635 sua
894 2601 980 2635 circa
1005 2600 1109 2643 appel·
1174 2600 1204 2634 se
1219 2599 1360 2634 delatam
1373 2601 1571 2645 dignitatern
1583 2603 1733 2639 adfirmat
1758 2606 1939 2648 vetustam,
1965 2608 2058 2643 addit

225 2657 324 2690 latam
338 2653 588 2688 Donatistarum
598 2652 728 2685 causam
739 2649 822 2685 Aeta
836 2651 933 2691 refert
945 2648 1108 2693 Sylvestro
1172 2649 1232 2684 &a
1245 2648 1399 2694 Principe
1425 2652 1459 2685 δε
1480 2652 1498 2686 a
1520 2652 1642 2688 Senatu
1667 2654 1837 2690 defiderari
1851 2658 2056 2701 Synodalem

225 2703 405 2743 Pontifici,
431 2704 466 2737 &
488 2700 712 2748 prosequitur:
740 2705 813 2733 Non
844 2699 1030 2737 tamenbaec
1044 2700 1109 2742 sola

227 2754 310 2789 nobis
321 2751 390 2796 visa
407 2751 479 2795 sunt
490 2751 654 2786 traae‘landa
666 2772 677 2789 ,
701 2751 745 2782 ad
760 2761 828 2791 quae
846 2750 1006 2792 fueramus
1030 2755 1110 2783 invi-

227 2811 307 2846 tati,
329 2801 385 2846 sed
409 2803 444 2836 (9⁶
459 2800 664 2844 consulendum
687 2797 895 2843 nobismetipfis
922 2798 1109 2843 censuimus,

228 2855 336 2889 &ciem
356 2849 487 2894 diversae
501 2850 563 2891 fint
578 2852 743 2884 Provinciae
754 2874 765 2890 ,
791 2861 830 2883 ex
853 2848 960 2892 quibus
980 2851 1108 2884 adveni-

227 2916 316 2944 mus,
342 2908 387 2935 ita
413 2903 448 2936 (5
470 2905 562 2934 varia
583 2906 770 2945 contingunt,
799 2910 865 2942 quae
887 2912 942 2933 nos
961 2898 1107 2943 censemus

226 2953 382 2996 observare
403 2950 507 2985 debere
527 2975 534 2983 .
564 2949 696 2986 Relatio
721 2950 766 2985 est
793 2949 909 2985 mutila
931 2963 943 2984 .-
970 2949 1106 2984 Interim
1149 2951 1155 3002 Ι

229 3005 334 3042 Asta,
359 3013 502 3046 quorum
538 3010 616 3044 ergo
641 3000 743 3036 fuerat
771 3001 889 3035 indicia
926 2999 1079 3042 Synodus
1095 3024 1105 3040 ‚

228 3054 400 3088 dumtaxat
411 3053 526 3094 refert;
554 3050 693 3086 aliorum
713 3051 790 3086 vero
803 3076 813 3092 ‚
839 3063 909 3094 quae
930 3051 989 3084 suo
1009 3060 1103 3084 motu

227 3103 355 3139 addidit
369 3126 380 3143 ‚
404 3100 545 3136 omnino
558 3100 686 3135 videtur
698 3101 869 3144 postulasse
881 3101 1104 3136 confirmatio-

227 3164 322 3190 nem.
351 3154 396 3187 Et
417 3151 479 3186 fuit
502 3151 644 3186 necesse.
673 3151 805 3186 Etenim
815 3152 921 3196 priora
947 3151 1101 3185 Pontifex

226 3203 292 3248 iam
304 3203 513 3249 probaverat,
542 3201 610 3245 ipsa
638 3212 693 3245 per
706 3201 848 3246 Legatos
860 3201 995 3244 Synodo
1017 3211 1102 3236 retu·

227 3255 329 3293 ierat,
355 3254 407 3288 seu
425 3251 588 3288 tractanda
613 3252 838 3295 proposuerat,
865 3251 1017 3287 habuerat
1041 3252 1101 3286 suf-

228 3306 325 3351 fragii
354 3303 598 3349 praerogativam
612 3325 623 3344 ,
649 3300 713 3337 hoc
734 3301 919 3345 probaverat
930 3300 1101 3347 synodus,

1173 2699 1267 2743 ipfius
1279 2701 1491 2741 firmitatem,
1515 2702 1883 2742 conaturdemonstrare
1908 2719 1976 2742 non
2001 2709 2057 2742 ad-

1173 2751 1294 2784 versam
1321 2751 1516 2787 Canonibus
1542 2775 1553 2793 ‚
1587 2754 1702 2789 multis
1737 2755 1843 2790 studet
1868 2757 2055 2793 demulcere

1172 2799 1392 2841 Pontificem,
1419 2811 1518 2845 atque
1539 2804 1711 2839 concludit
1733 2817 1740 2837 :
1768 2809 1919 2849 Rogamus
1941 2814 2056 2851 igitur,

1174 2851 1208 2884 (τ
1235 2855 1294 2883 tuis
1307 2852 1440 2885 Decren's
1461 2851 1584 2892 nostrum
1606 2853 1715 2888 honora
1726 2857 1894 2897 judicium,
1922 2858 1956 2892 (Ὺ
1968 2857 2054 2899 ficut}

1170 2912 1223 2933 nos
1244 2906 1337 2944 capiti
1363 2901 1490 2935 inbonis
1509 2904 1671 2944 adiecimus
1697 2903 1935 2948 consonantiam,
1954 2906 1994 2947 fic
2019 2908 2052 2940 (π

1171 2953 1329 2984 Summitas
1350 2959 1403 2985 tua
1421 2950 1493 2993 fillis
1506 2954 1587 2995 quod
1606 2956 1687 2988 decet
1696 2955 1878 2994 adimpleat.
1906 2958 1953 2988 Sic
1972 2960 2052 2989 enim

1177 3002 1265 3042 &pii
1277 3004 1430 3044 Principes
1451 3004 1691 3045 complacebunt,
1717 3009 1768 3045 qui
1789 3013 1941 3047 tamquam
1961 3007 2051 3049 legem

1167 3061 1234 3088 tuce>
1251 3051 1429 3085 Sancffitam
1447 3053 1804 3096 judiciumfirmaverunt
1818 3079 1824 3086 .

1219 3101 1378 3136 Notanda
1389 3103 1462 3136 sunt
1475 3103 1589 3136 verba:
1617 3105 1778 3136 Summitas
1800 3113 1853 3138 tua
1866 3106 1941 3147 filiis
1953 3106 2050 3138 adim-

1169 3152 1270 3194 pleat.
1297 3152 1527 3195 Lucidioribus
1549 3152 1686 3187 vocibus
1710 3164 1779 3186 non
1792 3163 1939 3197 potuerat
1952 3156 2048 3196 profi·

1171 3201 1230 3236 teri
1250 3201 1403 3244 Synodus
1423 3204 1456 3236 se
1479 3202 1839 3237 Pontificeinferiorem
1852 3227 1859 3234 .
1889 3199 2051 3238 Notanda„

1171 3253 1246 3285 sunt
1270 3252 1304 3285 &
1316 3250 1382 3286 haec
1397 3265 1408 3286 .·
1435 3254 1598 3295 Tamquam
1618 3253 1711 3297 legem
1729 3260 1790 3285 tuae
1812 3253 2047 3295 sanffltausja-

1171 3303 1278 3336 dicium
1298 3303 1499 3344 firmaverunt
1515 3328 1523 3336 .
1551 3300 1697 3338 Edicunt
1722 3300 1812 3344 quod
1835 3303 2047 3344 Martianus,

1926 3363 1997 3387 non
