2366 3756
783 167 1246 211 VICTORIS
1318 178 1707 209 schNDI

469 320 607 404 *C
692 254 842 402 'A
927 318 1051 400 N·
1143 318 1232 402 o
1350 319 1449 399 N
1542 318 1896 424 ⁴>V111.

288 533 290 536 ⁴
364 511 479 557 Nter
514 506 609 554 haec
631 521 824 572 ‚quoque
857 504 1027 573 placuit
1062 506 1215 554 noxios
1250 502 1515 555 diversorum
1552 503 1766 556 scelerum
1811 505 1987 557 diversis
2034 507 2146 560 sen--

398 578 545 638 tentiis
581 575 809 625 refraen'ari'
829 611 842 623 .
890 577 952 624 Et
986 577 1092 643 quia
1127 575 1374 624 audivimus
1419 573 1628 642 quosdam
1678 580 1911 629 Laicorum
1959 579 2129 630 nefario

296 647 398 712 ausu
433 665 501 696 res
537 646 864 696 Ecclefiasticas
901 644 986 695 suis
1034 645 1175 695 usibus
1210 644 1460 715 applicuiffe
1494 684 1507 707 ,
1559 652 1602 697 δε
1638 649 1793 714 injusto
1829 652 2045 700 Dominio
2080 652 2128 699 in

290 718 416 788 suum
452 735 563 786 opus
598 715 816 767 retinuisse
848 716 1077 777 ‚idcirco
1111 716 1377 776 omnimodis
1413 716 1694 785 prohibemus
1730 756 1742 779 ,
1775 734 1825 768 ut
1859 736 1990 769 nemo
2023 723 2126 771 Lai-

288 807 449 839 ›corum
486 787 730 838 Abbatiam
762 787 1080 838 Monachorum
1115 824 1128 848 ‚
1177 790 1248 837 vel
1297 789 1573 838 Clericorum
1621 789 2090 840 Archidiaconatum..,
2110 827 2125 851 ‚

238 864 243 867 “
289 869 435 927 neque
472 860 802 927 Praepofituram
837 896 851 920 ,
900 859 970 908 vel
1017 859 1229 908 honorem
1285 858 1553 927 Presbyterii
1587 896 1601 920 ,
1649 862 1718 909 vel
1772 860 1960 910 Sacristae
1993 898 2007 922 ‚
2053 859 2126 911 seu

294 929 491 994 Magistri
527 930 691 981 Scholae
729 967 743 992 ‚
791 946 934 997 neque
983 930 1095 979 ullos
1131 927 1317 980 honores
1363 928 1421 979 ad
1466 934 1532 995 jus
1578 931 1826 997 praedidstum
1862 933 2125 999 pertinentes

286 1002 400 1052 ‘aufit
424 999 507 1050 suis
534 1001 675 1050 ufibus
708 1003 893 1053 retinere
918 1037 932 1050 .
970 1003 1027 1050 Et
1054 1000 1086 1050 fi
1108 999 1262 1053 fecerit
1289 1037 1302 1062 ‚
1340 1003 1782 1053 excommunicationi
1808 1001 2054 1069 subjaceat.
2087 1035 2094 1045 e

291 168 374 224 33?>
398 206 402 208 μ

1242 1148 1402 1183 violenter
1413 1148 1475 1182 isto
1487 1149 1603 1184 saeculo
1615 1149 1810 1196 redigebant
1823 1151 1858 1185 in
1878 1152 1970 1186 suam
1995 1150 2126 1186 servitu-

1225 1192 1309 1269 stem
1336 1208 1434 1243 atque
1455 1199 1656 1242 utilitatem,
1682 1200 1742 1235 fibi
1768 1211 1826 1235 aut
1849 1202 1913 1235 suis
1924 1202 2000 1236 filiis
2022 1202 2127 1236 trade-

1243 1249 1323 1283 bant
1348 1250 1384 1282 in
1405 1248 1649 1285 Commendam
1669 1275 1681 1292 ,
1715 1251 1749 1285 ὅς
1772 1250 1948 1286 utebantur
1970 1262 2125 1294 tanquam

389 1301 438 1335 Ti
461 1300 601 1338 Carolus
636 1300 811 1336 Martellus
831 1325 843 1341 ,
877 1299 912 1333 &
949 1299 1082 1343 quidam
1105 1299 1176 1343 post
1246 1299 1405 1343 propriis:
1432 1298 1607 1334 Praesertim
1620 1300 1707 1341 illis,
1734 1312 1875 1345 quorum
1896 1301 2041 1345 ipsorum
2054 1301 2127 1334 Ma-

415 1352 519 1395 ipsum
541 1351 653 1396 Reges
677 1374 689 1391 ,
715 1351 827 1384 Duces
852 1350 887 1385 &
912 1349 1063 1383 Comites
1100 1349 1179 1392 Epi·
1244 1349 1330 1391 jores
1353 1348 1538 1384 serebantur
1557 1351 1652 1386 fuisse
1688 1350 1896 1386 Fundatores
1916 1377 1924 1384 .
1953 1351 2125 1395 Exemplis

291 1402 440 1443 scopatus
465 1424 476 1439 ‚
505 1399 687 1436 Abbatias,
713 1400 852 1441 ipsarum
881 1397 993 1431 Cellas
1017 1398 1089 1436 ‚'&
1114 1397 1177 1430 alia
1246 1396 1519 1439 variishoesupra
1530 1400 1778 1441 ostensui-nest,
1801 1401 1907 1438 &suo
1926 1401 2125 1435 adhucloeo

291 1450 466 1494 pinguiora
491 1442 677 1484 Sacerdoti'a
705 1471 715 1486 ,
752 1447 796 1482 ita
827 1445 999 1487 inferiores
1024 1444 1177 1481 Proceres
1244 1443 1499 1480 ostendendum.
1526 1446 1896 1493 Haecigitursacrilegia
1909 1450 2042 1492 praesens
2061 1449 2128 1485 Ca-

290 1512 327 1533 ac
341 1500 507 1541 Pagorurn
534 1497 635 1531 etiam
646 1494 831 1528 Domicelli
848 1492 1174 1533 ,mehidiaconatuffi
1244 1506 1314 1528 non
1324 1494 1494 1537 proscribit
1521 1495 1554 1528 ὅ(
1568 1495 1705 1529 damnat
1717 1519 1725 1528 .

291 1546 501 1584 Parochiales
514 1545 693 1585 Ecclefias,
718 1544 753 1579 &
765 1542 829 1578 alia
842 1541 877 1576 id
889 1552 996 1588 genus
1013 1542 1173 1577 beneficia
1189 1569 1193 1586 ι

482 1157 990 1200 SeuoLION.

579 1756 1518 1865 CANON
1665 1756 1834 1841 IX.

393 1948 658 2020 Raecipimus
693 1960 871 2012 quoque
906 1958 955 1991 ut
991 1941 1133 1990 nullus
1170 1942 1400 1993 Laicorum
1436 1941 1606 2010 aliquid
1642 1940 1846 2011 suscipere
1882 1941 2038 1992 audeat
2061 1943 2118 1994 de

427 2018 552 2068 rebus
606 2031 681 2066 aut
727 2013 971 2063 substantiis
1020 2011 1321 2062 defunstorum
1347 2049 1360 2073 ‚
1414 2012 1492 2061 nifi
1527 2029 1741 2080 quantum
1777 2013 1857 2081 ipsi
1890 2012 2079 2063 defundii
2101 2051 2115 2075 ‚

291 2088 502 2142 adhibitis
538 2087 707 2137 idoneis
743 2084 920 2133 testibus
954 2120 967 2143 ‚
1015 2086 1062 2132 in
1097 2086 1191 2133 vita
1226 2082 1299 2133 sua
1333 2081 1679 2134 ordinaverint:
1729 2089 1822 2135 Aut
1856 2083 1888 2133 fi
1923 2084 2116 2135 intestati

292 2162 481 2211 obierint
507 2195 520 2218 ,
557 2156 613 2206 ad
648 2156 824 2203 libitum
859 2154 1208 2217 propinquorum
1244 2153 1459 2217 haeredum
1494 2152 1786 2222 dividantur,

1247 2286 1309 2330 fuis
1329 2291 1374 2319 ita
1398 2298 1432 2322 ut
1453 2291 1565 2322 vellent
1584 2289 1759 2332 disponendi
1782 2316 1789 2322 .
1819 2292 1863 2325 Et
1885 2291 2119 2326 conditionum

1248 2348 1348 2372 unam
1360 2337 1469 2380 prodit
1490 2338 1524 2372 in
1537 2338 1682 2373 Neronis
1699 2339 1844 2382 Augusti
1869 2341 1934 2373 vita
1945 2342 2120 2377 Svetonius

1247 2386 1487 2431 Tranquillus:
1515 2391 1596 2421 Nero
1606 2389 1729 2429 instituit
1740 2395 1773 2420 ut
1782 2393 2010 2432 ingratorumm
2033 2394 2121 2425 prm.
2140 2385 2198 2416 Lib.
2222 2390 2251 2416 6.

1246 2444 1341 2480 cipem
1350 2437 1522 2477 testamenta
1532 2439 1576 2471 ad
1578 2436 1681 2481 fiscum
1700 2443 1907 2480 pertinerent,
1935 2441 2015 2474 &ne
2025 2445 2120 2483 impu·
2137 2436 2250 2464 emp*

1248 2490 1284 2522 ne*
1295 2487 1494 2531 effetstudiqst's
1499 2490 1582 2528 juris
1590 2513 1600 2529 ,
1610 2494 1662 2531 qui
1667 2487 1838 2532 firipfiffint
1848 2500 1885 2522 ea
1895 2491 1948 2523 vel
1957 2490 2119 2534 didJaffent.

1246 2539 1337 2573 Etin
1348 2539 1516 2573 Antonini
1536 2537 1732 2585 Philosophi
1755 2539 1821 2573 vita
1843 2538 1947 2581 Julius
1959 2540 2119 2584 Capitoli.

1244 2600 1304 2622 nus
1318 2602 1329 2622 :
1357 2592 1451 2632 Leges
1468 2587 1591 2622 addidit
1611 2590 1651 2624 de
1661 2587 1800 2634 vigelt’ma
1816 2588 2027 2623 haereditatum
2038 2615 2045 2622 .
2073 2592 2118 2625 Et
2267 2622 2272 2627 .

1241 2638 1282 2672 de
1308 2638 1486 2673 Antonino
1513 2639 1739 2684 Heliogabalo
1766 2638 1882 2673 AElius
1907 2641 2115 2683 Spartianus:
2137 2619 2206 2697 gg:
2225 2629 2271 2688 ἔξ

1243 2690 1293 2723 Ad
1312 2688 1480 2731 vigefimam
1500 2687 1710 2723 haereduatam
1731 2691 1890 2727 Mulionem
1899 2696 2002 2728 eierare
2017 2692 2114 2731 Juffit.

488 2299 986 2344 SCHOLION.
1193 2273 1201 2339 l

294 2455 309 2461 ’“
371 2447 449 2481 llios
473 2445 508 2479 in
529 2450 698 2487 parentum
722 2439 810 2474 bona
822 2436 986 2472 succedere
1010 2438 1044 2472 &
1068 2447 1180 2472 natura

300 2448 367 2533 F
394 2495 529 2531 mandat
554 2494 587 2528 δε
609 2491 658 2534 jus
670 2492 838 2535 gentium.
866 2487 914 2523 At
934 2486 1009 2522 vero
1027 2489 1062 2522 in
1081 2498 1181 2523 extra-

303 2558 383 2583 neos
403 2545 569 2584 testandi,
595 2540 724 2587 legandi
741 2566 752 2581 ,
778 2550 834 2575 aut
859 2550 913 2582 per
935 2539 1082 2582 quamvis
1109 2538 1184 2573 ulti-

303 2609 391 2633 mam
406 2597 612 2631 voluntatem
625 2592 666 2626 de
677 2591 739 2626 suis
755 2590 852 2625 bonis
866 2589 1060 2632 disponendi
1083 2588 1182 2623 facul-

302 2658 404 2682 tatem
427 2646 578 2680 Gentiles
599 2644 830 2677 Romanorum
861 2639 1028 2682 Principes
1053 2640 1183 2674 censue·

300 2707 381 2733 runt
406 2698 469 2730 effe
494 2696 589 2729 suum
609 2691 827 2726 beneficium.
855 2689 950 2723 Mors
964 2688 1052 2722 enim
1078 2691 1182 2724 aufert

303 2747 491 2782 dominium
515 2770 525 2785 ‚
550 2744 583 2781 ὃς
609 2741 837 2776 decedentium
864 2739 951 2773 bona
977 2737 1120 2774 devolvit
1146 2741 1180 2774 in

304 2806 515 2832 communem
538 2792 698 2831 mundum
723 2817 734 2832 ,

305 2849 347 2881 de
362 2847 432 2889 ipsis
442 2844 587 2879 arbitrari
612 2841 827 2877 &ordinare.
854 2838 956 2884 Apud
981 2840 1084 2883 plures
1109 2840 1184 2875 Bar-

308 2896 401 2931 baras
421 2896 544 2930 Gentes
574 2893 703 2928 nullum
725 2892 789 2927 fuit
810 2890 859 2934 jus
870 2889 1066 2925 extremaein
1082 2899 1184 2925 extra·

309 2959 389 2981 neos
410 2944 603 2980 voluntatis.
632 2943 676 2977 Et
699 2942 744 2976 ita
764 2942 945 2976 etiamnum
965 2941 1010 2974 est
1026 2941 1110 2983 apud
1128 2952 1182 2974 no·

308 2997 389 3030 ssros
411 2997 445 3030 in
458 2995 577 3040 Belgio
598 2992 820 3027 Geldrienses.
848 2989 983 3025 Ethinc
1003 3001 1070 3024 tam
1092 2988 1184 3024 Chri-

311 3046 408 3080 stiani
435 3046 531 3089 quam
554 3043 707 3079 Gentiles
728 3043 959 3077 Romanorum
973 3040 1184 3083 Imperatores

282 3114 283 3117 ¹
312 3096 400 3130 istud
420 3096 469 3139 jus
492 3095 555 3129 suis
583 3093 710 3138 populis
720 3092 879 3127 dederunt
900 3090 958 3129 sub
969 3091 1064 3124 variis
1076 3089 1185 3124 condi·

312 3146 480 3186 tionibus,
505 3146 539 3179 δε
563 3144 710 3189 quaedam
733 3142 779 3177 ob
802 3141 941 3176 crimina
964 3141 1033 3184 ipso
1045 3142 1186 3184 privave-

314 3207 390 3229 runt
411 3220 418 3228 .
445 3195 562 3230 Scribit
585 3193 793 3237 Nicephorus
817 3192 989 3226 Calixtus:
1018 3194 1183 3225 Antoninus

318 3249 392 3278 Pius
405 3270 415 3285 ,
441 3246 583 3288 abrogata
593 3249 687 3277 veteri
698 3247 767 3275 Caii
771 3246 803 3287 J
805 3244 859 3275 ulii
871 3240 1001 3284 Caesaris
1019 3242 1079 3284 lege
1089 3266 1099 3282 ,
1125 3253 1185 3284 qua

317 3297 466 3328 Senatorio
475 3302 541 3329 viro
559 3295 595 3328 de
605 3294 686 3327 bonis
704 3292 769 3336 suis
789 3292 889 3333 testari
910 3303 967 3325 non
988 3291 1182 3335 permiserat,

141 3183 201 3213 Lib.
231 3193 256 3220 3.

140 3231 254 3265 cap-31.

318 3343 372 3384 nisi
381 3346 540 3377 dimidiam
550 3355 647 3378 eorum
653 3350 774 3384 partem
786 3366 796 3381 ,
821 3347 873 3384 qui
891 3350 947 3382 pro
965 3349 1088 3383 tempore
1099 3342 1187 3384 futu·

317 3408 370 3427 rus
381 3395 464 3438 esset,
492 3397 623 3436 Principi
641 3395 817 3434 relinqueret
829 3415 840 3430 ,
867 3391 999 3424 omnibus
1017 3399 1073 3432 per
1090 3390 1184 3431 consti-

320 3450 456 3480 tutionem
480 3445 561 3479 dedit
582 3444 705 3479 liberam
726 3440 896 3485 potestatem
931 3443 968 3476 de
987 3440 1185 3484 facultatibus

773 2790 910 2832 ideoque
945 2789 1104 2832 Principis
1136 2789 1188 2830 est*

1243 2740 1294 2773 Ex
1305 2750 1371 2781 quo
1381 2739 1474 2773 fonte
1486 2737 1694 2783 Nicephorus
1709 2739 1768 2774 ista
1790 2736 1950 2781 hauserit,
1977 2741 2114 2785 ignoro:

1242 2789 1338 2823 Istius
1358 2788 1432 2823 sane
1453 2799 1506 2832 per
1527 2790 1650 2833 Julium
1660 2790 1818 2824 Caesarem
1830 2790 1866 2823 in
1886 2790 2117 2825 Senatoresin·

1242 2838 1353 2879 ducti,
1379 2849 1435 2874 aut
1446 2838 1502 2883 pei·
1514 2839 1727 2874 Antoninum
1749 2839 1846 2873 Pium
1870 2838 2020 2875 exstinsti
2041 2850 2122 2876 one·

1242 2888 1285 2923 ris
1297 2900 1395 2924 nemo
1407 2890 1568 2924 Romanae
1581 2889 1735 2924 Historiae
1746 2888 1954 2925 authenticus
1974 2891 2118 2934 Scriptot

1243 2941 1393 2983 meminit
1418 2965 1425 2973 .
1454 2940 1497 2972 Et
1517 2939 1624 2974 statim
1645 2940 1836 2974 adducenda
1855 2940 1945 2974 aliud
1980 2940 2118 2975 demon·

1244 2988 1389 3024 strabunt
1403 3015 1411 3023 .
1437 2990 1609 3038 Qidquiol
1623 2990 1659 3023 lit
1671 3014 1682 3030 ,
1708 2990 1839 3024 firmato
1858 2989 2000 3035 Augusti
2022 2991 2118 3025 Osta-

1244 3040 1333 3073 viani
1354 3040 1497 3084 Imperio
1517 3035 1626 3075 omn'is
1646 3039 1753 3074 statim
1767 3040 1905 3084 populus
1925 3039 2119 3085 coepitaded

1244 3088 1367 3124 adulari
1403 3114 1416 3131 ,
1452 3099 1490 3124 ut
1524 3090 1642 3124 scribat
1679 3100 1877 3125 memoratus
1913 3091 2085 3125 Svetonius
2106 3103 2118 3124 .-
2140 3114 2192 3144 Lib
2226 3125 2240 3143 ι

1246 3142 1391 3174 Nonnulli
1404 3143 1534 3174 Panum
1550 3139 1743 3182 familiarum
1765 3140 1932 3182 testamento
1950 3148 2116 3178 caverunt,
2138 3136 2252 3192 39:59:

1243 3199 1276 3223 ut
1297 3189 1337 3223 ab
1358 3189 1528 3224 baeredibus
1543 3190 1610 3234 suis
1624 3217 1635 3233 ,
1657 3192 1785 3233 praelato
1796 3191 1932 3225 Vifflmae
1951 3190 2038 3222 titulo
2051 3213 2062 3229 ‚
2086 3195 2120 3222 in

1246 3242 1427 3282 capitolium
1440 3243 1636 3282 ducerentur,
1662 3250 1819 3284 votumque
1825 3249 1883 3282 pro
1896 3236 2119 3281 fhfhlveretur,

1246 3291 1326 3333 quod
1349 3289 1532 3334 superstitem
1553 3290 1707 3336 Augustum
1722 3290 1914 3334 reliquiffent.
1943 3288 1987 3322 Et
1999 3289 2121 3323 exinde

1248 3341 1387 3374 invaluit
1413 3352 1484 3375 mos
1502 3364 1513 3379 ‚
1549 3353 1616 3384 quo
1642 3342 1779 3385 quisque
1810 3338 1964 3372 moriens·
1996 3338 2120 3372 Princi-

1248 3402 1319 3434 pem
1335 3390 1445 3434 legato
1458 3391 1568 3434 aliquo
1579 3401 1675 3435 atque
1685 3389 1797 3434 elogio
1808 3386 1998 3422 honoraret.
2026 3388 2121 3422 Hinc

1248 3440 1287 3476 de
1308 3439 1457 3476 defuncta
1480 3441 1575 3485 Junia
1587 3466 1599 3485 ,
1627 3439 1725 3476 Caffii
1745 3450 1847 3475 uxore
1864 3462 1877 3481 ‚
1905 3439 2011 3475 sorore
2033 3438 2122 3472 Mara

1745 3498 1751 3502 ’
2010 3509 2013 3512 s
2041 3499 2074 3523 ci
