2366 3756
946 143 1436 191 131cTA10-s,

95 233 153 260 1112·
178 241 223 267 04
275 230 498 266 Ecclesiastica
513 225 1053 269 HistorialautiatTlieodoretus.
1083 225 1165 259 Late

274 281 342 320 ‚haec
367 280 465 315 habes
486 282 520 314 in
544 279 611 323 ejus
625 279 742 312 litteris
763 275 803 311 ad
817 276 1004 321 Augustum
1017 275 1163 309 Michae-

272 333 357 365 lem.
388 331 432 366 Et
442 330 555 371 omnia
578 331 645 372 ejus
659 328 743 362 Atta
766 327 800 360 &
814 325 937 369 Scripta
951 326 1161 359 confirmavit

272 384 424 416 octavum
449 379 664 418 Concilium,
691 386 912 411 convocatum
934 373 975 411 ad
1005 375 1061 409 illa
1080 377 1163 410 exse·

273 432 403 475 quenda
426 431 537 476 potius
552 455 563 471 ,
586 428 683 473 quam
706 424 924 461 retrastanda.
955 426 1047 472 Qin
1070 426 1104 467 ὃς
1122 425 1162 459 de

273 482 442 528 Gregorio
469 479 606 521 Asbesta
640 476 899 520 Archiepiscopo
936 477 1162 519 Syracusano,

274 532 453 575 Eulampio
478 529 563 575 apud
574 526 740 571 Bithynos
756 526 949 569 Apameensi
978 526 1162 569 Episcopo,

273 583 309 617 &
324 582 423 616 Petro
449 579 652 617 Sardenfium
672 577 757 620 apud
783 577 898 619 Lydos
922 576 1162 619 Metropolim,

274 644 329 676 per
352 631 522 666 laudatum
544 625 763 665 Patriarcham
787 627 954 671 Ignatium
978 626 1163 665 damnatis,

271 682 313 716 ad
337 680 539 725 Stephanum
562 682 688 714 sextum
701 676 898 711 Pontificem
913 677 1032 719 scripsit
1045 676 1164 719 Stylia-

273 744 334 766 nus
350 732 472 775 Mappa
485 757 495 772 ‚
523 732 557 765 in
576 728 752 763 Eufratefia
774 726 950 761 Provincia
968 725 1163 769 Metropoli-

273 792 306 815 ta
330 780 628 822 Neo-Caesareenfis
650 792 661 812 .-
690 782 868 821 Gregorius,
898 777 1101 818 Eulampius,
1129 777 1163 809 <9⁶

274 835 382 876 Petrus
395 836 523 875 Legatos
546 830 615 874 suos
636 839 699 862 cum
711 829 820 862 litteris
833 826 1090 870 adsanc‘liffimum
1103 827 1162 858 Pa-

268 890 347 925 pam
370 886 538 917 Romanum
561 883 686 919 Leonem
710 889 859 922 quartum
881 874 1022 920 miserunt
1045 900 1056 916 ,
1081 876 1163 909 illum

268 930 322 973 fibi
335 956 345 972 ,
371 943 406 965 ac
413 930 444 972 fi
459 932 547 974 essent
565 929 644 971 laest‘,
671 929 790 970 ultorem
809 937 946 970 petentes
959 950 966 958 .
998 928 1086 967 Papa
1098 927 1162 968 ergo

273 983 358 1023 datis
381 982 424 1014 ad
434 986 584 1025 Ignatium
606 981 722 1014 litteris
736 979 831 1013 voluit
843 1000 852 1016 ‚
877 984 911 1009 ut
922 974 1104 1009 patriarcba
1111 974 1163 1017 suo

273 1037 388 1075 ¹nomine
414 1035 564 1075 Legatum
587 1033 714 1068 Romam
738 1027 897 1067 destinaret
910 1050 920 1065 ,
944 1033 998 1067 per
1019 1035 1105 1067 quem
1126 1025 1163 1057 de

273 1081 526 1125 schismaticorum
549 1077 636 1122 causa
656 1076 832 1122 cognosceret
849 1101 856 1108 .
884 1080 951 1114 Nec
962 1077 1014 1109 diu
1032 1082 1160 1111 moratus

276 1131 482 1173 PatrIarcha‚
511 1135 666 1170 Lazarum
687 1126 888 1164 Monachum,
917 1127 951 1169 <ir
970 1125 1041 1167 fidei
1055 1123 1162 1167 confes-

268 1182 348 1225 fione
370 1184 480 1221 clarum
492 1204 502 1221 ,
527 1187 578 1224 qui
601 1184 721 1218 omnia,
748 1174 813 1220 qu‘ae
837 1177 881 1207 ad
892 1178 1152 1219 Gregoriumpcrti

276 1233 412 1272 nebant,
442 1234 550 1274 optime
573 1235 696 1263 noverat
716 1251 727 1268 ,
752 1236 817 1262 cum
840 1225 952 1264 litteris
977 1224 1052 1266 mifit
1076 1248 1087 1264 ,
1114 1231 1165 1267 qui

277 1286 374 1325 Papae
396 1281 512 1323 causam
541 1281 700 1323 diligenter
728 1274 861 1319 exposuit
887 1298 897 1308 .
924 1273 1030 1309 Addit
1057 1274 1162 1308 Sancti

277 1332 400 1377 ignatii
422 1331 463 1369 de
485 1329 555 1374 ipsis
567 1328 727 1372 judicium
749 1327 843 1361 fuisse
867 1326 1030 1359 firmatum
1052 1324 1069 1358 a
1084 1326 1166 1359 Leo·

276 1394 338 1422 ne,
366 1382 506 1426 ideoque
519 1380 590 1424 ipso
603 1379 756 1418 defuncto
778 1376 856 1417 istos
870 1376 985 1417 iterum
996 1375 1165 1420 appellasse

275 1434 317 1468 ad
341 1433 549 1466 successorem
579 1429 792 1464 Benedistum
816 1428 971 1468 tertium,
996 1427 1118 1471 petiiffe
1131 1437 1166 1460 ac

276 1483 460 1525 impetrasse
482 1483 541 1518 suas
554 1480 653 1515 causa:
670 1480 933 1514 retraetationem
947 1503 958 1520 ,
984 1478 1167 1521 iterumque

278 1532 372 1566 fuisse
393 1532 587 1569 damnatos.
616 1530 730 1567 Exstat
753 1528 903 1573 Epistola
929 1529 999 1574 post
1013 1530 1165 1562 ostavum

275 1581 472 1625 synodum.
501 1581 715 1625 Demonstrat
742 1578 913 1614 Romanas
932 1577 1168 1621 appellationes

276 1631 451 1667 liberrimis
463 1630 601 1674 pedibus
622 1641 702 1664 tunc
720 1628 898 1662 ambulasse
913 1626 998 1669 apud
1011 1626 1144 1660 Graecos
1153 1649 1165 1666 ,

275 1681 423 1722 ipsasque
443 1690 511 1713 non
523 1679 563 1713 ad
586 1677 749 1723 generalia
763 1675 919 1711 Concilia
932 1700 942 1716 ,
969 1674 1022 1710 sed
1046 1676 1168 1719 semper

274 1730 371 1765 fuisse
398 1727 577 1771 interjectas
602 1727 643 1761 ad
676 1727 783 1761 solum
810 1726 1001 1763 Romanum
1031 1726 1164 1769 Episco·

275 1791 356 1824 pum
374 1803 380 1810 .
408 1779 452 1812 Et
475 1777 550 1812 sane
572 1776 750 1816 miseranda
763 1787 801 1814 ac
821 1775 948 1810 turbida
961 1775 1046 1810 foret
1057 1774 1167 1810 Eccle-

277 1830 330 1863 fiae-
349 1827 542 1864 Hierarchia
558 1850 570 1869 ‚
593 1826 615 1859 fi
629 1826 769 1870 cujusvis
792 1826 924 1870 Eiscopi
938 1826 1091 1861 Romana
1115 1837 1167 1870 ap·

276 1879 413 1923 pellatio
435 1887 566 1922 cogeret
588 1875 628 1911 ad
640 1875 791 1922 generale
812 1875 1004 1910 Concilium
1019 1899 1027 1907 .
1055 1876 1165 1910 Etiam

278 1931 432 1965 sanctum
444 1926 671 1970 Nicephorum
684 1925 904 1968 Patriarcham
927 1925 1166 1960 Constantino-

277 1979 488 2023 politanum‚
513 1978 554 2011 ab
567 1978 760 2020 Imperatore
783 1977 895 2012 Leone
920 1974 1081 2010 Armenio
1105 1974 1166 2018 eje-

277 2031 365 2062 ssum
380 2053 389 2069 ‚
415 2027 584 2072 appellasse
607 2027 647 2062 ad
670 2026 791 2070 Papam
815 2049 826 2066 ‚
852 2026 1011 2070 ipsiusque
1034 2025 1069 2059 in
1096 2036 1166 2068 pro-

275 2078 439 2123 sequenda
464 2077 683 2122 appellatione
695 2076 857 2121 Legatum
878 2075 972 2111 fuisse
995 2077 1138 2108 sanstum
1155 2097 1165 2112 ,

278 2138 360 2166 tunc
381 2128 488 2163 adhuc
512 2125 719 2161 Monachum
745 2149 756 2164 ,
782 2124 890 2166 postea
916 2122 1162 2162 Patriarcham,

278 2178 496 2212 Methodium
520 2176 669 2212 adfirmat
691 2173 855 2217 Georgius
877 2170 1061 2208 Cedrenus.
1088 2172 1165 2206 Plu-

278 2229 361 2260 rima
379 2227 451 2260 sunt
470 2225 618 2268 exempla
632 2251 639 2259 .

330 2277 440 2310 Etiam
463 2276 503 2309 de
515 2277 581 2318 ipso
594 2273 759 2309 schimatis
777 2274 904 2308 austere
916 2272 1041 2308 Photio
1059 2297 1070 2313 ,
1095 2272 1164 2306 Ro-

279 2336 412 2361 manam
437 2326 540 2359 Sancii
564 2324 685 2370 Ignatii
702 2324 954 2367 appellationem
979 2325 1048 2358 fore
1069 2323 1165 2367 tragi-

278 2387 353 2412 cam
376 2384 543 2409 metuente
560 2399 571 2416 ,
596 2374 705 2409 scribit
726 2374 860 2409 Nicetas
884 2371 1054 2418 Paphlago
1068 2387 1079 2406 .·
1107 2376 1164 2406 Le-

276 2432 428 2472 gationem
454 2427 487 2460 &⁸
509 2426 556 2458 ille
582 2430 706 2458 Romam
733 2432 865 2458 veterem
891 2422 1018 2465 destinat
1041 2447 1052 2464 ,
1079 2424 1113 2456 (θ’
1139 2425 1159 2455 ἃ

281 2477 405 2510 Nicolao
426 2476 565 2518 Pontifice
579 2479 706 2518 Legatos
723 2479 821 2515 petit,
845 2477 899 2515 qui
921 2471 1087 2515 inspeciem
1100 2478 1164 2513 qui-

282 2529 351 2560 dem
361 2525 516 2568 collapsam
528 2524 659 2566 Ecclesiae
671 2522 859 2566 disciplinam
871 2523 1028 2556 emendent
1041 2547 1051 2563 ,
1075 2534 1158 2557 reve-

281 2579 319 2609 ra
343 2585 443 2609 autem
471 2583 504 2608 ut
528 2579 672 2608 Romanae
695 2572 828 2615 Ecclefiae
852 2573 1029 2606 aui‘loritate
1050 2577 1162 2616 Ignatii

282 2625 548 2660 examinationem
564 2625 724 2666 firmaret,
749 2623 980 2665 testatioremque
1000 2624 1158 2656 redderet.

282 2674 387 2710 Sansti
408 2674 528 2719 Ignatii
550 2674 802 2718 appellationem
823 2673 968 2707 frustrare
982 2697 992 2713 ,
1019 2672 1054 2706 &
1073 2674 1162 2706 suam

283 2725 493 2759 intrusionem
522 2735 658 2770 purgare
679 2733 735 2758 aut
747 2725 856 2757 fucare
868 2723 991 2756 studuit
1004 2723 1088 2766 apud
1102 2723 1164 2756 Ni-

285 2774 416 2808 colaum
428 2774 646 2815 Pontificem,
674 2775 777 2807 sciens
798 2774 832 2806 in
846 2773 948 2816 ipsum
962 2772 1138 2807 succeffiffe
1151 2797 1161 2812 ,

285 2825 319 2857 &
336 2824 370 2858 in
391 2824 458 2866 ipso
469 2823 600 2858 residere
612 2825 800 2867 potestatem
814 2848 824 2864 ,
852 2833 950 2866 quam
964 2822 1062 2857 Petro
1069 2822 1160 2857 dedit

284 2874 473 2908 Dominus:
501 2872 777 2916 Confirmaf'ratres-
787 2883 868 2907 tuos.
897 2873 991 2920 Qin
1013 2873 1046 2908 &
1058 2872 1098 2907 de
1112 2884 1163 2906 eo-

284 2925 359 2958 dem
383 2935 438 2967 per
451 2923 681 2967 Imperatorem
691 2925 838 2959 Leonem
852 2921 1091 2966 Philosophum
1103 2922 1161 2964 eje-

286 2977 338 3009 ἂο
358 2973 469 3007 scribit
481 2973 606 3007 Austor
626 2974 814 3019 incognitus
837 2974 870 3007 &
883 2972 1163 3007 Schismaticusde

285 3024 417 3067 origine
439 3024 573 3057 Haeresis
595 3022 681 3066 apud
692 3023 846 3059 Latinos:
873 3024 931 3056 Sub
954 3028 1080 3065 Imperio
1092 3027 1164 3056 Leo-

284 3079 334 3107 nis
340 3071 489 3115 sapientis
513 3072 611 3115 asolio
624 3074 824 3108 Patriarchali
843 3073 1163 3115 Constantinopolitano
1189 3103 1191 3105 .

285 3133 382 3156 motus
408 3121 445 3162 est
456 3125 603 3155 Dominus
618 3122 739 3156 Photius
766 3123 946 3158 Patriarcha
956 3148 967 3164 ‚
994 3125 1028 3158 &
1041 3128 1165 3157 Romam

284 3175 435 3206 advolans
447 3196 458 3212 ‚
486 3183 551 3205 cum
572 3173 617 3204 ad
634 3173 687 3205 iila
698 3171 786 3216 usque
811 3182 942 3216 tempora
953 3175 1113 3215 appellatio
1124 3174 1167 3205 ad

286 3227 404 3265 Papam
420 3221 568 3266 spellaret
583 3246 594 3262 ,
617 3221 784 3263 postulabat
806 3232 838 3256 ut
859 3233 911 3266 ope
935 3224 1012 3256 illius
1024 3229 1055 3256 in
1066 3222 1165 3266 sedem

283 3273 503 3313 restitueretur.
531 3273 574 3305 Et.
587 3270 735 3306 adfirmat
746 3273 839 3307 fuisse
858 3275 1062 3308 restitutum.
1091 3273 1164 3306 Scio

283 3323 526 3358 schismaticum
548 3322 731 3356 Graeculum
751 3323 888 3367 nugari:
916 3324 1064 3367 Ejedium
1076 3323 1164 3357 enim

284 3372 445 3407 Photium
457 3373 527 3408 Leo
541 3370 709 3417 Augustus
722 3373 812 3406 firme
824 3373 936 3408 clausit
950 3375 984 3407 in
997 3373 1166 3408 Monaste-

286 3424 353 3460 rio.
383 3424 426 3457 Et
440 3423 545 3466 ipsum
565 3424 663 3465 usque
677 3421 716 3458 ad
732 3432 868 3458 mortem
881 3422 1033 3459 Romana
1057 3422 1166 3458 Eccle-

386 3473 576 3515 cbristLupt·
588 3476 791 3516 Oper.Tom.V.

1944 159 2040 205 -277

1205 226 1265 274 gfia
1288 226 1474 261 constanter
1496 226 1667 262 damnavit
1691 252 1697 260 .
1724 227 1817 263 Hinc
1840 223 1971 263 interim
1993 230 2103 271 lucet,

1205 283 1208 318 a]
1225 276 1314 319 quod
1337 277 1437 310 etiam
1458 276 1653 312 schismatici
1673 279 1887 321 profiteantur
1905 278 2103 314 patriarcha-

1206 322 1297 368 {rum
1324 327 1358 366 ὃς
1378 329 1569 369 quorumvis
1597 328 1833 372 Episcoporum
1869 329 2102 372 appellationes

1205 369 1326 419 ¹usque
1348 386 1453 415 tunc,
1480 389 1548 414 non
1571 378 1612 412 ad
1636 377 1786 422 generale
1808 378 2021 420 Concilium,
2047 378 2102 414 sed

1226 426 1265 459 ad
1280 427 1453 459 Domnum
1466 425 1695 469 Apostolicum
1710 429 1803 462 fuisse
1822 428 2000 472 interjectas
2011 454 2018 462 .
2047 430 2105 463 Et-

1225 476 1313 508 enim
1337 476 1436 509 etiam
1449 476 1520 518 post
1533 475 1648 510 Photii
1669 488 1807 514 mortem
1818 478 2031 513 aPatriarcha
2042 477 2104 512 Ni-

1226 525 1321 559 colao
1332 525 1480 569 Mystico
1502 525 1546 560 ob
1558 536 1685 570 quartas
1696 528 1824 571 nuptias
1841 529 2105 564 excommunica-

1226 585 1277 611 tus
1301 575 1388 609 idem
1413 576 1592 618 Imperator
1613 577 1685 611 Leo
1703 577 1878 620 appellavit
1900 579 1940 612 ad
1962 579 2104 623 Papam,

1226 624 1353 665 fuitque
1373 624 1487 659 abillo
1508 626 1688 661 absolutus.
1717 627 1762 665 Et
1779 627 1820 661 de
1832 627 2026 671 Imperatore
2037 629 2105 666 Mi-

1225 672 1337 708 chaele
1361 673 1545 720 Paleologo
1559 699 1571 716 ,
1596 687 1695 719 quem
1716 678 2038 712 excommunicatum
2061 689 2104 717 re-

1226 735 1334 768 parare
1345 725 1552 766 pertinaciter
1562 724 1726 764 recusabat
1738 726 1922 762 Patriarcha
1936 728 2105 769 Arsenius,

1227 774 1336 812 scribit
1352 774 1516 820 Georgius
1527 774 1760 818 Pachymeres:
1788 776 1919 814 Michael
1932 778 1997 820 post
2020 778 2105 818 baeo,
2124 778 2183 810 Lib·
2194 790 2222 817 3-
2236 790 2263 813 c.

1226 825 1339 867 utique
1350 825 1450 870 longa
1475 824 1624 860 &multa
1644 826 1922 869 querimoniarum
1942 827 2104 868 lamenta,
2129 830 2172 855 ¹9·

1214 875 1391 915 ,declamata
1415 875 1568 917 addebat,
1590 873 1703 918 saepitis
1725 881 1862 917 iterans,
1888 882 2025 918 quoniam
2046 879 2108 912 Pa-

1226 924 1358 957 triarcba
1378 927 1485 967 palam
1511 935 1709 960 contemneret
1728 930 1864 960 Canones
1886 950 1897 966 ,
1923 927 1991 962 ,dari
2018 925 2107 969 lapsis
2150 931 2152 933 ’

1222 980 1432 1017 poenitentiam
1449 975 1590 1016 J‘ubentes
1613 1001 1624 1017 ,
1651 984 1769 1018 tempus
1793 976 1844 1019 effe
1872 978 2041 1011 recurrendi
2066 977 2110 1008 ad

1227 1026 1346 1065 Papam
1356 1029 1459 1069 Romae
1465 1024 1616 1068 sedentem
1628 1051 1639 1066 ,
1665 1027 1698 1060 (a
1707 1026 1746 1060 ab
1764 1038 1797 1060 eo
1802 1025 1975 1069 suppliciter
1982 1027 2108 1068 petendi

1223 1071 1355 1117 salutare
1374 1081 1487 1119 peccati
1505 1078 1666 1110 remedium
1680 1101 1687 1109 .
1713 1077 1876 1111 Lamenta
1886 1077 1941 1110 sua
1954 1076 2109 1120 Princeps

1227 1125 1359 1168 copiosa
1381 1125 1533 1158 oratione
1557 1128 1765 1171 exaggeravit
1777 1126 1862 1170 apud
1876 1138 1992 1161 omnes
2003 1127 2108 1169 Impe-

1228 1174 1267 1207 rii
1282 1173 1460 1219 Episcopos
1474 1198 1485 1214 ,
1512 1184 1609 1218 atque
1622 1174 1790 1217 adjunxit:
1818 1177 1893 1209 Aliae
1916 1178 1985 1209 aliis
1996 1181 2027 1208 in
2042 1177 2109 1209 locis
2126 1189 2158 1222 L'„
2167 1199 2196 1225 4·
2223 1199 2247 1222 c·
2259 1200 2284 1223 ι,

1227 1222 1362 1265 Ecclefiae
1377 1222 1469 1266 fient,
1494 1235 1546 1264 eas
1568 1224 1675 1265 adibo,
1700 1218 1748 1256 ab*
1763 1229 1806 1257 eis
1830 1230 2039 1265 poenitentiam
2055 1233 2112 1267 pe-

1227 1281 1314 1314 tam,
1341 1275 1375 1307 Θ·
1392 1272 1567 1316 consequar.
1592 1274 1743 1309 Minatur
1765 1273 1806 1308 ad
1828 1273 1952 1318 Papam
1975 1275 2110 1319 appella-

1229 1335 1281 1362 re,
1306 1324 1339 1358 &
1352 1334 1406 1367 per
1423 1321 1558 1358 schisma
1581 1321 1743 1366 suspensas
1760 1323 1994 1367 appellationes
2018 1325 2111 1362 redu-

1229 1385 1319 1415 cere,
1345 1384 1442 1418 atque
1460 1374 1506 1408 ita
1527 1372 1724 1414 schismatici
1736 1371 1868 1414 Arsenii
1890 1374 2044 1416 duritiem
2057 1386 2110 1409 co-

1231 1434 1323 1460 natus
1340 1424 1384 1459 est
1396 1426 1560 1461 emollire.

1278 1476 1399 1518 Papale
1414 1476 1690 1511 admittendarum
1711 1476 1729 1511 ὲ
1740 1486 1812 1513 toto
1833 1476 1911 1513 orbe
1923 1476 2115 1522 appellatio-⁴

1231 1536 1309 1558 num
1332 1525 1381 1567 jus
1406 1524 1451 1558 est
1463 1525 1542 1558 adeo
1564 1526 1730 1567 lucidum,
1756 1530 1838 1561 utin
1865 1528 1955 1562 libris
1965 1528 2006 1562 de
2019 1529 2114 1571 Papae

1229 1573 1370 1616 primatu
1395 1572 1509 1608 scribat
1530 1573 1630 1608 Nilus
1653 1574 1817 1610 Cabafilas
1839 1576 2113 1621 Archiepiscopus

1229 1622 1545 1658 Thessalonicensis:
1572 1627 1604 1658 si
1626 1626 1707 1668 quod
1712 1632 1948 1669 provocationem
1969 1634 2002 1661 in
2026 1628 2113 1662 rebus
2134 1620 2195 1657 Lib*
2204 1632 2231 1652 2·

1228 1672 1430 1715 Ecclefiasticis
1458 1674 1570 1707 babeat
1595 1699 1606 1716 ,
1632 1676 1738 1709 idcirco
1760 1679 1880 1719 Papam
1905 1676 2002 1720 censes
2021 1683 2114 1712 etiam

1230 1727 1388 1760 Dominum
1400 1749 1413 1766 ,
1437 1723 1514 1758 hanc
1529 1726 1594 1758 cnm
1605 1730 1695 1759 etiam
1710 1726 2049 1770 Constantinopolitanus
2058 1727 2114 1762 ba-

1228 1775 1315 1816 beat,
1334 1772 1395 1816 fint
1417 1778 1485 1820 ergo
1495 1777 1599 1810 eadem
1620 1781 1733 1811 ratione
1753 1778 1823 1810 alia*
1835 1778 1924 1811 sedes
1949 1780 2113 1821 Metropoli-

1229 1834 1311 1858 tanae
1331 1830 1359 1860 ei
1382 1824 1525 1868 subJec‘lae
1546 1852 1554 1859 .
1580 1829 1642 1860 Sed
1659 1838 1749 1870 neque
1774 1827 2112 1870 constantinopolitanun

1227 1887 1293 1909 eam
1305 1875 1340 1909 ob
1353 1874 1471 1919 causam
1482 1875 1847 1920 usurpat—iurisdifflonem
1859 1882 1891 1911 in
1902 1879 1971 1912 illas
1983 1901 1994 1918 ,
2018 1890 2113 1921 neque

1230 1928 1318 1966 Papa
1338 1925 1372 1958 ob
1383 1937 1448 1958 eam
1472 1930 1712 1972 Praerogativam
1722 1928 1803 1970 juste*
1823 1930 1953 1963 aliorum
1975 1931 2111 1963 Patriar-

1227 1974 1349 2008 charum
1363 1975 1505 2017 Ecclefias
1530 1977 1652 2011 turbare
1670 1977 1778 2020 potest.
1806 1982 1885 2022 Lege
1901 1983 2050 2012 canonem
2062 1990 2113 2012 no-

1227 2037 1304 2057 num*
1319 2031 1434 2068 quarta·
1456 2025 1637 2070 universalis
1660 2030 1764 2067 smodi
1789 2051 1801 2067 ,
1824 2036 1856 2061 ut
1879 2029 1985 2062 videas
2009 2030 2111 2062 Sedem

1226 2079 1319 2106 etiam
1341 2075 1697 2117 Constantinopolitanam
1719 2084 1960 2120 provocationem
1982 2078 2110 2113 habere.

1225 2123 1308 2154 Idem
1320 2123 1451 2155 decernit
1465 2130 1557 2156 etiam
1567 2126 1696 2157 decimus
1705 2126 1852 2167 septimus
1863 2127 1994 2169 ejusdem
2009 2130 2110 2166 synodi

1228 2176 1334 2206 Canon
1350 2197 1357 2204 .
1385 2171 1540 2216 Vt'gessmus
1563 2175 1635 2206 vero
1648 2174 1770 2208 octavus
1783 2174 1914 2217 eiusdem
1926 2177 2047 2219 synodi,
2075 2181 2111 2216 (5

1220 2220 1318 2264 sextae
1342 2220 1502 2265 trigesimus
1517 2221 1627 2265 sextus
1653 2247 1664 2262 ‚
1683 2223 1791 2267 eisdem
1814 2227 2034 2270 Praerogativis
2061 2229 2108 2261 dt-

1220 2280 1336 2315 gnatus
1364 2281 1518 2313 utramque
1529 2274 1654 2312 sedem,
1683 2274 1836 2316 manifeste
1857 2281 1949 2309 eiiam
1966 2285 2108 2319 provoca-

1225 2326 1333 2355 tionem
1346 2321 1683 2364 Constantinopolitanae
1704 2325 1773 2357 sedi
1786 2323 1890 2358 tribuit
1901 2352 1909 2358 .
1937 2326 1980 2361 Et
1994 2327 2104 2370 quoad

1225 2382 1371 2415 tempora
1393 2373 1426 2405 &
1439 2372 1546 2415 quoad
1571 2372 1643 2407 loca
1656 2373 1845 2409 universalis
1865 2375 1906 2409 ad
1928 2376 2034 2411 solum
2045 2378 2106 2412 Pa-

1226 2433 1301 2465 pam
1327 2422 1513 2464 appellandi
1535 2433 1607 2456 mos
1628 2423 1672 2457 est
1693 2423 1778 2458 adeo
1799 2424 1927 2459 lucidus
1948 2451 1960 2467 ‚
1985 2436 2022 2460 ut
2049 2426 2104 2462 hic

1229 2481 1367 2516 magnus
1394 2471 1428 2504 &
1454 2472 1601 2516 pertinax
1631 2471 1810 2508 schismatis
1837 2475 1963 2510 Dostor
1998 2477 2104 2520 ipsum

1228 2534 1296 2556 non
1321 2521 1485 2565 praesumat
1505 2521 1707 2558 devocarein
1728 2523 1865 2559 dubium
1878 2548 1889 2565 ,
1915 2526 1967 2560 sed
1979 2528 2108 2562 semeti-

1227 2573 1318 2615 psum
1340 2572 1533 2617 praecipitare
1554 2582 1690 2619 cogatur
1710 2574 1744 2607 in
1756 2575 1931 2610 ridiculum
1944 2587 2106 2612 errorem.

1228 2621 1422 2656 Universale
1447 2621 1653 2657 admittendae
1664 2625 1890 2668 appellationis
1900 2625 1949 2668 jus
1965 2637 2031 2659 non
2043 2627 2103 2660 soli

1226 2672 1318 2716 Papae
1332 2696 1343 2712 ,
1369 2672 1422 2707 sed
1444 2673 1542 2707 etiam
1555 2673 1927 2719 Constantinopolitano
1939 2676 2104 2720 Episcopo

1224 2731 1407 2766 competere
1427 2722 1576 2758 adfirmat
1601 2748 1612 2765 ,
1637 2732 1734 2768 atque
1757 2725 1803 2759 ita
1823 2725 1927 2770 ipsum
1948 2736 2018 2761 non
2040 2727 2106 2761 esse

1224 2773 1410 2807 universalis
1432 2773 1596 2808 Primatus
1629 2773 1840 2811 characterem
1859 2800 1867 2807 .
1896 2775 2008 2819 Urget
2032 2788 2106 2820 prae·

1224 2822 1331 2857 sertim
1355 2834 1482 2857 nonum
1505 2835 1543 2858 ac
1555 2823 1720 2858 decimum
1732 2825 1906 2868 septimum
1919 2824 2104 2874 Chalcedo-

1224 2873 1326 2906 nensis
1345 2873 1472 2917 Synodi
1499 2874 1657 2909 Canones
1670 2899 1681 2915 ‚
1707 2875 1763 2918 qui
1787 2874 1979 2910 damnatum
1998 2875 2017 2909 a
2030 2876 2105 2910 Me·

1223 2923 1378 2967 tropolita
1391 2924 1590 2967 Episcopum
1603 2934 1659 2959 aut
1670 2924 1834 2959 Clericum
1846 2925 2005 2968 appellare
2015 2937 2105 2959 man·

1224 2973 1303 3007 dant
1314 2982 1371 3007 aut
1383 2972 1423 3007 ad
1434 2971 1613 3008 Primatem
1630 2975 1837 3016 Dioeceseos,
1865 2982 1921 3008 aut
1931 2974 1971 3009 ad
1986 2973 2103 3010 Sedern

1224 3023 1435 3068 Regiaeurbis
1449 3024 1841 3068 Constantinopolitanae.
1870 3024 2018 3068 Exponit
2031 3025 2106 3060 Ma-

1223 3075 1327 3107 carius
1348 3074 1563 3118 Metropolita
1587 3073 1784 3116 Ancyranus
1806 3086 1813 3106 :
1840 3072 2008 3117 Subsecutis
2029 3083 2102 3108 tem·

1221 3122 1340 3164 poribus
1351 3128 1384 3156 in
1395 3130 1521 3167 quinque
1534 3122 1674 3166 Dioeceses
1686 3122 1840 3167 universus
1861 3133 2010 3158 terrarum
2022 3124 2101 3157 orbis

1224 3171 1339 3214 divisus
1351 3196 1361 3212 ,
1381 3173 1503 3216 singulis
1514 3184 1638 3216 quatuor
1653 3173 1768 3207 thronis
1779 3197 1789 3213 ,
1817 3174 1927 3217 utique
1940 3173 2102 3208 Constan-

1225 3222 1447 3265 tinopolitano
1466 3249 1477 3264 ‚
1505 3223 1731 3259 Alexandrino
1751 3250 1761 3265 ,
1790 3221 2007 3257 Antiocheno
2029 3247 2041 3264 ,
2066 3225 2102 3257 ὅς

1226 3273 1531 3316 Hierosolymitano
1554 3279 1572 3315 ,'
1593 3285 1701 3308 necnon
1727 3275 1762 3308 ό·
1784 3277 1915 3306 Romano
1938 3278 1972 3306 in
1994 3271 2101 3316 sortem

1225 3324 1314 3355 datus
1350 3323 1387 3362 est
1414 3349 1422 3356 .
1461 3328 1507 3357 Et
1541 3336 1580 3358 ex
1623 3324 1671 3358 bis
1712 3321 1910 3367 unusquisque
1954 3324 2101 3356 traditam

1220 3371 1274 3413 fibi
1311 3373 1455 3415 Dioecefim
1486 3383 1642 3418 tamquam
1667 3378 1810 3407 Dominus
1847 3385 1885 3406 ex
1912 3376 2034 3414 Imperio
2055 3371 2102 3414 se«

1227 3424 1273 3457 lus
1308 3423 1429 3467 regebat
1454 3449 1461 3457 .
1500 3427 1549 3459 Ad
1584 3423 1648 3459 baec
1680 3422 1744 3465 sola
1780 3422 2103 3467 constantinopolitana

1643 3471 1674 3505 A
1700 3484 1719 3508 a
1965 3473 2055 3506 Sedes
2103 3469 2106 3471 “

2121 3100 2154 3130 C·
2164 3111 2217 3135 ἐμω
