2366 3756
400 103 466 162 '58

331 191 468 239 ciefiae
513 194 555 237 δε
590 187 804 238 auferunt
858 192 900 235 &
936 185 1128 235 retinent
1161 185 1218 235 ad
1252 180 1371 236 suum
1406 206 1515 259 opus
1550 190 1713 240 Alodia
1747 228 1761 253 ,

792 103 1240 147 VICTORIS

1314 104 1711 155 Securior

1805 212 1901 261 quae
1933 198 2156 263 pertinent

330 259 387 308 ad
425 260 764 307 communitates
801 255 1128 306 canonicorum
1163 258 1237 309 vel
1270 261 1591 309 Monachorum
1618 296 1632 322 ,
1675 262 1754 312 nisi
1789 263 2040 332 resipuerint
2061 305 2075 331 ,
2111 273 2154 320 &

331 326 599 379 reddiderint
633 344 685 377 ea
718 361 733 387 ,
767 324 972 393 praedieto
1004 326 1274 380 anathemati
1308 326 1565 381 subdantur.

527 493 1014 539 Scuortou.

430 637 514 672 Uod
539 637 733 683 Pagenfium
763 638 982 673 Ecclefiarum
1010 638 1213 687 Fundatores

454 687 636 723 Domicelli
660 688 800 732 ipsarum
824 689 932 731 paffim
945 689 1154 724 substantiam
1167 690 1218 723 in-

481 739 620 772 vaserint
642 764 652 779 ,
679 739 714 772 δε
734 736 945 781 Presbyteros
974 739 1023 775 uti
1048 739 1213 783 mancipia

330 788 538 822 tradtaverint
562 787 656 831 hujus
679 788 807 832 Synodi
827 789 944 825 saeculo
963 813 974 829 ,
998 790 1064 833 jam
1089 791 1213 833 aliquo·

328 838 391 872 ties
410 838 455 872 est
473 838 733 873 demonstratum
750 863 761 878 ‚
787 840 822 872 ὃ(
848 841 907 873 suo
928 836 1036 874 adhuc
1059 839 1135 875 loco
1157 839 1213 875 de·

328 888 578 924 monstrandum
603 916 610 922 .
645 887 830 922 Adversum
852 889 928 923 illos
955 887 1064 925 statuit
1091 891 1210 933 Canon

327 938 457 972 tertiam
481 940 691 973 Decimarum
718 939 751 972 δε
765 938 975 973 oblationum
996 950 1120 984 partem
1143 951 1211 983 per-

328 988 418 1022 mitti
441 988 576 1034 Pagenfi
602 989 724 1028 Clero‚
754 988 853 1032 idque
875 989 910 1023 in
923 991 1087 1024 servitium
1100 990 1210 1025 Eccle-

326 1038 378 1071 ssa:
400 1062 410 1078 ‚
436 1037 502 1073 hoc
523 1039 568 1074 est
592 1064 603 1081 ,
629 1039 669 1073 ad
696 1038 762 1081 ejus
785 1039 977 1077 fabricam«
998 1040 1099 1075 Hanc
1119 1041 1209 1076 enim

327 1089 496 1130 praesertim
521 1091 706 1133 portionem
717 1089 900 1124 Domicelli
919 1089 1137 1135 invadebant.
1164 1091 1207 1125 Et

327 1138 402 1180 quia
428 1138 548 1173 Canon
577 1139 706 1174 tertiam
732 1150 856 1183 partem
882 1139 1010 1174 fabricas
1034 1140 1207 1182 adscribit,

327 1187 466 1222 statuere
478 1189 605 1223 videtur
615 1189 656 1223 de
669 1190 746 1223 solis
757 1190 933 1233 Hispanis.
963 1189 1007 1223 Et
1020 1189 1099 1225 hinc
1122 1190 1208 1225 lucet

327 1237 418 1280 quod
431 1239 611 1283 praecedens
625 1239 745 1275 Canon
757 1240 837 1275 istos
846 1240 989 1284 ejusdem
1002 1241 1111 1291 gentis
1131 1240 1209 1286 Epi·

1215 481 1218 484 Δ
1287 492 1422 534 scopos,
1448 491 1566 536 quibus
1589 492 1690 529 totins
1710 494 1752 529 ad
1772 493 1951 540 Pagensem
1978 497 2153 534 Ecclesiam

1286 541 1456 585 spectantis
1465 541 1646 578 substantiae
1655 547 1862 580 confirmavit
1873 548 1999 582 tertiam
2011 572 2023 588 ,
2050 549 2156 583 absol-

1285 591 1364 625 verit
1374 590 1416 626 ab
1425 593 1680 636 onerefabrioez,
1704 605 1802 639 atque
1823 596 1867 630 ita
1886 598 2003 640 quinto
2023 597 2155 633 decimae

1282 642 1376 676 sextae
1393 641 1569 678 Toletanae
1590 644 1717 688 Synodi
1738 645 1895 689 Capitulo
1912 646 2007 691 plene
2023 649 2156 693 deroga-

1281 691 1341 725 rit.
1369 691 1509 727 Ptaesens
1521 693 1642 729 Canon
1664 695 1774 730 denuo
1795 695 1886 730 addit
1900 709 1911 730 .-
1937 697 1995 730 Sub
2013 697 2156 741 Episcopi

1279 742 1332 775 vel
1342 744 1518 776 elericorum
1527 744 1638 778 ditione
1651 770 1659 778 .
1685 743 1810 780 Lucide
1829 746 1988 791 intelligit
2009 747 2157 782 Clericos

1279 790 1511 828 Cathedrales.
1539 791 1623 829 Vult
1647 794 1777 830 fabricae
1796 796 1924 831 tertiam
1941 807 2009 831 non
2021 808 2063 831 ex
2083 797 2156 832 solo

1278 841 1434 887 Episcopi
1447 867 1459 884 ,
1484 842 1538 878 sed
1549 843 1647 879 etia'm
1657 855 1699 878 ex
1711 844 1914 880 Cathedralis
1926 846 2016 880 Cleri
2029 845 2155 890 judicio

1276 893 1338 927 effe
1351 893 1368 927 a
1382 892 1518 938 Pagenfi
1532 892 1632 930 Clero
1643 895 1891 939 dispensandam
1916 908 1955 931 ac
1964 897 2155 940 impenden-

1274 941 1350 976 dam
1364 968 1372 976 .
1398 943 1518 978 Statuit
1537 943 1580 978 de
1601 945 1771 986 Deeimis,
1796 945 1947 990 primitiis
1965 970 1975 986 ,
2001 958 2039 981 ac
2064 946 2153 981 Pres-

1275 991 1422 1035 byterio.
1451 993 1513 1027 Per
1525 991 1768 1037 presbyterium
1783 996 1934 1031 videntur
1954 996 2094 1041 intelligi
2113 996 2152 1029 il-

1273 1041 1311 1075 1ae
1331 1043 1448 1087 populi
1474 1043 1678 1087 oblationes,
1708 1056 1787 1088 quas
1808 1046 1911 1081 hodie
1930 1047 2065 1081 titulant
2077 1047 2151 1089 Jura

1274 1091 1387 1126 Stolae.
1415 1091 1582 1127 Posterior
1607 1095 1756 1129 Canonis
1779 1107 1851 1139 pars
1863 1096 1973 1130 statuit
1988 1096 2022 1129 in
2035 1096 2152 1131 Domi-

1274 1142 1376 1176 cellos
1390 1167 1401 1183 ,
1427 1143 1481 1185 qui
1494 1143 1595 1178 etiam
1609 1143 1796 1180 immobiles
1807 1145 2083 1181 Monasseriorum
2093 1156 2152 1180 aut

1275 1189 1487 1227 clericalium
1502 1192 1730 1243 Collegiorum
1742 1196 1947 1242 possessiones
1961 1196 2152 1235 invaserant,

1274 1251 1329 1278 aut
1342 1241 1535 1279 detinebant
1544 1268 1552 1278 .

592 1446 872 1554 CA
987 1448 1087 1526 N
1201 1450 1291 1529 O
1407 1435 1890 1530 N‘Xn.

472 1634 687 1683 Dulteros
722 1628 831 1681 vero
865 1666 879 1690 ,
914 1627 1194 1679 incoestuosos
1227 1665 1240 1690 ,
1275 1645 1331 1680 ac
1366 1634 1559 1699 perJ'uros
1593 1649 1824 1683 monemus
1869 1648 1949 1703 per
1989 1637 2149 1686 Domi-

327 1637 467 1771 Α
505 1706 552 1755 ni
587 1699 887 1752 obedientiam
923 1737 937 1761 ,
989 1703 1032 1749 &
1065 1702 1187 1749 Petri
1223 1699 1533 1767 Apostolorum
1568 1704 1787 1771 Principis
1818 1740 1832 1764 ,
1883 1710 1927 1755 δε
1963 1709 2148 1756 Domini

327 1777 518 1824 Vidtoris
554 1810 567 1834 ,
614 1772 658 1820 Sc
693 1771 879 1820 nostram
914 1805 926 1831 ,
973 1785 1023 1818 ut
1054 1767 1310 1837 ¹resipiscant
1344 1767 1371 1819 a
1406 1773 1530 1822 vitiis
1575 1771 1818 1838 hujusmodi
1851 1810 1865 1835 ,
1912 1778 1955 1823 &
1990 1775 2046 1825 ad
2079 1775 2149 1824 di·-

328 1862 459 1908 gnam
494 1841 831 1893 satisfactionem
863 1874 878 1898 ,
925 1838 1163 1890 secundum
1198 1843 1368 1889 Statuta
1403 1846 1636 1892 Canonum
1670 1878 1684 1904 ,
1734 1845 1990 1912 perveniant
2023 1881 2037 1894 .
2088 1850 2147 1895 Et
2196 1865 2199 1867 >

328 1915 762 1966 excommunicamus
797 1909 844 1959 id
879 1912 926 1959 in
962 1909 1108 1959 futuro
1141 1908 1236 1960 fieri
1271 1911 1540 1962 nullatenus.

450 2090 1008 2134 ·Scu01„10N.

424 2230 609 2267 Uilielmus
633 2228 846 2263 Normandiae
857 2228 938 2261 Dux
960 2225 1067 2261 adhuc
1079 2228 1208 2262 foetebat

451 2283 484 2316 in
509 2279 704 2315 incoestuoso
724 2278 880 2322 conjugio
893 2301 903 2317 ,
929 2277 962 2311 &
974 2277 1042 2320 ejus
1059 2286 1141 2311 terra
1157 2289 1208 2321 ge-

329 2332 440 2367 mebat
460 2330 519 2367 sub
533 2328 756 2365 Ecclesiastico
779 2327 955 2362 Intetdffio
970 2352 977 2359 .
1006 2326 1132 2360 Eadem
1145 2327 1208 2360 sca-

330 2383 399 2417 bies
418 2383 615 2427 grassabatur
637 2391 691 2423 per
713 2378 885 2413 Franciam
910 2402 917 2409 .
945 2377 1056 2425 Qam
1080 2375 1210 2410 hotren-

330 2433 410 2466 dum
434 2431 530 2475 porro
550 2434 670 2466 crimen
692 2429 729 2463 fit
752 2427 948 2463 adulterium
971 2452 982 2467 ‚
1007 2426 1210 2461 demonstrat

331 2482 480 2526 primaeva
498 2482 646 2516 Ecclefiae
656 2479 828 2522 disciplina
840 2504 851 2521 ,
875 2489 946 2521 quae
957 2476 1059 2511 tribus
1071 2477 1210 2520 peccatis

331 2533 544 2567 necessarium
571 2530 764 2565 Christiana:
785 2526 1084 2565 Reconciliationis
1104 2526 1211 2560 Viati-

334 2593 412 2617 cum
435 2581 566 2627 negavit
581 2582 681 2615 etiam
703 2580 738 2613 in
749 2579 862 2614 mortis
874 2577 1011 2612 articulo
1026 2601 1036 2617 ‚
1063 2577 1129 2620 ipsa
1140 2588 1210 2611 coe-

332 2633 384 2677 git
395 2632 435 2666 ad
446 2642 632 2676 perpetuam
643 2630 745 2664 totius
771 2630 841 2663 vitae
851 2628 1077 2672 poenitentiam
1090 2651 1100 2667 ,
1128 2628 1208 2660 sum·

333 2692 391 2715 mo
404 2682 515 2716 nostro
535 2682 575 2714 ad
587 2680 653 2715 Dei
665 2679 770 2713 Patris
779 2679 950 2713 dexteram
968 2677 1115 2711 exaltato
1128 2677 1212 2710 Pon-

334 2733 418 2766 tifici
443 2731 575 2774 JESU
605 2727 738 2764 Christo
762 2728 958 2768 reservavit,
982 2727 1016 2760 ὅ(
1038 2727 1077 2761 ad
1109 2727 1211 2770 ipsum

336 2780 508 2826 nargsmisit
521 2779 673 2815 solvenda
686 2779 735 2814 vel
747 2778 916 2814 retinenda
926 2803 933 2810 .
959 2777 1098 2811 Istorum
1109 2787 1212 2810 unum

338 2830 401 2864 fuit
422 2830 611 2865 adulterium
625 2855 636 2871 ‚
662 2830 696 2863 &
717 2830 836 2872 quaevis
861 2823 1001 2862 moechia
1016 2852 1023 2859 .
1049 2826 1143 2860 Istius
1166 2826 1213 2860 di·

340 2880 479 2924 sciplinae
500 2893 552 2924 per
574 2877 800 2923 Zephyrinum
811 2878 1010 2912 Pontificem
1033 2878 1114 2911 faeta
1130 2877 1214 2910 miti-

341 2930 432 2974 gatio
455 2930 536 2966 adeo
556 2931 723 2974 displicuit
743 2928 980 2968 Tertulliano,
1006 2935 1042 2960 ut
1065 2926 1082 2960 a
1097 2925 1191 2960 nobis
1204 2950 1215 2967 ‚

342 2990 508 3023 tamquam
531 2980 743 3024 impudicitiae
755 2978 966 3024 palponibus,
992 2976 1032 3010 ad
1047 2976 1215 3020 impugna·

342 3038 413 3062 tum
426 3032 443 3064 a
466 3032 496 3063 se
508 3028 601 3064 antea
617 3030 822 3064 Montanum
846 3027 1025 3072 apostatare
1045 3026 1193 3060 maluerit
1205 3051 1215 3067 ‚

342 3077 439 3122 quam
463 3080 603 3113 Decreto
627 3079 773 3114 obedire.
804 3077 932 3112 Erravit
953 3074 1093 3110 dicendo
1107 3075 1216 3109 Eccle-

341 3127 390 3163 fiae
413 3128 536 3161 nullam
551 3129 584 3161 in
607 3138 733 3164 tantum
759 3129 921 3173 flagitium
932 3124 1108 3160 esseaDeo
1119 3126 1216 3167 credi-

344 3188 410 3211 tam
434 3177 643 3221 potestatem.
668 3178 768 3224 Quod
792 3178 902 3212 multae
923 3188 978 3221 per
990 3175 1134 3210 Africam
1158 3177 1221 3209 Ec-.

344 3228 444 3260 clesiae
459 3252 469 3267 ,
495 3228 582 3261 salvo
605 3236 712 3261 tamen
726 3228 907 3262 Catholicae
928 3226 1002 3261 fidei
1025 3237 1062 3259 ac
1073 3226 1218 3259 fraterni-

1270 2081 1562 2128 Carthaginensem
1575 2084 1823 2121 Donatistarum
1837 2083 2126 2131 Archiepiscopum
2135 2112 2147 2128 ‚

1271 2132 1359 2175 quod
1371 2135 1481 2167 nescio
1492 2145 1575 2176 quos
1589 2133 1735 2170 moechos
1754 2136 1927 2170 admisisset
1947 2137 1980 2170 in
1994 2136 2149 2170 Ecclesia-

1271 2180 1384 2214 sticam
1394 2183 1664 2217 communionem
1676 2205 1687 2222 ,
1715 2186 1810 2218 fuisse
1821 2186 1839 2217 a
1854 2186 1901 2218 sui
1917 2185 2063 2218 Diaconi
2077 2185 2150 2219 Ma·

1272 2230 1407 2263 ximiani
1420 2230 1560 2266 factione
1578 2232 1791 2276 degradatum
1803 2233 2003 2268 demonstrat
2016 2235 2149 2268 sanstus

1271 2278 1493 2322 Augustinus.
1518 2281 1686 2314 Faeiionis
1706 2282 1900 2315 celebratam
1924 2283 2010 2326 apud
2032 2284 2151 2316 Caver-

1270 2339 1327 2361 nas
1342 2328 1427 2362 Susis
1448 2328 1621 2371 synodum
1636 2330 1731 2362 refert
1750 2330 1786 2363 ἀ
1799 2330 1935 2372 exponit
1961 2331 1995 2363 in
2009 2330 2148 2367 secunda

1269 2371 1433 2412 co‘ncione
1464 2380 1555 2422 super
1580 2378 1746 2412 Psalmurn
1772 2379 1968 2423 trigesimum
2004 2381 2147 2415 sextum.

1272 2426 1323 2461 Ex
1334 2439 1400 2471 quo
1422 2427 1508 2462 lucet
1518 2428 1680 2472 flagitium
1706 2426 1771 2462 hoc
1782 2428 1883 2462 etiam
1895 2429 2062 2464 Haereticis
2071 2431 2151 2464 sern-

1272 2489 1325 2521 per
1345 2477 1437 2511 fuisse
1457 2476 1604 2512 horrori.
1631 2478 1707 2512 Efle
1727 2476 1912 2512 homicidio
1937 2479 2067 2523 gravius
2079 2490 2147 2514 non

1271 2526 1352 2561 vane
1374 2527 1487 2572 colligi
1523 2527 1650 2562 videtur
1671 2539 1712 2561 ex
1724 2528 1842 2562 divino
1868 2528 2062 2573 Decalogo.
2090 2530 2147 2564 Et-

1270 2579 1359 2611 enim
1380 2578 1447 2619 ejus
1467 2577 1639 2612 secundam
1662 2577 1806 2612 tabulam
1828 2602 1839 2618 ‚
1864 2589 1961 2621 quam
1979 2588 2040 2613 nos
2066 2579 2146 2624 legi-

1271 2639 1344 2661 mus
1354 2652 1364 2668 ,
1392 2631 1465 2660 Non
1476 2628 1583 2660 occides
1595 2653 1605 2669 ,
1631 2631 1705 2661 Non
1717 2626 1908 2662 moechaberis
1921 2653 1932 2669 ,
1959 2629 2052 2664 fuisse
2062 2630 2145 2663 olim

1272 2677 1386 2711 lectam
1408 2677 1535 2712 inverso
1556 2677 1692 2720 ordine,
1719 2682 1793 2712 Non
1803 2677 2012 2718 moecbaberis,
2037 2691 2094 2713 non
2105 2690 2148 2714 oc·

1271 2729 1349 2760 tides
1361 2752 1371 2768 ,
1399 2727 1534 2761 suadent
1547 2727 1647 2763 multa
1660 2727 1863 2765 testimonia.
1893 2729 1945 2762 Ex
1970 2728 2026 2762 ista
2039 2729 2148 2763 1εᾶἰο-

1272 2788 1313 2811 ne
1335 2777 1517 2812 constanter
1535 2776 1569 2812 &
1590 2778 1794 2812 confidenter
1815 2778 1925 2812 scribit
1945 2778 1980 2813 in
2002 2779 2087 2814 libro
2105 2778 2147 2814 de

1272 2825 1436 2860 Pudicitia
1472 2828 1701 2862 Tertullianus
1723 2841 1730 2860 :
1759 2831 1841 2871 Ergo
1877 2827 1999 2862 moecbia
2018 2854 2030 2870 ,
2069 2830 2147 2872 quod

1272 2882 1362 2910 etiam
1372 2875 1580 2918 fornicationis
1591 2876 1627 2918 est
1639 2889 1685 2910 res
1698 2903 1708 2918 ‚
1731 2876 1888 2920 secundam
1907 2886 1979 2920 opus
1991 2885 2122 2912 criminis
2131 2904 2143 2920 ,

1273 2928 1372 2969 qualis
1396 2926 1569 2967 ‘estimanda
1583 2925 1622 2968 fit
1639 2926 1778 2970 sceleris,
1800 2933 1902 2969 prima
1911 2930 1961 2961 lex
1976 2928 2144 2970 Deipraesto

1272 2975 1309 3016 est
1333 3002 1340 3008 .
1367 2979 1515 3019 Siquidem
1535 2976 1596 3019 post
1618 2972 1810 3011 interm-liam
1838 2979 1996 3011 alienorum
2018 2982 2145 3012 Deorum

1269 3026 1472 3070 superstionem
1495 3052 1507 3069 ,
1527 3026 1709 3070 ipsorumque
1729 3028 1875 3061 Idolorum
1896 3028 2143 3069 fabricationem,

1252 3103 1255 3106 .
1269 3076 1331 3118 post
1345 3077 1578 3111 commendatam
1590 3077 1736 3110 sabbathi
1745 3083 1964 3111 venerationem
1973 3103 1984 3119 ,
1989 3077 2050 3119 post
2060 3083 2147 3119 impe·

1275 3134 1374 3159 ratam
1393 3131 1426 3160 in
1435 3134 1574 3169 parentes
1589 3125 1749 3169 secundam
1770 3129 1789 3159 ἃ
1802 3130 1862 3161 Deo
1871 3129 2056 3171 religionem,
2082 3127 2149 3159 nul-

1274 3178 1334 3210 lum
1361 3178 1450 3210 aliud
1462 3182 1494 3209 in
1506 3177 1615 3210 talibus
1639 3179 1732 3210 titulis
1744 3177 1904 3219 firmandis
1923 3174 2148 3219 muniendisque

1271 3224 1433 3269 substruxit
1459 3230 1648 3269 Praeceptum
1674 3251 1685 3267 ,
1711 3228 1801 3269 quaim
1816 3251 1827 3268 ,
1852 3231 1923 3259 Non
1941 3225 2145 3259 moechaberis.

345 3277 421 3310 tatis
433 3277 563 3311 vinculo
580 3301 590 3318 ,
615 3276 794 3310 Decretum
807 3280 864 3311 suo
875 3276 980 3311 adhuc
992 3286 1138 3318 tempore
1149 3287 1213 3309 non
1278 3274 1341 3315 Post
1358 3275 1544 3318 spiritualem
1566 3283 1644 3309 enim
1666 3277 1827 3316 castitatem
1835 3273 2080 3318 sanllbtatemque
2090 3286 2149 3308 cor-

345 3326 538 3360 admisissent
552 3350 562 3366 ,
588 3325 763 3359 testaturin
780 3326 920 3369 Epistola
933 3327 970 3361 ad
987 3327 1215 3360 Antonianum
1259 3319 1385 3368 lporalrs
1407 3325 1584 3369 sequebatur
1605 3332 1780 3370 integritas.
1806 3328 1851 3356 Et
1873 3324 1948 3357 hanc
1968 3331 2068 3367 itaque
2088 3335 2147 3357 mu·

344 3375 541 3422 Episcopum
581 3374 710 3418 Martyr
746 3374 929 3419 Cyprianus
965 3402 972 3410 .
1010 3374 1212 3411 primianum

1278 3381 1358 3410 nivit
1368 3401 1379 3419 ,
1391 3374 1493 3416 bostem
1497 3376 1599 3417 statim
1610 3378 1673 3419 ejus
1682 3374 1861 3420 prohibendo
1875 3374 2028 3409 moecbiam
2038 3399 2044 3406 .
2053 3376 2148 3457 ἇριια-

2016 3427 2043 3458 le
2075 3436 2100 3458 e·
