2366 3756
149 1771 212 1807 Lib.
223 1783 250 1810 4.

147 1822 266 1859 cama

148 1854 212 1887 Lib.
245 1864 270 1889 ς,
322 1852 327 1859 ’

148 1903 211 1939 cip„
224 1903 264 1932 15⁵

152 2163 218 2196 Lib.
233 2171 248 2200 3
257 2178 266 2190 .

150 2212 212 2243 cap.
222 2212 269 2235 21.

155 2550 214 2582 Tit·
235 2559 263 2585 4.

169 3123 287 3161 Q.6z.

301 918 303 920 ,
331 887 407 923 bius
432 889 467 924 &
487 884 729 925 Constantinus
743 889 928 933 Presbyteri
956 890 1108 926 sederunt
1135 891 1219 925 inter

411 158 508 203 180

345 240 381 276 in
394 241 524 288 Europa
537 236 718 286 Episcopus
729 236 853 271 adsedit
866 232 1033 279 Stephano
1045 234 1221 281 Ephefino,

342 289 457 333 utpote
478 287 629 323 vicarius
640 286 774 330 Cyriaci
788 284 944 320 Primatis
964 286 1012 320 sui
1027 285 1223 322 Heracleen-

334 340 380 373 ‘sis
391 363 398 370 .
429 339 475 373 Et
485 338 640 374 Meletius
649 336 778 370 Larissa:
790 336 825 370 in
838 336 975 371 secunda
984 337 1076 380 Syria
1084 336 1220 372 Provin-

1234 368 1237 405 1

337 387 434 427 cialis
461 388 641 431 Episcopus
663 385 743 421 sedit
768 387 854 429 inter
865 384 1119 431 Metropolitas,
1144 388 1238 432 quia,

1037 429 1237 516 Istiusmodii

1234 518 1237 551 Ι

332 437 563 481 ‘Metropolitae
589 437 638 471 sui
664 436 793 471 Domni
820 438 963 483 Legatus
990 463 997 470 .

337 488 431 538 plura
442 487 593 532 exempla
610 485 711 521 habes
724 487 758 521 in
771 488 890 531 quinto
905 487 1076 523 Concilio.
1105 488 1143 521 ln
1154 488 1222 522 sex-

337 547 375 577 ta
383 538 524 582 Synodo
536 538 653 572 Petrus
665 537 812 572 Ecclefiae
830 538 1062 573 Alexandrinas
1084 538 1221 581 Presby-

319 598 386 623 ·ter
411 585 424 629 ',
448 589 483 623 &
505 589 672 632 Georgius
695 586 869 635 Presbyter
895 589 1220 633 Hierosolymitanus

336 638 486 678 sederunt
497 638 532 672 in
547 638 623 673 loco
636 638 770 673 suorum
781 637 1039 675 patriarcharum
1052 665 1059 672 .
1085 639 1130 674 Et
1151 638 1220 685 qui-

303 707 307 710 ·
335 688 412 723 dem
423 688 590 732 Georgius
614 695 684 724 non
696 689 793 732 ipsius
812 689 1010 725 Patriarchae
1022 715 1033 731 ,
1060 690 1114 724 sed
1127 689 1219 723 dum-

332 747 426 772 taxat
449 735 625 773 Theodori
645 738 830 789 Presbyteri
853 763 864 780 ,
889 742 947 784 qui
969 740 1065 783 hujus
1077 735 1220 774 seniebat

331 788 476 829 locum,
498 789 586 823 vices
594 789 727 834 gerebat
740 814 747 822 .
775 790 855 825 Erat
875 789 1085 824 solummodo
1096 789 1222 825 Subde·

333 838 463 883 legatus
474 863 481 871 .
510 839 623 874 Etiam
641 840 676 874 in
692 837 952 875 Chalcedonensi
971 839 1111 884 Synodo
1123 840 1219 875 Euse-

326 937 569 983 >Metropolitas
582 965 592 981 ,
618 938 709 984 quod
730 940 834 974 essent
857 939 976 987 Legati
1002 940 1218 984 &Tenentes

329 988 443 1023 locum
467 990 627 1024 Anastasii
652 991 700 1024 sui
713 989 940 1035 Metropolitae
953 991 1081 1025 Nicaeni
1094 1017 1102 1024 .
1133 992 1216 1026 Item

328 1037 472 1073 Photius
493 1038 686 1080 Diaconus‚
717 1051 819 1086 agens
838 1041 926 1076 vices
942 1040 1128 1075 Theostisti
1142 1067 1152 1082 ‚
1181 1042 1214 1075 in

327 1088 474 1124 secunda
487 1089 618 1125 Galatia
629 1091 853 1135 Metropolitae
874 1091 1089 1126 Pessinuntis.
1118 1091 1214 1125 Plura

323 1138 490 1182 ejusmodi
502 1140 653 1185 exempla
664 1141 801 1185 reperies
812 1141 846 1176 in
858 1141 998 1185 Synodo
1021 1142 1155 1185 septima
1182 1142 1215 1176 δε

327 1190 443 1225 ostava
453 1215 462 1224 .
492 1190 538 1223 Et
564 1191 694 1225 Socrate
719 1201 758 1226 ac
770 1191 910 1226 Hermia
921 1191 1118 1226 Zozomeno
1130 1192 1215 1226 testi-

326 1237 390 1274 bus
402 1239 583 1284 Imperator
593 1240 809 1276 Constantius
820 1241 908 1275 idem
920 1241 989 1275 fieri
1007 1241 1092 1284 jusfit
1114 1241 1147 1275 in
1160 1241 1215 1285 Sy-

323 1288 421 1324 nodo
433 1288 627 1324 Seleuciensi
641 1315 649 1322 .
674 1290 752 1325 Scio
765 1289 929 1326 Bassulam
944 1315 956 1332 ,
968 1291 1123 1336 Capreoli
1137 1291 1213 1325 Car·

319 1336 531 1382 'thaginenfis
543 1337 795 1382 Archiepiscopi
818 1340 982 1385 Legatum
997 1362 1008 1380 ,
1034 1340 1152 1384 Ephesi
1172 1341 1217 1375 se-

322 1386 406 1422 disse
418 1387 490 1431 post
504 1397 621 1423 omnes
647 1388 850 1432 Episcopos:
876 1389 981 1438 Qiod
1003 1390 1121 1435 nempe
1147 1402 1215 1425 non

324 1435 589 1479 Locumtenens,
602 1438 656 1473 sed
667 1448 775 1473 merus
784 1440 862 1474 esset
873 1441 1152 1476 excusatoriarum
1165 1441 1218 1475 lit-

323 1495 468 1523 terarum
480 1487 614 1529 Bajulus
623 1511 630 1518 .
657 1487 707 1521 Ita
719 1487 870 1521 laudatus
883 1489 1062 1531 Capreolus
1076 1491 1110 1523 in
1125 1489 1215 1524 hisce

323 1535 442 1571 litteris
452 1535 569 1571 diserte
579 1536 724 1570 testatur.
736 1535 845 1570 Etiam
858 1537 1006 1571 Ferrariae
1016 1538 1214 1584 Gregorium

325 1585 536 1621 Monachum
547 1608 557 1626 ‚
583 1583 803 1621 Alexandrini
818 1585 1014 1621 Patriarchae
1026 1588 1189 1633 Legatum
1204 1613 1214 1629 ,

326 1646 406 1670 ante
434 1634 652 1680 Ephesiorum
670 1635 925 1679 Metropolitam
938 1637 1090 1672 Marcum
1101 1661 1112 1678 ‚
1138 1638 1216 1673 licet

323 1684 492 1730 Legatum
507 1683 700 1720 Patriarchz
713 1683 922 1720 Antiocheni
935 1709 947 1725 ‚
973 1686 1087 1720 sedisse
1112 1698 1151 1721 ac
1172 1689 1216 1721 se-

321 1734 401 1770 dere
423 1734 573 1772 debuisse
596 1735 735 1770 affirmat
754 1735 790 1770 in
802 1734 1003 1770 Florentinae
1012 1735 1140 1779 Synodi
1154 1736 1218 1774 Hi·

324 1784 425 1820 storia
440 1784 603 1829 Sylvester
617 1785 841 1830 Sguropulus.

377 1836 492 1884 Qem
503 1847 630 1870 morem
644 1836 735 1870 fuisse
746 1837 905 1870 servatum
917 1836 1018 1872 etiam
1030 1836 1063 1871 in
1079 1836 1219 1872 Provin.

323 1886 467 1922 cialibus
504 1897 543 1921 ac
566 1884 842 1921 patriarchalibus
877 1886 1041 1922 Romanae
1065 1887 1218 1922 Ecclefiae

327 1936 500 1982 synodis,
526 1936 616 1972 lucet
627 1948 668 1972 ex
681 1936 969 1971 Adrianisecundi
996 1946 1112 1972 contra
1133 1935 1219 1970 Pho-

329 1989 415 2024 tium
427 1986 586 2031 Synodo:
614 1987 664 2021 lbi
677 1987 767 2021 enim
782 1987 925 2030 Joannes
934 1987 1108 2022 Diaconus
1123 2010 1133 2026 ‚
1149 1986 1220 2020 Ur-

331 2038 454 2073 binatis
468 2037 625 2082 Episcopi
635 2037 779 2082 Legatus
790 2061 801 2077 ,
828 2036 912 2071 sedit
924 2038 1009 2071 inter
1022 2037 1217 2080 Episcopos.

332 2087 439 2136 Qod
451 2088 485 2122 ὃ(
497 2088 602 2123 Graeci
614 2087 823 2125 servaverint,
833 2085 1012 2120 ostendunt
1023 2085 1221 2129 Synodales,

330 2138 497 2173 exstantes
507 2136 594 2179 apud
605 2138 786 2174 Socratem,
797 2133 930 2167 Meletii
944 2132 1138 2168 Patriarchae
1151 2132 1222 2166 An-

327 2184 481 2221 tiocheni
492 2185 607 2219 litterae
618 2183 661 2219 ad
672 2184 852 2228 Iovianum
861 2181 1052 2228 Augustum
1064 2208 1071 2216 .
1097 2183 1142 2217 Et
1154 2193 1222 2217 om-

328 2237 367 2273 ni
379 2238 503 2280 semper
512 2233 716 2270 Provinciali
728 2258 740 2275 ,
761 2233 802 2269 ad
816 2243 942 2268 novum
955 2233 1156 2278 Episcopum
1167 2233 1225 2267 eli-

328 2287 478 2335 gendum
490 2286 660 2326 adunatae,
669 2283 811 2328 Synodo
824 2282 983 2328 praefidere
996 2284 1219 2327 Metropolitae

331 2341 495 2386 Legatum
510 2333 812 2380 Carthophylacem
826 2333 938 2368 scribit
964 2334 999 2368 in
1014 2334 1099 2369 libro
1124 2334 1167 2367 de
1178 2333 1224 2366 sa-

330 2390 393 2426 cris
401 2386 679 2428 Ordinationibus
685 2385 821 2420 Simeon
832 2381 1108 2429 Archiepiscopus
1116 2381 1223 2417 Thes-

331 2440 544 2476 salonicensis
563 2466 570 2477 .
601 2437 671 2473 Cur
696 2434 799 2471 hocce
825 2435 1033 2480 privilegium
1062 2435 1196 2470 Simeon
1211 2458 1221 2475 ,

332 2491 501 2535 Trullano
514 2489 648 2526 Canoni
662 2485 866 2527 contrarius»
893 2486 1016 2521 adserat
1044 2485 1104 2520 soll
1123 2484 1223 2520 Char·

333 2540 529 2586 thophylaci
540 2567 550 2582 ‚
575 2540 676 2575 edicit
694 2541 729 2574 in
743 2539 926 2574 Canonum
954 2535 1112 2581 Epitome
1137 2535 1221 2570 acin

334 2593 412 2628 dieii
426 2591 578 2627 Canonis
591 2589 728 2625 Scholio
739 2587 982 2625 Constantinus
993 2587 1224 2631 Harmenopu-

335 2642 405 2680 lus:
441 2644 461 2676 ,ς
465 2643 600 2677 ciendum
611 2665 623 2682 ‚
644 2639 701 2685 soli
711 2641 835 2683 majoris
846 2638 983 2681 Ecclefi'ae
1001 2636 1224 2682 eartbopbylaci

337 2693 493 2737 concessum
508 2693 559 2737 effe
570 2716 581 2733 ,
606 2700 671 2725 tum
681 2702 720 2725 ex
729 2690 818 2735 longa
826 2688 1032 2734 confhetudine
1041 2715 1052 2731 ‚
1078 2699 1144 2725 tum
1150 2691 1227 2724 Sm-

335 2744 476 2789 ptojussu
489 2747 681 2787 Imperatoris
696 2744 820 2775 Domini
830 2739 988 2774 Michaelis
1001 2764 1012 2781 ,
1036 2750 1071 2774 ut
1093 2746 1126 2775 in
1145 2747 1225 2776 exte·

339 2798 384 2828 ris
397 2789 519 2831 synodis
530 2798 621 2825 etiam
633 2800 706 2826 ante
716 2789 871 2831 Pontifices
879 2787 993 2834 sedeat.
1007 2791 1108 2838 Qod
1121 2792 1226 2835 ipsum

339 2841 377 2875 in
399 2841 566 2874 Meditato
592 2840 634 2875 de
660 2838 940 2886 Carthophylacis
965 2852 1003 2875 ac
1020 2842 1134 2887 magni
1159 2841 1227 2875 De·

342 2890 481 2926 sensoris
491 2890 605 2926 officio
615 2890 725 2925 scribit
737 2890 942 2926 Theodorus
953 2889 1124 2925 Balsamon
1136 2914 1149 2931 ,
1175 2890 1229 2926 ad-

341 2941 502 2985 ducitque
535 2941 571 2976 &
597 2951 728 2976 auream
755 2941 888 2976 Bullam
913 2964 925 2982 ,
959 2951 1023 2984 qua
1049 2942 1228 2985 Imperator

346 2991 485 3028 Alexius
512 2989 707 3027 Comnenus
728 2990 821 3027 istam
836 2990 1079 3035 praerogativam
1091 2991 1232 3026 Cattho-

347 3041 483 3086 phylaci
494 3040 645 3076 adversus
655 3041 886 3086 quorumdam.
897 3040 1137 3086 Episcoporum
1148 3053 1233 3077 mur-

346 3102 440 3127 mura
463 3092 672 3126 confirmavit
699 3116 707 3124 .
734 3091 773 3126 In
801 3090 984 3126 Canonicis
1009 3091 1050 3126 ad
1077 3092 1230 3126 Marcum

349 3140 559 3179 Alexandriae
569 3139 792 3176 Patriarcham
804 3141 977 3184 Responsis
985 3141 1078 3176 addit
1090 3142 1228 3176 Abbatis

349 3193 516 3237 Legatum
526 3189 733 3224 Monachum
749 3215 760 3230 ,
770 3192 845 3226 licet
857 3190 1029 3226 dumtaxat
1040 3191 1212 3227 Lestorem
1222 3216 1233 3233 ,

347 3242 386 3277 in
398 3242 473 3279 aliis
483 3240 658 3277 Coenobiis
684 3241 784 3276 etiam
806 3241 984 3277 locandum
1010 3252 1087 3277 ante
1098 3242 1235 3288 Presby-

348 3302 456 3330 teros.

402 3341 508 3376 Aliud
548 3350 661 3376 tamen
693 3341 829 3376 servavit
854 3341 1028 3378 Gallicana
1057 3343 1197 3379 Ecclesia
1225 3369 1232 3376 .

348 3392 489 3433 Etenim
515 3390 643 3434 Rejensi
680 3390 840 3426 Concilio
874 3391 1072 3428 Vincentius
1098 3393 1234 3436 Presby-

715 151 759 196 S.
796 150 1113 196 Gasoonti
1151 161 1389 195 sepum
1426 147 1775 194 Ponrirlcrs

1283 236 1368 271 timo
1393 235 1469 270 loco
1494 234 1529 268 &
1549 232 1730 277 subscripsit
1741 259 1749 268 .
1777 234 1868 271 Idem
1894 232 1970 272 fecit
1983 236 2159 281 Superven-

1284 296 1335 320 tor
1347 310 1359 327 ,
1385 283 1518 320 Claudii
1546 285 1701 330 Episcopi
1727 284 1871 329 Legatus
1881 309 1893 326 ,
1917 288 1951 321 in
1977 289 2078 332 prima
2101 289 2160 332 Sy·

1285 336 1376 370 nodo
1402 335 1597 370 Arauficana
1612 340 1620 368 .“
1652 335 1691 369 1n
1718 334 1856 382 Synodo
1882 333 2059 381 Agathenfi
2088 341 2159 376 Leo

1284 386 1457 421 Diaconus
1467 410 1480 427 ,
1505 385 1582 421 licet
1594 385 1677 421 Veri
1689 383 1895 420 Turonensis
1913 386 2159 435 Archiepiscopi

1284 436 1452 482 Legatus‚
1477 435 1559 471 sedit
1583 436 1618 470 δε
1632 433 1811 479 subscripsit
1822 447 1891 470 non
1905 436 2009 471 solum
2026 440 2161 482 postora-

1285 488 1349 521 rios
1363 486 1600 532 Episcoporum
1610 484 1755 531 Legatos
1780 485 1992 530 Presbyteros
2002 512 2013 528 ,
2040 488 2094 522 sed
2115 486 2160 526 εὶ-

1284 538 1348 572 iam
1376 537 1447 582 post
1457 537 1633 581 optimum
1659 537 1846 572 Diaconum
1857 562 1868 579 ,
1894 537 2056 583 Legatum
2079 539 2162 575 Leo-

1283 588 1350 621 nici
1361 586 1577 622 provincialis
1587 587 1760 622 dumtaxat
1785 587 1938 632 Episcopi
1951 588 2140 625 Gabalensis
2153 619 2158 623 .

1283 636 1386 686 Qiod
1398 638 1514 682 nempe
1523 639 1678 682 Optimus
1689 638 1766 672 esset
1775 638 2020 673 consecratione
2033 640 2138 674 senior
2148 666 2159 676 ,.

1284 688 1457 723 Gallicana
1471 689 1615 724 Ecclesia
1626 687 1830 731 presbyteris
1841 698 1879 722 ac
1887 689 2050 724 Diaconis
2061 690 2164 736 Lega-

1284 739 1324 772 tis
1336 750 1403 773 non
1418 751 1459 773 ex
1472 739 1651 785 legantium
1663 739 1900 782 Episcoporum
1911 738 2075 783 dignitate
2086 764 2098 782 ,
2107 741 2163 776 sed

1282 801 1326 823 ex
1337 790 1478 833 ipsorum
1487 788 1705 824 ordinationis
1714 799 1858 833 tempore
1866 787 1965 823 dabat
1976 788 2010 823 in
2019 790 2165 834 Synodi's

1283 840 1393 874 locum
1406 865 1413 872 .
1439 840 1534 874 Hine
1543 850 1658 874 omnes
1670 839 1816 874 Diaconi
1830 838 1987 874 omnibus
1995 840 2164 884 Presbyte-

1283 890 1324 924 ris
1336 891 1456 934 semper
1468 889 1750 935 postponebantur
1761 915 1769 923 .
1797 889 1846 924 Ita
1858 890 1979 924 fastum
1997 891 2059 924 suit
2073 891 2107 925 in
2122 892 2167 926 so-

1283 941 1389 976 cunda
1411 939 1623 986 Lugdunensi
1648 939 1785 984 Synodo
1795 965 1802 972 .
1833 939 2106 985 Praeponebantur
2118 950 2167 976 ta-

1282 1003 1357 1025 men
1372 990 1580 1025 Titularibus
1591 1015 1603 1032 ,
1626 991 1680 1025 stu
1708 989 1822 1025 Sedem
1848 990 1883 1024 &
1910 991 2070 1035 populum
2094 1001 2167 1027 non

1283 1040 1480 1076 habentibus
1492 1041 1679 1085 Episcopis.
1706 1041 1756 1076 Ita
1767 1040 1856 1075 vides
1867 1052 1910 1075 ex
1922 1039 2169 1085 subscriptioni·

1282 1090 1341 1124 bus
1353 1092 1500 1124 secundae
1511 1091 1919 1134 SynodiMatisconenfis.
1949 1090 2073 1127 Eadem
2093 1092 2167 1137 lege

1281 1142 1380 1174 etiam
1407 1139 1603 1183 Hispaniam
1631 1140 1746 1175 vixisse
1770 1141 1894 1176 docent
1916 1141 2169 1187 subscriptiones

1282 1189 1389 1233 quarti
1401 1188 1550 1224 Concilii
1563 1190 1743 1226 Toletani.
1770 1191 1878 1226 Addit
1888 1191 2044 1234 synodus
2069 1192 2170 1228 Eme-

1282 1241 1423 1275 ritensis:
1450 1243 1476 1273 Α
1486 1248 1565 1285 tergo
1578 1239 1791 1282 Episcopmm
1814 1246 1894 1274 inter
1915 1241 2102 1280 Presbyter„
2120 1241 2170 1286 se-

1282 1291 1353 1324 deat
1365 1315 1372 1322 .
1394 1290 1527 1335 Utique
1539 1290 1682 1335 Legatus
1692 1288 1876 1323 Diaconus.
1902 1287 1987 1324 Non
1998 1291 2081 1337 ergo
2090 1302 2170 1327 cum

1287 1341 1455 1384 Episcopis
1469 1364 1480 1380 ,
1506 1338 1559 1374 sed
1571 1350 1656 1374 retro
1669 1340 1755 1382 ipsos
1765 1339 1851 1373 inter
1877 1339 2029 1375 Ecclesiae
2054 1340 2167 1383 illius,

1282 1389 1316 1424 in
1328 1401 1391 1434 qua
1403 1389 1560 1435 agebatur
1569 1388 1736 1433 synodus,
1748 1389 1968 1433 presbyteros.
1995 1390 2099 1426 Haud
2109 1391 2168 1427 du-

1285 1439 1337 1475 bie
1347 1441 1438 1484 juxta
1449 1449 1577 1475 aetatem
1590 1441 1652 1475 stlae
1663 1440 1883 1476 ordinationis
1892 1466 1900 1474 .
1927 1441 2102 1477 Diaconos
2111 1452 2169 1477 co·

1283 1502 1351 1524 ram
1363 1490 1529 1534 Episcopo
1543 1515 1554 1531 ,
1567 1499 1624 1524 aut
1635 1492 1719 1524 inter
1731 1490 1942 1535 presbyteros
1951 1491 2058 1526 sedere
2068 1517 2079 1533 ‚
2089 1492 2171 1538 rigi-

1283 1538 1323 1573 de
1335 1549 1423 1575 vetat
1433 1541 1588 1585 antiquus
1596 1541 1732 1576 Parrum
1741 1541 2171 1587 Canon‚ideoquerna‘gnus

1283 1589 1355 1631 ipfis
1364 1598 1431 1622 erat
1446 1590 1504 1623 iste
1517 1589 1627 1624 honor
1639 1614 1647 1622 .
1673 1591 1767 1625 Hinc
1777 1591 1873 1626 illum
1885 1591 2169 1636 incongruumju·
2235 1631 2241 1638 .

1281 1638 1395 1672 dicans
1407 1637 1535 1672 laudata
1545 1637 1699 1681 Synodus
1709 1639 1832 1679 statuit,
1844 1648 1880 1673 ut
1893 1640 2004 1674 nullus
2015 1640 2170 1685 deinceps

1283 1688 1474 1728 Diaconus,
1485 1688 1540 1721 sed
1552 1686 1638 1722 solus
1651 1687 1925 1733 Archipresbyter
1934 1713 1944 1729 ,
1956 1699 2013 1724 aut
2024 1691 2095 1733 ipso
2109 1691 2170 1724 im-

1281 1737 1395 1780 pedito
1406 1736 1644 1783 quisinsignior
1653 1736 1826 1781 Presbyter
1846 1739 1889 1774 ab
1899 1738 2066 1782 impeditis
2091 1739 2171 1784 Epi-

1285 1786 1387 1830 scopis
1412 1785 1451 1820 ad
1464 1786 1619 1829 Synodos
1631 1787 1810 1832 legaretur.
1836 1788 1923 1836 'Quae
1933 1788 2050 1823 omnia
2074 1798 2170 1824 num-

1282 1847 1383 1879 quam
1396 1836 1540 1881 ligarunt
1550 1837 1696 1883 Legatos
1709 1836 1858 1873 Ecclesiae
1869 1838 2046 1873 Romanae.
2077 1839 2171 1875 Nam

1283 1885 1504 1922 Claudianum
1519 1888 1552 1921 &
1565 1887 1686 1923 Vitum
1699 1886 1965 1932 Presbyteros‚ac
1977 1889 2170 1934 Eugenium

1283 1937 1316 1970 ὃ(
1328 1936 1507 1979 Cyriacum
1519 1938 1714 1978 Diaconos,
1740 1938 1895 1979 Sylvestri
1917 1939 2092 1973 Pontificis
2110 1940 2172 1974 Le-

1282 1995 1378 2032 gatos
1390 2011 1401 2027 ,
1426 1985 1466 2020 ad
1477 1987 1723 2021 consedendum
1735 1986 1821 2021 inter
1847 1986 2029 2033 Episcopos
2041 1989 2171 2024 admisit

1283 2036 1387 2079 prima
1397 2035 1552 2078 Synodus
1566 2034 1762 2072 Arelatensis
1774 2062 1781 2070 .

1336 2086 1381 2117 Et
1407 2083 1487 2118 hinc
1514 2084 1597 2119 redit
1623 2086 1788 2129 objectum
1811 2088 1905 2132 supra
1915 2097 2171 2135 argumentum,

1285 2131 1403 2167 curisti
1415 2133 1554 2174 Synodo
1579 2144 1647 2168 non
1661 2135 1888 2177 praesederint?
1914 2138 2116 2182 Respondeo
2134 2137 2171 2172 id

1285 2184 1403 2217 fastum
1425 2192 1467 2216 ex
1479 2181 1736 2218 dissimulatione
1761 2185 1798 2220 &
1824 2186 2037 2222 conniventia
2063 2188 2173 2223 Saum

1286 2231 1441 2276 Sylvestri
1468 2257 1476 2264 .
1514 2231 1649 2267 Etenim
1694 2234 1736 2269 ad
1764 2235 1987 2271 Antecessoris
2011 2236 2059 2271 sui
2085 2235 2174 2271 Mel·

1285 2282 1411 2317 chiadis
1446 2281 1489 2315 de
1515 2281 1653 2317 Donato
1689 2283 1725 2318 in
1752 2284 1843 2319 Casis
1868 2285 1972 2330 nigris
2009 2287 2045 2321 &
2070 2286 2174 2321 Caeci·

1286 2333 1375 2366 liano
1387 2329 1639 2376 Carthaginensi
1658 2332 1845 2378 Episcopo,
1871 2334 1889 2368 a
1901 2346 1969 2377 quo
1989 2337 2171 2371 Donatista

1284 2391 1498 2427 provocarant
1514 2405 1526 2422 ,
1553 2382 1794 2417 tetrastandum
1803 2384 1966 2427 judicium
1988 2385 2109 2421 indista
2136 2387 2171 2421 δε

1285 2433 1427 2467 adunata
1441 2431 1504 2465 fuit
1516 2431 1573 2466 ista
1588 2432 1743 2475 Synodus
1753 2458 1763 2474 ,
1774 2434 1915 2478 ideoque
1924 2436 2069 2481 Legatos
2081 2438 2170 2476 suos,

1287 2495 1327 2518 ne
1345 2494 1399 2527 per
1411 2482 1595 2526 potentiam
1603 2482 1768 2518 videretur
1779 2484 1814 2518 in
1831 2485 2033 2530 appellantes
2051 2496 2169 2531 agere,

1286 2535 1390 2579 paffus
1400 2533 1443 2567 est
1456 2531 1613 2567 Pontifex
1627 2544 1694 2568 non
1709 2535 1888 2578 praesidere.
1914 2534 2017 2584 Qo'd
2029 2535 2103 2578 ipsis
2115 2535 2171 2570 de·

1287 2585 1413 2620 beretur
1423 2582 1622 2627 praesidentia
1633 2607 1644 2623 ‚
1670 2583 1793 2618 docent
1804 2583 1958 2629 Synodus
1965 2584 2171 2626 Sardstenfis,

1286 2634 1447 2680 Ephesina
1470 2657 1482 2674 ,
1515 2632 1551 2667 δε
1577 2631 1856 2668 Chalcedonenfis
1877 2646 1888 2667 .·
1915 2632 1973 2670 Ad
1999 2637 2169 2670 retraetan-

1285 2686 1361 2722 darn
1377 2682 1661 2725 Eusebianorum,
1687 2682 1852 2725 Nestorii,
1880 2695 1920 2719 ac
1933 2681 2130 2729 Eutychetis
2147 2686 2170 2721 a
2235 2700 2238 2702 ·

1288 2736 1400 2781 Papali
1414 2734 1538 2778 judicio
1553 2734 1822 2778 provocationem
1840 2734 1988 2771 adunatae
2000 2734 2171 2781 Apostoli-

1288 2799 1345 2822 cos
1357 2787 1502 2831 Legatos
1526 2784 1738 2829 permiserunt
1761 2785 1821 2819 sibi
1833 2785 2015 2828 praesidere.
2043 2785 2087 2820 Et
2108 2784 2167 2821 hie

1287 2838 1333 2873 est
1355 2837 1461 2881 lapsus
1485 2834 1637 2879 Ephesini
1663 2834 1870 2870 Latrocinii.
1897 2835 1955 2870 Ab
1981 2832 2170 2880 Eutychate

1289 2899 1343 2935 per
1355 2885 1599 2931 Chrysaphium
1610 2884 1809 2920 Eunuchum
1821 2886 2084 2930 circumscriptus
2105 2884 2170 2920 Im·

1289 2946 1416 2985 perator
1438 2935 1667 2976 Theodofius,
1695 2936 1772 2970 dieti
1800 2935 1998 2979 Eutychetis
2024 2937 2070 2970 ita
2096 2945 2171 2980 pro-

1288 2999 1440 3025 vocatam
1463 2987 1593 3026 causam
1615 2988 1826 3021 retraetaturae
1848 2986 1986 3030 Synodo
2007 2998 2075 3022 non
2102 2985 2170 3019 Ro-

1289 3051 1405 3075 manos
1414 3040 1576 3084 Legatos,
1603 3036 1656 3085 sed
1668 3038 1867 3072 Dioscorum
1882 3036 2088 3072 Alexandriae
2108 3034 2169 3070 Pa-

1289 3090 1474 3130 triarcham‚
1486 3086 1631 3123 secundae
1642 3089 1676 3122 in
1691 3097 1759 3123 tota
1771 3087 1914 3123 Ecclesia
1928 3087 2022 3123 Sedis
2036 3086 2172 3130 Episco-

1290 3153 1380 3186 pum,
1391 3139 1476 3184 juffit
1490 3138 1651 3183 praesidere
1664 3165 1671 3172 .
1700 3138 1820 3184 Legati
1832 3146 1924 3173 erant
1933 3137 2038 3180 Julius
2049 3136 2170 3171 Puteo·

1290 3193 1383 3226 lanus
1411 3189 1591 3234 Episcopus
1604 3213 1614 3229 ,
1641 3189 1790 3224 Renatus
1804 3187 1995 3231 Presbyter,
2022 3199 2061 3221 ac
2074 3185 2171 3220 Hila-

1290 3253 1342 3276 rus
1365 3241 1537 3276 Diaconus
1549 3263 1560 3280 ,
1588 3250 1729 3283 quorum
1750 3239 1892 3283 primum
1912 3236 1958 3271 ob
1970 3237 2062 3272 Sedis
2078 3233 2171 3279 Apo-

1291 3292 1411 3326 stolicae
1420 3289 1634 3324 reverentiam
1654 3289 1712 3324 fibi
1725 3288 1911 3333 proximum
1941 3284 2172 3328 affiderejuffit
2233 3300 2236 3307 ‹

1274 3335 1279 3376 l
1291 3343 1484 3381 Dioscorus,
1493 3339 1576 3374 duos
1587 3339 1669 3374 alios
1680 3336 1860 3384 postposuit
1870 3336 2028 3372 omnibus
2035 3336 2172 3380 Episco-

1273 3377 1358 3436 lpis.
1387 3390 1622 3436 Episcoporum
1644 3390 1733 3425 enim
1753 3389 1895 3433 Legatos
1907 3384 2116 3430 presbyteros
2132 3394 2171 3418 ac

352 3453 425 3491 ter,
451 3440 666 3480 Constantini
693 3441 850 3488 Episcopi
876 3442 1020 3491 Legatus
1041 3469 1053 3486 ,
1078 3443 1159 3481 sedit
1186 3443 1233 3478 ul·
1275 3439 1466 3509 ‘Diaconos
1476 3440 1647 3488 Episcopis
1657 3451 1725 3476 non
1737 3435 2092 3486 permiscuit‚sedjuxta
2102 3445 2174 3479 gra·

2066 3485 2127 3524 dus
