<?xml version="1.0" encoding="UTF-8"?>
<!DOCTYPE html PUBLIC "-//W3C//DTD XHTML 1.0 Transitional//EN"
    "http://www.w3.org/TR/xhtml1/DTD/xhtml1-transitional.dtd">
<html xmlns="http://www.w3.org/1999/xhtml" xml:lang="en" lang="en">
 <head>
  <title>
</title>
<meta http-equiv="Content-Type" content="text/html;charset=utf-8" />
  <meta name='ocr-system' content='tesseract 3.04.00' />
  <meta name='ocr-capabilities' content='ocr_page ocr_carea ocr_par ocr_line ocrx_word'/>
</head>
<body>
  <div class='ocr_page' id='page_1' title='image "./operaomniastudio05lupuuoft_0234.png"; bbox 0 0 2366 3756; ppageno 0'>
   <div class='ocr_carea' id='block_1_1' title="bbox 117 1720 252 1753">
    <p class='ocr_par' dir='ltr' id='par_1_1' title="bbox 117 1720 252 1753">
     <span class='ocr_line' id='line_1_1' title="bbox 117 1720 252 1753; baseline 0.007 -1"><span class='ocrx_word' id='word_1_1' title='bbox 117 1720 180 1752; x_wconf 74' lang='lat' dir='ltr'>Lib·</span> <span class='ocrx_word' id='word_1_2' title='bbox 206 1731 252 1753; x_wconf 65' lang='grc' dir='ltr'>ει,</span> 
     </span>
    </p>
   </div>
   <div class='ocr_carea' id='block_1_2' title="bbox 114 1769 234 1800">
    <p class='ocr_par' dir='ltr' id='par_1_2' title="bbox 114 1769 234 1800">
     <span class='ocr_line' id='line_1_2' title="bbox 114 1769 234 1800; baseline -0.008 -8"><span class='ocrx_word' id='word_1_3' title='bbox 114 1769 179 1800; x_wconf 81' lang='lat' dir='ltr'>cap.</span> <span class='ocrx_word' id='word_1_4' title='bbox 210 1770 234 1797; x_wconf 71' lang='grc' dir='ltr'>ς,</span> 
     </span>
    </p>
   </div>
   <div class='ocr_carea' id='block_1_3' title="bbox 116 1877 251 1920">
    <p class='ocr_par' dir='ltr' id='par_1_3' title="bbox 116 1877 251 1920">
     <span class='ocr_line' id='line_1_3' title="bbox 116 1877 251 1920; baseline -0.015 -7"><span class='ocrx_word' id='word_1_5' title='bbox 116 1877 211 1920; x_wconf 59' lang='grc' dir='ltr'>ΕΡΞΙὴ,</span> <span class='ocrx_word' id='word_1_6' title='bbox 227 1890 251 1913; x_wconf 82' lang='grc' dir='ltr'>ι,</span> 
     </span>
    </p>
   </div>
   <div class='ocr_carea' id='block_1_4' title="bbox 387 140 487 185">
    <p class='ocr_par' dir='ltr' id='par_1_4' title="bbox 387 140 487 185">
     <span class='ocr_line' id='line_1_4' title="bbox 387 140 487 185; baseline 0 -13"><span class='ocrx_word' id='word_1_7' title='bbox 387 140 487 185; x_wconf 83' lang='lat'>224</span> 
     </span>
    </p>
   </div>
   <div class='ocr_carea' id='block_1_5' title="bbox 300 198 1197 1547">
    <p class='ocr_par' dir='ltr' id='par_1_5' title="bbox 300 198 1197 1547">
     <span class='ocr_line' id='line_1_5' title="bbox 365 198 1197 247; baseline 0 -8"><span class='ocrx_word' id='word_1_8' title='bbox 365 205 485 242; x_wconf 87' lang='lat' dir='ltr'>Omnis</span> <span class='ocrx_word' id='word_1_9' title='bbox 496 198 629 245; x_wconf 73' lang='lat' dir='ltr'>quaestio</span> <span class='ocrx_word' id='word_1_10' title='bbox 641 201 709 244; x_wconf 83' lang='lat' dir='ltr'>est,</span> <span class='ocrx_word' id='word_1_11' title='bbox 735 201 792 237; x_wconf 81' lang='lat' dir='ltr'>An</span> <span class='ocrx_word' id='word_1_12' title='bbox 806 203 954 237; x_wconf 87' lang='lat' dir='ltr'>Romani</span> <span class='ocrx_word' id='word_1_13' title='bbox 977 203 1134 247; x_wconf 87' lang='lat' dir='ltr'>Imperii,</span> <span class='ocrx_word' id='word_1_14' title='bbox 1159 215 1197 239; x_wconf 89' lang='lat' dir='ltr'>ac</span> 
     </span>
     <span class='ocr_line' id='line_1_6' title="bbox 317 250 1195 298; baseline 0 -9"><span class='ocrx_word' id='word_1_15' title='bbox 317 253 484 295; x_wconf 55' lang='lat' dir='ltr'>aliorum&amp;</span> <span class='ocrx_word' id='word_1_16' title='bbox 505 250 627 286; x_wconf 90' lang='lat' dir='ltr'>feudali</span> <span class='ocrx_word' id='word_1_17' title='bbox 651 253 705 288; x_wconf 90' lang='lat' dir='ltr'>vel</span> <span class='ocrx_word' id='word_1_18' title='bbox 725 253 842 296; x_wconf 84' lang='lat' dir='ltr'>quovis</span> <span class='ocrx_word' id='word_1_19' title='bbox 869 252 979 298; x_wconf 89' lang='lat' dir='ltr'>quoad</span> <span class='ocrx_word' id='word_1_20' title='bbox 1000 254 1195 289; x_wconf 63' lang='lat' dir='ltr'>erectionem</span> 
     </span>
     <span class='ocr_line' id='line_1_7' title="bbox 317 302 1197 347; baseline -0.001 -8"><span class='ocrx_word' id='word_1_21' title='bbox 317 305 368 339; x_wconf 81' lang='lat' dir='ltr'>vel</span> <span class='ocrx_word' id='word_1_22' title='bbox 402 302 592 336; x_wconf 68' lang='lat' dir='ltr'>electionem</span> <span class='ocrx_word' id='word_1_23' title='bbox 619 302 685 336; x_wconf 89' lang='lat' dir='ltr'>alio</span> <span class='ocrx_word' id='word_1_24' title='bbox 714 302 862 346; x_wconf 61' lang='lat' dir='ltr'>Ecclesiae</span> <span class='ocrx_word' id='word_1_25' title='bbox 885 302 951 346; x_wconf 86' lang='lat' dir='ltr'>jure</span> <span class='ocrx_word' id='word_1_26' title='bbox 977 302 1197 347; x_wconf 87' lang='lat' dir='ltr'>independen-</span> 
     </span>
     <span class='ocr_line' id='line_1_8' title="bbox 316 351 1193 397; baseline 0 -9"><span class='ocrx_word' id='word_1_27' title='bbox 316 354 400 388; x_wconf 85' lang='lat' dir='ltr'>tium</span> <span class='ocrx_word' id='word_1_28' title='bbox 421 352 639 397; x_wconf 80' lang='lat' dir='ltr'>Regnorum,</span> <span class='ocrx_word' id='word_1_29' title='bbox 665 351 833 396; x_wconf 87' lang='lat' dir='ltr'>Augustos</span> <span class='ocrx_word' id='word_1_30' title='bbox 855 364 893 388; x_wconf 87' lang='lat' dir='ltr'>ac</span> <span class='ocrx_word' id='word_1_31' title='bbox 912 354 1077 397; x_wconf 88' lang='lat' dir='ltr'>supremos</span> <span class='ocrx_word' id='word_1_32' title='bbox 1101 352 1193 388; x_wconf 87' lang='lat' dir='ltr'>Prin-</span> 
     </span>
     <span class='ocr_line' id='line_1_9' title="bbox 314 401 1195 448; baseline 0.001 -11"><span class='ocrx_word' id='word_1_33' title='bbox 314 403 401 446; x_wconf 76' lang='lat' dir='ltr'>cipes</span> <span class='ocrx_word' id='word_1_34' title='bbox 413 402 532 445; x_wconf 84' lang='lat' dir='ltr'>possint</span> <span class='ocrx_word' id='word_1_35' title='bbox 548 401 694 435; x_wconf 89' lang='lat' dir='ltr'>Romani</span> <span class='ocrx_word' id='word_1_36' title='bbox 711 403 898 444; x_wconf 86' lang='lat' dir='ltr'>Pontifices,</span> <span class='ocrx_word' id='word_1_37' title='bbox 908 403 1026 437; x_wconf 88' lang='lat' dir='ltr'>velalii</span> <span class='ocrx_word' id='word_1_38' title='bbox 1040 404 1195 448; x_wconf 84' lang='lat' dir='ltr'>Episcopi</span> 
     </span>
     <span class='ocr_line' id='line_1_10' title="bbox 312 451 1196 499; baseline 0.005 -13"><span class='ocrx_word' id='word_1_39' title='bbox 312 453 415 487; x_wconf 84' lang='lat' dir='ltr'>etiam</span> <span class='ocrx_word' id='word_1_40' title='bbox 446 451 616 496; x_wconf 86' lang='lat' dir='ltr'>degradare</span> <span class='ocrx_word' id='word_1_41' title='bbox 634 452 651 485; x_wconf 70' lang='grc' dir='ltr'>,ἓ</span> <span class='ocrx_word' id='word_1_42' title='bbox 677 452 922 499; x_wconf 83' lang='lat' dir='ltr'>Distinguenda</span> <span class='ocrx_word' id='word_1_43' title='bbox 943 453 989 488; x_wconf 85' lang='lat' dir='ltr'>est</span> <span class='ocrx_word' id='word_1_44' title='bbox 1011 454 1131 497; x_wconf 80' lang='lat' dir='ltr'><strong>duplex</strong></span> <span class='ocrx_word' id='word_1_45' title='bbox 1145 454 1196 490; x_wconf 87' lang='lat' dir='ltr'>de-</span> 
     </span>
     <span class='ocr_line' id='line_1_11' title="bbox 312 501 1194 547; baseline 0.006 -12"><span class='ocrx_word' id='word_1_46' title='bbox 312 501 486 547; x_wconf 80' lang='lat' dir='ltr'>gradatio.-</span> <span class='ocrx_word' id='word_1_47' title='bbox 514 502 645 536; x_wconf 70' lang='lat' dir='ltr'>Diresta</span> <span class='ocrx_word' id='word_1_48' title='bbox 668 527 679 544; x_wconf 92' lang='lat'>‚</span> <span class='ocrx_word' id='word_1_49' title='bbox 714 514 752 537; x_wconf 92' lang='lat' dir='ltr'>ac</span> <span class='ocrx_word' id='word_1_50' title='bbox 779 503 953 539; x_wconf 67' lang='lat' dir='ltr'>indiresta.</span> <span class='ocrx_word' id='word_1_51' title='bbox 982 504 1113 539; x_wconf 64' lang='lat' dir='ltr'>Direiia</span> <span class='ocrx_word' id='word_1_52' title='bbox 1149 505 1194 540; x_wconf 84' lang='lat' dir='ltr'>est</span> 
     </span>
     <span class='ocr_line' id='line_1_12' title="bbox 312 551 1195 597; baseline 0.005 -12"><span class='ocrx_word' id='word_1_53' title='bbox 312 551 485 596; x_wconf 86' lang='lat' dir='ltr'>superioris</span> <span class='ocrx_word' id='word_1_54' title='bbox 498 552 531 586; x_wconf 90' lang='lat' dir='ltr'>in</span> <span class='ocrx_word' id='word_1_55' title='bbox 543 552 733 586; x_wconf 86' lang='lat' dir='ltr'>inferiorem</span> <span class='ocrx_word' id='word_1_56' title='bbox 745 564 799 596; x_wconf 86' lang='lat' dir='ltr'>per</span> <span class='ocrx_word' id='word_1_57' title='bbox 809 553 965 597; x_wconf 89' lang='lat' dir='ltr'>judiciale</span> <span class='ocrx_word' id='word_1_58' title='bbox 977 565 1114 589; x_wconf 83' lang='lat' dir='ltr'>examen</span> <span class='ocrx_word' id='word_1_59' title='bbox 1126 555 1195 590; x_wconf 81' lang='lat' dir='ltr'>sen·</span> 
     </span>
     <span class='ocr_line' id='line_1_13' title="bbox 312 600 1194 647; baseline 0.003 -10"><span class='ocrx_word' id='word_1_60' title='bbox 312 603 437 637; x_wconf 81' lang='lat' dir='ltr'>tentia:</span> <span class='ocrx_word' id='word_1_61' title='bbox 464 602 497 638; x_wconf 82' lang='lat'>&amp;</span> <span class='ocrx_word' id='word_1_62' title='bbox 529 600 625 644; x_wconf 86' lang='lat' dir='ltr'>hujus</span> <span class='ocrx_word' id='word_1_63' title='bbox 646 603 787 637; x_wconf 77' lang='lat' dir='ltr'><strong>Ecclesia</strong></span> <span class='ocrx_word' id='word_1_64' title='bbox 808 603 933 639; x_wconf 90' lang='lat' dir='ltr'>nullam</span> <span class='ocrx_word' id='word_1_65' title='bbox 951 604 1049 640; x_wconf 86' lang='lat' dir='ltr'>habet</span> <span class='ocrx_word' id='word_1_66' title='bbox 1060 604 1194 647; x_wconf 79' lang='lat' dir='ltr'>potesta·</span> 
     </span>
     <span class='ocr_line' id='line_1_14' title="bbox 312 652 1192 691; baseline 0.002 -4"><span class='ocrx_word' id='word_1_67' title='bbox 312 662 398 691; x_wconf 74' lang='lat' dir='ltr'>tem.</span> <span class='ocrx_word' id='word_1_68' title='bbox 430 652 530 686; x_wconf 67' lang='lat' dir='ltr'>Recte</span> <span class='ocrx_word' id='word_1_69' title='bbox 556 653 645 686; x_wconf 87' lang='lat' dir='ltr'>enim</span> <span class='ocrx_word' id='word_1_70' title='bbox 670 652 705 687; x_wconf 91' lang='lat' dir='ltr'>in</span> <span class='ocrx_word' id='word_1_71' title='bbox 735 654 866 691; x_wconf 82' lang='lat' dir='ltr'>suorum</span> <span class='ocrx_word' id='word_1_72' title='bbox 886 654 1038 690; x_wconf 78' lang='lat' dir='ltr'>adversus</span> <span class='ocrx_word' id='word_1_73' title='bbox 1059 654 1192 690; x_wconf 89' lang='lat' dir='ltr'>Petrum</span> 
     </span>
     <span class='ocr_line' id='line_1_15' title="bbox 310 701 1191 747; baseline 0.002 -10"><span class='ocrx_word' id='word_1_74' title='bbox 310 702 458 747; x_wconf 87' lang='lat' dir='ltr'>Mogum</span> <span class='ocrx_word' id='word_1_75' title='bbox 497 701 651 737; x_wconf 85' lang='lat' dir='ltr'>Pseudo·</span> <span class='ocrx_word' id='word_1_76' title='bbox 668 703 890 740; x_wconf 87' lang='lat' dir='ltr'>Patriarcham</span> <span class='ocrx_word' id='word_1_77' title='bbox 930 705 1191 740; x_wconf 85' lang='lat' dir='ltr'>Alexandrinum</span> 
     </span>
     <span class='ocr_line' id='line_1_16' title="bbox 309 750 1189 798; baseline 0.002 -11"><span class='ocrx_word' id='word_1_78' title='bbox 309 752 473 787; x_wconf 70' lang='lat' dir='ltr'>Astorum</span> <span class='ocrx_word' id='word_1_79' title='bbox 501 750 731 798; x_wconf 84' lang='lat' dir='ltr'>Apologetico</span> <span class='ocrx_word' id='word_1_80' title='bbox 760 754 864 796; x_wconf 91' lang='lat' dir='ltr'>libro,</span> <span class='ocrx_word' id='word_1_81' title='bbox 893 767 931 790; x_wconf 91' lang='lat' dir='ltr'>ac</span> <span class='ocrx_word' id='word_1_82' title='bbox 957 757 991 790; x_wconf 91' lang='lat' dir='ltr'>in</span> <span class='ocrx_word' id='word_1_83' title='bbox 1007 756 1123 789; x_wconf 88' lang='lat' dir='ltr'>litteris</span> <span class='ocrx_word' id='word_1_84' title='bbox 1148 755 1189 789; x_wconf 87' lang='lat' dir='ltr'>ad</span> 
     </span>
     <span class='ocr_line' id='line_1_17' title="bbox 310 800 1191 845; baseline 0.005 -9"><span class='ocrx_word' id='word_1_85' title='bbox 310 800 546 845; x_wconf 82' lang='lat' dir='ltr'>Imperatorem</span> <span class='ocrx_word' id='word_1_86' title='bbox 573 802 783 838; x_wconf 85' lang='lat' dir='ltr'>Anastafium</span> <span class='ocrx_word' id='word_1_87' title='bbox 810 806 945 839; x_wconf 69' lang='lat' dir='ltr'>sanstus</span> <span class='ocrx_word' id='word_1_88' title='bbox 958 804 1116 843; x_wconf 83' lang='lat' dir='ltr'>Pontifex</span> <span class='ocrx_word' id='word_1_89' title='bbox 1129 806 1191 840; x_wconf 91' lang='lat' dir='ltr'>Ge·</span> 
     </span>
     <span class='ocr_line' id='line_1_18' title="bbox 312 852 1190 897; baseline 0.006 -12"><span class='ocrx_word' id='word_1_90' title='bbox 312 852 407 886; x_wconf 80' lang='lat' dir='ltr'>lafius</span> <span class='ocrx_word' id='word_1_91' title='bbox 427 853 566 887; x_wconf 85' lang='lat' dir='ltr'>affirmat</span> <span class='ocrx_word' id='word_1_92' title='bbox 591 854 696 887; x_wconf 86' lang='lat' dir='ltr'>solum</span> <span class='ocrx_word' id='word_1_93' title='bbox 721 854 888 889; x_wconf 87' lang='lat' dir='ltr'>Christum</span> <span class='ocrx_word' id='word_1_94' title='bbox 914 856 1127 897; x_wconf 91' lang='lat' dir='ltr'>Dominum,</span> <span class='ocrx_word' id='word_1_95' title='bbox 1152 867 1190 890; x_wconf 85' lang='lat' dir='ltr'>ac</span> 
     </span>
     <span class='ocr_line' id='line_1_19' title="bbox 309 902 1190 951; baseline 0.003 -14"><span class='ocrx_word' id='word_1_96' title='bbox 309 902 378 946; x_wconf 82' lang='lat' dir='ltr'>ejus</span> <span class='ocrx_word' id='word_1_97' title='bbox 399 903 554 946; x_wconf 86' lang='lat' dir='ltr'>quosdam</span> <span class='ocrx_word' id='word_1_98' title='bbox 580 903 616 937; x_wconf 87' lang='lat' dir='ltr'>in</span> <span class='ocrx_word' id='word_1_99' title='bbox 637 904 777 947; x_wconf 87' lang='lat' dir='ltr'>antiquo</span> <span class='ocrx_word' id='word_1_100' title='bbox 798 905 863 939; x_wconf 90' lang='lat' dir='ltr'>Dei</span> <span class='ocrx_word' id='word_1_101' title='bbox 891 906 1015 949; x_wconf 89' lang='lat' dir='ltr'>populo</span> <span class='ocrx_word' id='word_1_102' title='bbox 1042 916 1190 951; x_wconf 87' lang='lat' dir='ltr'>gere-ntes</span> 
     </span>
     <span class='ocr_line' id='line_1_20' title="bbox 308 954 1185 1001; baseline 0.007 -15"><span class='ocrx_word' id='word_1_103' title='bbox 308 954 526 996; x_wconf 77' lang='lat' dir='ltr'>praenunciam</span> <span class='ocrx_word' id='word_1_104' title='bbox 550 954 707 998; x_wconf 86' lang='lat' dir='ltr'>figuram,</span> <span class='ocrx_word' id='word_1_105' title='bbox 738 954 832 988; x_wconf 76' lang='lat' dir='ltr'>fuisse</span> <span class='ocrx_word' id='word_1_106' title='bbox 855 955 963 1001; x_wconf 83' lang='lat' dir='ltr'>Reges</span> <span class='ocrx_word' id='word_1_107' title='bbox 984 956 1126 991; x_wconf 82' lang='lat' dir='ltr'>simulac</span> <span class='ocrx_word' id='word_1_108' title='bbox 1137 958 1185 992; x_wconf 85' lang='lat' dir='ltr'>Sa·</span> 
     </span>
     <span class='ocr_line' id='line_1_21' title="bbox 308 1001 1189 1050; baseline 0.003 -12"><span class='ocrx_word' id='word_1_109' title='bbox 308 1001 458 1038; x_wconf 85' lang='lat' dir='ltr'>cerdotes</span> <span class='ocrx_word' id='word_1_110' title='bbox 469 1027 479 1044; x_wconf 89' lang='lat'>‚</span> <span class='ocrx_word' id='word_1_111' title='bbox 505 1004 539 1037; x_wconf 90' lang='lat' dir='ltr'>in</span> <span class='ocrx_word' id='word_1_112' title='bbox 555 1015 642 1038; x_wconf 87' lang='lat' dir='ltr'>novo</span> <span class='ocrx_word' id='word_1_113' title='bbox 655 1014 765 1039; x_wconf 87' lang='lat' dir='ltr'>autem</span> <span class='ocrx_word' id='word_1_114' title='bbox 779 1004 997 1041; x_wconf 84' lang='lat' dir='ltr'>Testamento</span> <span class='ocrx_word' id='word_1_115' title='bbox 1008 1005 1125 1041; x_wconf 84' lang='lat' dir='ltr'>divisas</span> <span class='ocrx_word' id='word_1_116' title='bbox 1138 1018 1189 1050; x_wconf 91' lang='lat' dir='ltr'>pe-</span> 
     </span>
     <span class='ocr_line' id='line_1_22' title="bbox 306 1051 1184 1099; baseline 0.006 -14"><span class='ocrx_word' id='word_1_117' title='bbox 306 1051 398 1086; x_wconf 74' lang='lat' dir='ltr'>nitus</span> <span class='ocrx_word' id='word_1_118' title='bbox 412 1064 449 1087; x_wconf 91' lang='lat' dir='ltr'>ac</span> <span class='ocrx_word' id='word_1_119' title='bbox 470 1053 641 1097; x_wconf 85' lang='lat' dir='ltr'>disparatas</span> <span class='ocrx_word' id='word_1_120' title='bbox 663 1055 726 1089; x_wconf 73' lang='lat' dir='ltr'>esse</span> <span class='ocrx_word' id='word_1_121' title='bbox 737 1055 811 1090; x_wconf 86' lang='lat' dir='ltr'>istas</span> <span class='ocrx_word' id='word_1_122' title='bbox 822 1057 1016 1099; x_wconf 78' lang='lat' dir='ltr'>potestateS,</span> <span class='ocrx_word' id='word_1_123' title='bbox 1043 1057 1184 1091; x_wconf 87' lang='lat' dir='ltr'>invicem</span> 
     </span>
     <span class='ocr_line' id='line_1_23' title="bbox 306 1102 1185 1151; baseline 0.005 -15"><span class='ocrx_word' id='word_1_124' title='bbox 306 1102 396 1137; x_wconf 82' lang='lat' dir='ltr'>ultro</span> <span class='ocrx_word' id='word_1_125' title='bbox 417 1103 564 1148; x_wconf 89' lang='lat' dir='ltr'>citroque</span> <span class='ocrx_word' id='word_1_126' title='bbox 585 1105 618 1139; x_wconf 77' lang='grc' dir='ltr'>δε</span> <span class='ocrx_word' id='word_1_127' title='bbox 640 1115 803 1148; x_wconf 84' lang='lat' dir='ltr'>exemptas</span> <span class='ocrx_word' id='word_1_128' title='bbox 821 1107 855 1140; x_wconf 90' lang='lat'>&amp;</span> <span class='ocrx_word' id='word_1_129' title='bbox 879 1106 1052 1151; x_wconf 70' lang='lat' dir='ltr'>subjestas.</span> <span class='ocrx_word' id='word_1_130' title='bbox 1082 1109 1185 1150; x_wconf 77' lang='lat' dir='ltr'>,Quan-</span> 
     </span>
     <span class='ocr_line' id='line_1_24' title="bbox 306 1153 1185 1200; baseline 0.006 -16"><span class='ocrx_word' id='word_1_131' title='bbox 306 1160 370 1185; x_wconf 77' lang='lat' dir='ltr'>tum</span> <span class='ocrx_word' id='word_1_132' title='bbox 384 1178 394 1194; x_wconf 89' lang='lat'><em>‚</em></span> <span class='ocrx_word' id='word_1_133' title='bbox 422 1154 530 1197; x_wconf 87' lang='lat' dir='ltr'>inquit</span> <span class='ocrx_word' id='word_1_134' title='bbox 543 1155 582 1188; x_wconf 90' lang='lat' dir='ltr'>ad</span> <span class='ocrx_word' id='word_1_135' title='bbox 605 1153 726 1188; x_wconf 63' lang='lat' dir='ltr'>dietum</span> <span class='ocrx_word' id='word_1_136' title='bbox 753 1154 939 1200; x_wconf 83' lang='lat' dir='ltr'>Principem</span> <span class='ocrx_word' id='word_1_137' title='bbox 953 1181 963 1197; x_wconf 91' lang='lat'>,</span> <span class='ocrx_word' id='word_1_138' title='bbox 990 1159 1035 1190; x_wconf 85' lang='lat' dir='ltr'>ad</span> <span class='ocrx_word' id='word_1_139' title='bbox 1054 1159 1185 1190; x_wconf 76' lang='lat' dir='ltr'>ordinem</span> 
     </span>
     <span class='ocr_line' id='line_1_25' title="bbox 301 1204 1184 1250; baseline 0.006 -16"><span class='ocrx_word' id='word_1_140' title='bbox 301 1209 435 1244; x_wconf 74' lang='lat' dir='ltr'>pertinet</span> <span class='ocrx_word' id='word_1_141' title='bbox 452 1204 580 1245; x_wconf 70' lang='lat' dir='ltr'>publica</span> <span class='ocrx_word' id='word_1_142' title='bbox 601 1204 765 1247; x_wconf 78' lang='lat' dir='ltr'>disciplinae</span> <span class='ocrx_word' id='word_1_143' title='bbox 782 1230 791 1246; x_wconf 90' lang='lat'>‚</span> <span class='ocrx_word' id='word_1_144' title='bbox 817 1205 1013 1250; x_wconf 73' lang='lat' dir='ltr'>cognoftentes</span> <span class='ocrx_word' id='word_1_145' title='bbox 1028 1211 1184 1248; x_wconf 78' lang='lat' dir='ltr'>Imperium</span> 
     </span>
     <span class='ocr_line' id='line_1_26' title="bbox 305 1251 1189 1300; baseline 0.003 -15"><span class='ocrx_word' id='word_1_146' title='bbox 305 1252 362 1286; x_wconf 76' lang='lat' dir='ltr'>ribi</span> <span class='ocrx_word' id='word_1_147' title='bbox 377 1251 505 1295; x_wconf 70' lang='lat' dir='ltr'>superna</span> <span class='ocrx_word' id='word_1_148' title='bbox 526 1253 707 1298; x_wconf 68' lang='lat' dir='ltr'>dispositione</span> <span class='ocrx_word' id='word_1_149' title='bbox 728 1257 883 1295; x_wconf 80' lang='lat' dir='ltr'>collatum,</span> <span class='ocrx_word' id='word_1_150' title='bbox 909 1257 1024 1300; x_wconf 85' lang='lat' dir='ltr'>legibus</span> <span class='ocrx_word' id='word_1_151' title='bbox 1050 1261 1110 1290; x_wconf 75' lang='lat' dir='ltr'>tuis</span> <span class='ocrx_word' id='word_1_152' title='bbox 1137 1255 1189 1298; x_wconf 77' lang='lat' dir='ltr'>ipſs</span> 
     </span>
     <span class='ocr_line' id='line_1_27' title="bbox 306 1305 1183 1348; baseline 0.006 -14"><span class='ocrx_word' id='word_1_153' title='bbox 306 1314 415 1344; x_wconf 80' lang='lat' dir='ltr'>quoque</span> <span class='ocrx_word' id='word_1_154' title='bbox 436 1312 549 1344; x_wconf 82' lang='lat' dir='ltr'>parent</span> <span class='ocrx_word' id='word_1_155' title='bbox 572 1305 720 1348; x_wconf 80' lang='lat' dir='ltr'>religionis</span> <span class='ocrx_word' id='word_1_156' title='bbox 733 1306 883 1346; x_wconf 58' lang='lat' dir='ltr'>antistites</span> <span class='ocrx_word' id='word_1_157' title='bbox 899 1331 910 1346; x_wconf 93' lang='lat'>‚</span> <span class='ocrx_word' id='word_1_158' title='bbox 937 1318 973 1339; x_wconf 86' lang='lat' dir='ltr'>ne</span> <span class='ocrx_word' id='word_1_159' title='bbox 988 1307 1041 1340; x_wconf 83' lang='lat' dir='ltr'>vel</span> <span class='ocrx_word' id='word_1_160' title='bbox 1057 1313 1089 1339; x_wconf 81' lang='lat' dir='ltr'>in</span> <span class='ocrx_word' id='word_1_161' title='bbox 1099 1307 1183 1340; x_wconf 58' lang='lat' dir='ltr'>nehus</span> 
     </span>
     <span class='ocr_line' id='line_1_28' title="bbox 303 1352 1180 1399; baseline 0.006 -15"><span class='ocrx_word' id='word_1_162' title='bbox 303 1355 469 1386; x_wconf 76' lang='lat' dir='ltr'>mundanis</span> <span class='ocrx_word' id='word_1_163' title='bbox 507 1352 634 1395; x_wconf 78' lang='lat' dir='ltr'>exclusae</span> <span class='ocrx_word' id='word_1_164' title='bbox 669 1355 835 1388; x_wconf 63' lang='lat' dir='ltr'>videantur</span> <span class='ocrx_word' id='word_1_165' title='bbox 858 1355 979 1389; x_wconf 69' lang='lat' dir='ltr'>obware</span> <span class='ocrx_word' id='word_1_166' title='bbox 1001 1354 1180 1399; x_wconf 73' lang='lat' dir='ltr'>sententia.</span> 
     </span>
     <span class='ocr_line' id='line_1_29' title="bbox 306 1401 1183 1450; baseline 0.008 -16"><span class='ocrx_word' id='word_1_167' title='bbox 306 1401 410 1447; x_wconf 79' lang='lat' dir='ltr'>Qiod</span> <span class='ocrx_word' id='word_1_168' title='bbox 436 1403 539 1445; x_wconf 87' lang='lat' dir='ltr'>ipsum</span> <span class='ocrx_word' id='word_1_169' title='bbox 567 1403 599 1435; x_wconf 87' lang='lat' dir='ltr'>in</span> <span class='ocrx_word' id='word_1_170' title='bbox 626 1403 741 1437; x_wconf 85' lang='lat' dir='ltr'>litteris</span> <span class='ocrx_word' id='word_1_171' title='bbox 765 1404 805 1440; x_wconf 86' lang='lat' dir='ltr'>ad</span> <span class='ocrx_word' id='word_1_172' title='bbox 844 1406 1031 1450; x_wconf 77' lang='lat' dir='ltr'>Solitarios.</span> <span class='ocrx_word' id='word_1_173' title='bbox 1050 1408 1183 1441; x_wconf 66' lang='lat' dir='ltr'>Sanetus</span> 
     </span>
     <span class='ocr_line' id='line_1_30' title="bbox 302 1451 1176 1496; baseline 0.007 -12"><span class='ocrx_word' id='word_1_174' title='bbox 302 1451 523 1491; x_wconf 71' lang='lat' dir='ltr'>Athanasius,</span> <span class='ocrx_word' id='word_1_175' title='bbox 552 1454 585 1487; x_wconf 78' lang='lat' dir='ltr'>«Sc</span> <span class='ocrx_word' id='word_1_176' title='bbox 610 1454 642 1486; x_wconf 87' lang='lat' dir='ltr'>in</span> <span class='ocrx_word' id='word_1_177' title='bbox 675 1454 818 1496; x_wconf 83' lang='lat' dir='ltr'>Epistola</span> <span class='ocrx_word' id='word_1_178' title='bbox 840 1451 1176 1491; x_wconf 60' lang='lat' dir='ltr'>adversus-&#39;Ah&#39;dreni-</span> 
     </span>
     <span class='ocr_line' id='line_1_31' title="bbox 300 1501 1180 1547; baseline 0.002 -11"><span class='ocrx_word' id='word_1_179' title='bbox 300 1513 378 1536; x_wconf 77' lang='lat' dir='ltr'>cum</span> <span class='ocrx_word' id='word_1_180' title='bbox 401 1503 462 1535; x_wconf 86' lang='lat' dir='ltr'>suae</span> <span class='ocrx_word' id='word_1_181' title='bbox 479 1501 662 1536; x_wconf 84' lang='lat' dir='ltr'>Provinciae</span> <span class='ocrx_word' id='word_1_182' title='bbox 686 1503 873 1537; x_wconf 60' lang='lat' dir='ltr'>Praefectum</span> <span class='ocrx_word' id='word_1_183' title='bbox 886 1507 1020 1539; x_wconf 70' lang='lat' dir='ltr'>Sanstus</span> <span class='ocrx_word' id='word_1_184' title='bbox 1032 1507 1180 1547; x_wconf 86' lang='lat' dir='ltr'>Synesius</span> 
     </span>
    </p>
   </div>
   <div class='ocr_carea' id='block_1_6' title="bbox 222 1536 1182 1596">
    <p class='ocr_par' dir='ltr' id='par_1_6' title="bbox 222 1536 1182 1596">
     <span class='ocr_line' id='line_1_32' title="bbox 222 1536 1182 1596; baseline 0.003 -12"><span class='ocrx_word' id='word_1_185' title='bbox 222 1536 246 1557; x_wconf 47' lang='grc' dir='ltr'>η’</span> <span class='ocrx_word' id='word_1_186' title='bbox 302 1550 524 1585; x_wconf 74' lang='lat' dir='ltr'>ptolomaidis</span> <span class='ocrx_word' id='word_1_187' title='bbox 545 1552 577 1584; x_wconf 90' lang='lat' dir='ltr'>in</span> <span class='ocrx_word' id='word_1_188' title='bbox 602 1551 774 1595; x_wconf 84' lang='lat' dir='ltr'>Pentapoli</span> <span class='ocrx_word' id='word_1_189' title='bbox 802 1551 979 1596; x_wconf 76' lang='lat' dir='ltr'>Episcopus</span> <span class='ocrx_word' id='word_1_190' title='bbox 995 1578 1005 1594; x_wconf 91' lang='lat'><strong>,</strong></span> <span class='ocrx_word' id='word_1_191' title='bbox 1032 1556 1118 1587; x_wconf 87' lang='lat' dir='ltr'>acin</span> <span class='ocrx_word' id='word_1_192' title='bbox 1130 1566 1182 1588; x_wconf 87' lang='lat' dir='ltr'>va·</span> 
     </span>
    </p>
   </div>
   <div class='ocr_carea' id='block_1_7' title="bbox 296 1601 1182 2645">
    <p class='ocr_par' dir='ltr' id='par_1_7' title="bbox 296 1601 1182 2344">
     <span class='ocr_line' id='line_1_33' title="bbox 302 1601 1179 1638; baseline 0.005 -4"><span class='ocrx_word' id='word_1_193' title='bbox 302 1601 358 1635; x_wconf 79' lang='lat' dir='ltr'>riis</span> <span class='ocrx_word' id='word_1_194' title='bbox 381 1601 463 1635; x_wconf 87' lang='lat' dir='ltr'>locis</span> <span class='ocrx_word' id='word_1_195' title='bbox 481 1601 579 1635; x_wconf 81' lang='lat' dir='ltr'>tradit</span> <span class='ocrx_word' id='word_1_196' title='bbox 607 1601 746 1636; x_wconf 75' lang='lat' dir='ltr'>Isidorus</span> <span class='ocrx_word' id='word_1_197' title='bbox 766 1603 958 1638; x_wconf 88' lang='lat' dir='ltr'>Pelusiotes.</span> <span class='ocrx_word' id='word_1_198' title='bbox 987 1604 1179 1638; x_wconf 87' lang='lat' dir='ltr'>Romanum</span> 
     </span>
     <span class='ocr_line' id='line_1_34' title="bbox 299 1649 1180 1694; baseline 0.003 -10"><span class='ocrx_word' id='word_1_199' title='bbox 299 1649 532 1693; x_wconf 81' lang='lat' dir='ltr'>Imperatorem</span> <span class='ocrx_word' id='word_1_200' title='bbox 547 1663 585 1684; x_wconf 87' lang='lat' dir='ltr'>ex</span> <span class='ocrx_word' id='word_1_201' title='bbox 598 1653 769 1694; x_wconf 83' lang='lat' dir='ltr'>temporali</span> <span class='ocrx_word' id='word_1_202' title='bbox 794 1652 951 1693; x_wconf 83' lang='lat' dir='ltr'>potestate</span> <span class='ocrx_word' id='word_1_203' title='bbox 972 1655 1036 1687; x_wconf 74' lang='lat' dir='ltr'>eise</span> <span class='ocrx_word' id='word_1_204' title='bbox 1053 1655 1117 1687; x_wconf 91' lang='lat' dir='ltr'>Dei</span> <span class='ocrx_word' id='word_1_205' title='bbox 1129 1654 1180 1687; x_wconf 89' lang='lat' dir='ltr'>Sa-</span> 
     </span>
     <span class='ocr_line' id='line_1_35' title="bbox 300 1699 1179 1742; baseline 0.001 -7"><span class='ocrx_word' id='word_1_206' title='bbox 300 1699 489 1736; x_wconf 78' lang='lat' dir='ltr'>cerdotibus</span> <span class='ocrx_word' id='word_1_207' title='bbox 505 1702 704 1742; x_wconf 67' lang='lat' dir='ltr'>praepositum</span> <span class='ocrx_word' id='word_1_208' title='bbox 716 1701 823 1734; x_wconf 84' lang='lat' dir='ltr'>scribit</span> <span class='ocrx_word' id='word_1_209' title='bbox 835 1703 937 1736; x_wconf 85' lang='lat' dir='ltr'>etiam</span> <span class='ocrx_word' id='word_1_210' title='bbox 949 1702 1124 1736; x_wconf 84' lang='lat' dir='ltr'>Facundus</span> <span class='ocrx_word' id='word_1_211' title='bbox 1139 1703 1179 1736; x_wconf 81' lang='lat' dir='ltr'>E-</span> 
     </span>
     <span class='ocr_line' id='line_1_36' title="bbox 298 1749 1180 1794; baseline 0.003 -11"><span class='ocrx_word' id='word_1_212' title='bbox 298 1750 452 1794; x_wconf 81' lang='lat' dir='ltr'>piscopus</span> <span class='ocrx_word' id='word_1_213' title='bbox 465 1749 706 1784; x_wconf 80' lang='lat' dir='ltr'>Hermianenfis</span> <span class='ocrx_word' id='word_1_214' title='bbox 720 1776 727 1783; x_wconf 94' lang='lat'>.</span> <span class='ocrx_word' id='word_1_215' title='bbox 746 1751 788 1784; x_wconf 82' lang='lat' dir='ltr'>Et</span> <span class='ocrx_word' id='word_1_216' title='bbox 799 1752 833 1784; x_wconf 87' lang='lat' dir='ltr'>in</span> <span class='ocrx_word' id='word_1_217' title='bbox 849 1751 963 1785; x_wconf 88' lang='lat' dir='ltr'>litteris</span> <span class='ocrx_word' id='word_1_218' title='bbox 977 1750 1018 1785; x_wconf 89' lang='lat' dir='ltr'>ad</span> <span class='ocrx_word' id='word_1_219' title='bbox 1030 1752 1180 1786; x_wconf 88' lang='lat' dir='ltr'>Leonem</span> 
     </span>
     <span class='ocr_line' id='line_1_37' title="bbox 300 1801 1180 1846; baseline 0.001 -11"><span class='ocrx_word' id='word_1_220' title='bbox 300 1801 444 1835; x_wconf 75' lang='lat' dir='ltr'>isaurum</span> <span class='ocrx_word' id='word_1_221' title='bbox 471 1801 699 1843; x_wconf 76' lang='lat' dir='ltr'>Imperatorem</span> <span class='ocrx_word' id='word_1_222' title='bbox 722 1802 901 1846; x_wconf 79' lang='lat' dir='ltr'>Gregorius</span> <span class='ocrx_word' id='word_1_223' title='bbox 914 1803 1071 1836; x_wconf 79' lang='lat' dir='ltr'>secundus</span> <span class='ocrx_word' id='word_1_224' title='bbox 1097 1802 1180 1836; x_wconf 84' lang='lat' dir='ltr'>Pon-</span> 
     </span>
     <span class='ocr_line' id='line_1_38' title="bbox 303 1849 1180 1894; baseline 0 -9"><span class='ocrx_word' id='word_1_225' title='bbox 303 1852 385 1886; x_wconf 85' lang='lat' dir='ltr'>tifex</span> <span class='ocrx_word' id='word_1_226' title='bbox 401 1865 406 1883; x_wconf 93' lang='lat'>:</span> <span class='ocrx_word' id='word_1_227' title='bbox 437 1849 569 1891; x_wconf 82' lang='lat' dir='ltr'>Ecclefiis</span> <span class='ocrx_word' id='word_1_228' title='bbox 591 1850 740 1892; x_wconf 77' lang='lat' dir='ltr'>praepofiti</span> <span class='ocrx_word' id='word_1_229' title='bbox 757 1850 831 1894; x_wconf 84' lang='lat' dir='ltr'>sunt</span> <span class='ocrx_word' id='word_1_230' title='bbox 854 1852 1007 1894; x_wconf 51' lang='lat' dir='ltr'>Pontifices</span> <span class='ocrx_word' id='word_1_231' title='bbox 1030 1854 1050 1885; x_wconf 71' lang='grc' dir='ltr'><em>ἃ</em></span> <span class='ocrx_word' id='word_1_232' title='bbox 1071 1856 1180 1893; x_wconf 78' lang='lat' dir='ltr'>Reipu-</span> 
     </span>
     <span class='ocr_line' id='line_1_39' title="bbox 301 1900 1179 1945; baseline 0.001 -11"><span class='ocrx_word' id='word_1_233' title='bbox 301 1901 385 1935; x_wconf 79' lang='lat' dir='ltr'>blicae</span> <span class='ocrx_word' id='word_1_234' title='bbox 412 1907 534 1945; x_wconf 74' lang='lat' dir='ltr'>negotiis</span> <span class='ocrx_word' id='word_1_235' title='bbox 558 1900 735 1942; x_wconf 59' lang='lat' dir='ltr'>abstinenter</span> <span class='ocrx_word' id='word_1_236' title='bbox 747 1926 753 1933; x_wconf 95' lang='lat'>.</span> <span class='ocrx_word' id='word_1_237' title='bbox 783 1905 1037 1943; x_wconf 62' lang='lat' dir='ltr'>&amp;Imperatores</span> <span class='ocrx_word' id='word_1_238' title='bbox 1056 1906 1123 1945; x_wconf 62' lang='lat' dir='ltr'>erga</span> <span class='ocrx_word' id='word_1_239' title='bbox 1143 1901 1179 1943; x_wconf 80' lang='lat' dir='ltr'>ſs-</span> 
     </span>
     <span class='ocr_line' id='line_1_40' title="bbox 301 1950 1176 1995; baseline -0.001 -10"><span class='ocrx_word' id='word_1_240' title='bbox 301 1954 413 1986; x_wconf 74' lang='lat' dir='ltr'>militer</span> <span class='ocrx_word' id='word_1_241' title='bbox 427 1953 464 1986; x_wconf 77' lang='lat' dir='ltr'>ab</span> <span class='ocrx_word' id='word_1_242' title='bbox 476 1950 679 1992; x_wconf 78' lang='lat' dir='ltr'>Ecclefiastic-is</span> <span class='ocrx_word' id='word_1_243' title='bbox 703 1950 886 1987; x_wconf 70' lang='lat' dir='ltr'>abstineant.</span> <span class='ocrx_word' id='word_1_244' title='bbox 916 1951 959 1984; x_wconf 90' lang='lat' dir='ltr'>Et</span> <span class='ocrx_word' id='word_1_245' title='bbox 971 1951 1005 1985; x_wconf 88' lang='lat' dir='ltr'>in</span> <span class='ocrx_word' id='word_1_246' title='bbox 1029 1952 1176 1995; x_wconf 78' lang='lat' dir='ltr'>sequenti</span> 
     </span>
     <span class='ocr_line' id='line_1_41' title="bbox 302 1999 1178 2046; baseline -0.003 -10"><span class='ocrx_word' id='word_1_247' title='bbox 302 2002 450 2046; x_wconf 85' lang='lat' dir='ltr'>Epistola</span> <span class='ocrx_word' id='word_1_248' title='bbox 466 2014 472 2034; x_wconf 89' lang='lat'>:</span> <span class='ocrx_word' id='word_1_249' title='bbox 503 2003 760 2043; x_wconf 74' lang='lat' dir='ltr'>,Quemadmodum</span> <span class='ocrx_word' id='word_1_250' title='bbox 789 2000 932 2043; x_wconf 73' lang='lat' dir='ltr'>Pontifex</span> <span class='ocrx_word' id='word_1_251' title='bbox 961 1999 1178 2044; x_wconf 76' lang='lat' dir='ltr'>introspiciendi</span> 
     </span>
     <span class='ocr_line' id='line_1_42' title="bbox 296 2050 1181 2093; baseline -0.001 -8"><span class='ocrx_word' id='word_1_252' title='bbox 296 2058 335 2088; x_wconf 70' lang='lat' dir='ltr'>jn</span> <span class='ocrx_word' id='word_1_253' title='bbox 350 2053 501 2085; x_wconf 80' lang='lat' dir='ltr'>Palatium</span> <span class='ocrx_word' id='word_1_254' title='bbox 509 2051 679 2092; x_wconf 80' lang='lat' dir='ltr'>potestatem</span> <span class='ocrx_word' id='word_1_255' title='bbox 690 2063 746 2083; x_wconf 83' lang='lat' dir='ltr'>non</span> <span class='ocrx_word' id='word_1_256' title='bbox 757 2050 845 2083; x_wconf 69' lang='lat' dir='ltr'>habet</span> <span class='ocrx_word' id='word_1_257' title='bbox 858 2075 869 2091; x_wconf 86' lang='lat'>‚</span> <span class='ocrx_word' id='word_1_258' title='bbox 899 2063 931 2084; x_wconf 86' lang='lat' dir='ltr'>ac</span> <span class='ocrx_word' id='word_1_259' title='bbox 945 2053 1107 2093; x_wconf 73' lang='lat' dir='ltr'>dignitates</span> <span class='ocrx_word' id='word_1_260' title='bbox 1126 2054 1181 2084; x_wconf 74' lang='lat' dir='ltr'>Re-</span> 
     </span>
     <span class='ocr_line' id='line_1_43' title="bbox 303 2098 1181 2147; baseline -0.003 -12"><span class='ocrx_word' id='word_1_261' title='bbox 303 2108 373 2147; x_wconf 81' lang='lat' dir='ltr'>gias</span> <span class='ocrx_word' id='word_1_262' title='bbox 386 2103 555 2146; x_wconf 72' lang='lat' dir='ltr'>conferendi</span> <span class='ocrx_word' id='word_1_263' title='bbox 566 2125 576 2139; x_wconf 86' lang='lat'>,</span> <span class='ocrx_word' id='word_1_264' title='bbox 594 2099 634 2140; x_wconf 83' lang='lat' dir='ltr'>fic</span> <span class='ocrx_word' id='word_1_265' title='bbox 647 2112 739 2141; x_wconf 81' lang='lat' dir='ltr'>neque</span> <span class='ocrx_word' id='word_1_266' title='bbox 749 2104 914 2139; x_wconf 68' lang='lat' dir='ltr'>Imperator</span> <span class='ocrx_word' id='word_1_267' title='bbox 929 2098 1068 2139; x_wconf 81' lang='lat' dir='ltr'>Ecclefias</span> <span class='ocrx_word' id='word_1_268' title='bbox 1090 2105 1181 2132; x_wconf 78' lang='lat' dir='ltr'>intra-</span> 
     </span>
     <span class='ocr_line' id='line_1_44' title="bbox 298 2149 1180 2196; baseline -0.002 -11"><span class='ocrx_word' id='word_1_269' title='bbox 298 2152 447 2196; x_wconf 66' lang='lat' dir='ltr'>spi‘ciendi&#39;</span> <span class='ocrx_word' id='word_1_270' title='bbox 458 2175 468 2189; x_wconf 91' lang='lat'><em>,</em></span> <span class='ocrx_word' id='word_1_271' title='bbox 495 2154 529 2183; x_wconf 65' lang='lat' dir='ltr'>Gr</span> <span class='ocrx_word' id='word_1_272' title='bbox 540 2149 691 2182; x_wconf 65' lang='lat' dir='ltr'>demones</span> <span class='ocrx_word' id='word_1_273' title='bbox 705 2154 738 2181; x_wconf 84' lang='lat' dir='ltr'>in</span> <span class='ocrx_word' id='word_1_274' title='bbox 752 2150 836 2181; x_wconf 83' lang='lat' dir='ltr'>Clero</span> <span class='ocrx_word' id='word_1_275' title='bbox 858 2149 1040 2192; x_wconf 78' lang='lat' dir='ltr'>peragendi.</span> <span class='ocrx_word' id='word_1_276' title='bbox 1068 2149 1180 2192; x_wconf 85' lang='lat' dir='ltr'>Supre-</span> 
     </span>
     <span class='ocr_line' id='line_1_45' title="bbox 301 2197 1182 2245; baseline -0.002 -10"><span class='ocrx_word' id='word_1_277' title='bbox 301 2213 394 2238; x_wconf 84' lang='lat' dir='ltr'>mum</span> <span class='ocrx_word' id='word_1_278' title='bbox 406 2212 484 2245; x_wconf 85' lang='lat' dir='ltr'>ergo</span> <span class='ocrx_word' id='word_1_279' title='bbox 498 2199 623 2243; x_wconf 78' lang='lat' dir='ltr'>Regem</span> <span class='ocrx_word' id='word_1_280' title='bbox 637 2197 750 2242; x_wconf 85' lang='lat' dir='ltr'>nequit</span> <span class='ocrx_word' id='word_1_281' title='bbox 762 2197 898 2232; x_wconf 81' lang='lat' dir='ltr'>Ecclesia</span> <span class='ocrx_word' id='word_1_282' title='bbox 912 2209 1047 2232; x_wconf 85' lang='lat' dir='ltr'>evocare</span> <span class='ocrx_word' id='word_1_283' title='bbox 1072 2198 1112 2233; x_wconf 89' lang='lat' dir='ltr'>ad</span> <span class='ocrx_word' id='word_1_284' title='bbox 1134 2198 1182 2235; x_wconf 55' lang='lat' dir='ltr'>di*</span> 
     </span>
     <span class='ocr_line' id='line_1_46' title="bbox 301 2246 1181 2294; baseline -0.003 -8"><span class='ocrx_word' id='word_1_285' title='bbox 301 2254 425 2287; x_wconf 60' lang='lat' dir='ltr'>rectum</span> <span class='ocrx_word' id='word_1_286' title='bbox 439 2252 531 2293; x_wconf 90' lang='lat' dir='ltr'>super</span> <span class='ocrx_word' id='word_1_287' title='bbox 545 2249 658 2294; x_wconf 85' lang='lat' dir='ltr'>Regiae</span> <span class='ocrx_word' id='word_1_288' title='bbox 670 2247 836 2292; x_wconf 75' lang='lat' dir='ltr'>potestatis</span> <span class='ocrx_word' id='word_1_289' title='bbox 847 2249 904 2282; x_wconf 88' lang='lat' dir='ltr'>usu</span> <span class='ocrx_word' id='word_1_290' title='bbox 916 2246 1075 2291; x_wconf 89' lang='lat' dir='ltr'>judicium</span> <span class='ocrx_word' id='word_1_291' title='bbox 1085 2272 1098 2291; x_wconf 91' lang='lat'>‚</span> <span class='ocrx_word' id='word_1_292' title='bbox 1125 2259 1181 2285; x_wconf 87' lang='lat' dir='ltr'>aut</span> 
     </span>
     <span class='ocr_line' id='line_1_47' title="bbox 304 2300 851 2344; baseline -0.015 -7"><span class='ocrx_word' id='word_1_293' title='bbox 304 2301 423 2337; x_wconf 58' lang='lat' dir='ltr'>diresin</span> <span class='ocrx_word' id='word_1_294' title='bbox 435 2300 612 2344; x_wconf 85' lang='lat' dir='ltr'>degradare</span> <span class='ocrx_word' id='word_1_295' title='bbox 622 2323 630 2332; x_wconf 87' lang='lat'>.</span> <span class='ocrx_word' id='word_1_296' title='bbox 847 2316 851 2321; x_wconf 77' lang='lat'>,.</span> 
     </span>
    </p>

    <p class='ocr_par' dir='ltr' id='par_1_8' title="bbox 301 2349 1182 2645">
     <span class='ocr_line' id='line_1_48' title="bbox 355 2349 1179 2396; baseline -0.001 -11"><span class='ocrx_word' id='word_1_297' title='bbox 355 2350 562 2396; x_wconf 83' lang='lat' dir='ltr'>Degradatio</span> <span class='ocrx_word' id='word_1_298' title='bbox 575 2349 729 2384; x_wconf 73' lang='lat' dir='ltr'>indiresta</span> <span class='ocrx_word' id='word_1_299' title='bbox 741 2350 778 2384; x_wconf 81' lang='lat' dir='ltr'>fit</span> <span class='ocrx_word' id='word_1_300' title='bbox 791 2350 1063 2394; x_wconf 77' lang='lat' dir='ltr'>perinjestionem</span> <span class='ocrx_word' id='word_1_301' title='bbox 1075 2361 1179 2394; x_wconf 72' lang='lat' dir='ltr'>poenae</span> 
     </span>
     <span class='ocr_line' id='line_1_49' title="bbox 301 2399 1180 2447; baseline -0.005 -9"><span class='ocrx_word' id='word_1_302' title='bbox 301 2413 358 2440; x_wconf 79' lang='lat' dir='ltr'>aut</span> <span class='ocrx_word' id='word_1_303' title='bbox 369 2401 568 2447; x_wconf 84' lang='lat' dir='ltr'>poenitentiae</span> <span class='ocrx_word' id='word_1_304' title='bbox 582 2400 715 2439; x_wconf 68' lang='lat' dir='ltr'>alicuius</span> <span class='ocrx_word' id='word_1_305' title='bbox 731 2399 978 2442; x_wconf 48' lang='lat' dir='ltr'>Ecclesiastico,</span> <span class='ocrx_word' id='word_1_306' title='bbox 1005 2400 1095 2443; x_wconf 87' lang='lat' dir='ltr'>cujus</span> <span class='ocrx_word' id='word_1_307' title='bbox 1123 2400 1180 2434; x_wconf 92' lang='lat' dir='ltr'>hu·</span> 
     </span>
     <span class='ocr_line' id='line_1_50' title="bbox 301 2450 1180 2498; baseline -0.006 -9"><span class='ocrx_word' id='word_1_308' title='bbox 301 2453 571 2490; x_wconf 68' lang='lat' dir='ltr'>militasenducat</span> <span class='ocrx_word' id='word_1_309' title='bbox 585 2450 831 2494; x_wconf 78' lang='lat' dir='ltr'>incapacitatem</span> <span class='ocrx_word' id='word_1_310' title='bbox 845 2451 885 2484; x_wconf 88' lang='lat' dir='ltr'>ad</span> <span class='ocrx_word' id='word_1_311' title='bbox 901 2451 1057 2496; x_wconf 88' lang='lat' dir='ltr'>Regnum</span> <span class='ocrx_word' id='word_1_312' title='bbox 1069 2474 1076 2483; x_wconf 90' lang='lat'><strong>.</strong></span> <span class='ocrx_word' id='word_1_313' title='bbox 1104 2451 1180 2498; x_wconf 87' lang='lat' dir='ltr'>Qa</span> 
     </span>
     <span class='ocr_line' id='line_1_51' title="bbox 302 2500 1180 2548; baseline -0.008 -9"><span class='ocrx_word' id='word_1_314' title='bbox 302 2505 358 2539; x_wconf 78' lang='lat' dir='ltr'>via</span> <span class='ocrx_word' id='word_1_315' title='bbox 369 2502 488 2548; x_wconf 85' lang='lat' dir='ltr'>poffint</span> <span class='ocrx_word' id='word_1_316' title='bbox 501 2501 598 2535; x_wconf 86' lang='lat' dir='ltr'>etiam</span> <span class='ocrx_word' id='word_1_317' title='bbox 612 2501 732 2535; x_wconf 88' lang='lat' dir='ltr'>Clerici</span> <span class='ocrx_word' id='word_1_318' title='bbox 755 2502 787 2535; x_wconf 90' lang='lat'>&amp;</span> <span class='ocrx_word' id='word_1_319' title='bbox 817 2501 970 2544; x_wconf 84' lang='lat' dir='ltr'>Episcopi</span> <span class='ocrx_word' id='word_1_320' title='bbox 996 2500 1180 2546; x_wconf 88' lang='lat' dir='ltr'>degradari.</span> 
     </span>
     <span class='ocr_line' id='line_1_52' title="bbox 302 2550 1182 2596; baseline -0.003 -7"><span class='ocrx_word' id='word_1_321' title='bbox 302 2554 468 2596; x_wconf 84' lang='lat' dir='ltr'>Plerisque</span> <span class='ocrx_word' id='word_1_322' title='bbox 478 2552 567 2586; x_wconf 89' lang='lat' dir='ltr'>enim</span> <span class='ocrx_word' id='word_1_323' title='bbox 579 2551 661 2585; x_wconf 90' lang='lat' dir='ltr'>olim</span> <span class='ocrx_word' id='word_1_324' title='bbox 674 2550 867 2586; x_wconf 83' lang='lat' dir='ltr'>Othodoxis</span> <span class='ocrx_word' id='word_1_325' title='bbox 879 2550 998 2585; x_wconf 78' lang='lat' dir='ltr'>Africae</span> <span class='ocrx_word' id='word_1_326' title='bbox 1013 2550 1182 2594; x_wconf 83' lang='lat' dir='ltr'>Episcopis</span> 
     </span>
     <span class='ocr_line' id='line_1_53' title="bbox 304 2600 1181 2645; baseline -0.003 -7"><span class='ocrx_word' id='word_1_327' title='bbox 304 2605 399 2639; x_wconf 73' lang='lat' dir='ltr'>fuisse</span> <span class='ocrx_word' id='word_1_328' title='bbox 411 2603 429 2635; x_wconf 74' lang='lat' dir='ltr'>a</span> <span class='ocrx_word' id='word_1_329' title='bbox 444 2603 581 2636; x_wconf 85' lang='lat' dir='ltr'>Donato</span> <span class='ocrx_word' id='word_1_330' title='bbox 594 2601 626 2634; x_wconf 83' lang='lat' dir='ltr'>in</span> <span class='ocrx_word' id='word_1_331' title='bbox 643 2601 729 2635; x_wconf 84' lang='lat' dir='ltr'>Casis</span> <span class='ocrx_word' id='word_1_332' title='bbox 743 2602 842 2645; x_wconf 86' lang='lat' dir='ltr'>nigris</span> <span class='ocrx_word' id='word_1_333' title='bbox 854 2600 1017 2644; x_wconf 88' lang='lat' dir='ltr'>Episcopo</span> <span class='ocrx_word' id='word_1_334' title='bbox 1026 2627 1035 2642; x_wconf 88' lang='lat'>‚</span> <span class='ocrx_word' id='word_1_335' title='bbox 1047 2601 1181 2645; x_wconf 75' lang='lat' dir='ltr'>aliisque</span> 
     </span>
    </p>
   </div>
   <div class='ocr_carea' id='block_1_8' title="bbox 1194 1960 1198 1987">
    <p class='ocr_par' dir='ltr' id='par_1_9' title="bbox 1194 1960 1198 1987">
     <span class='ocr_line' id='line_1_54' title="bbox 1194 1960 1198 1987; baseline 0 0"><span class='ocrx_word' id='word_1_336' title='bbox 1194 1960 1198 1987; x_wconf 90' lang='lat' dir='ltr'>l</span> 
     </span>
    </p>
   </div>
   <div class='ocr_carea' id='block_1_9' title="bbox 304 2651 1190 2695">
    <p class='ocr_par' dir='ltr' id='par_1_10' title="bbox 304 2651 1190 2695">
     <span class='ocr_line' id='line_1_55' title="bbox 304 2651 1190 2695; baseline -0.002 -7"><span class='ocrx_word' id='word_1_337' title='bbox 304 2652 494 2688; x_wconf 83' lang='lat' dir='ltr'>Donatistis</span> <span class='ocrx_word' id='word_1_338' title='bbox 515 2651 711 2694; x_wconf 81' lang='lat' dir='ltr'>impositam·</span> <span class='ocrx_word' id='word_1_339' title='bbox 728 2651 988 2695; x_wconf 85' lang='lat' dir='ltr'>poenitentialem</span> <span class='ocrx_word' id='word_1_340' title='bbox 1025 2663 1190 2694; x_wconf 46' lang='lat' dir='ltr'>manum}</span> 
     </span>
    </p>
   </div>
   <div class='ocr_carea' id='block_1_10' title="bbox 297 2700 1183 3100">
    <p class='ocr_par' dir='ltr' id='par_1_11' title="bbox 297 2700 1183 3100">
     <span class='ocr_line' id='line_1_56' title="bbox 304 2700 1180 2747; baseline -0.001 -10"><span class='ocrx_word' id='word_1_341' title='bbox 304 2714 406 2747; x_wconf 77' lang='lat' dir='ltr'>atque</span> <span class='ocrx_word' id='word_1_342' title='bbox 419 2703 550 2736; x_wconf 88' lang='lat' dir='ltr'>itaillos</span> <span class='ocrx_word' id='word_1_343' title='bbox 561 2703 660 2735; x_wconf 72' lang='lat' dir='ltr'>factos</span> <span class='ocrx_word' id='word_1_344' title='bbox 671 2702 735 2735; x_wconf 76' lang='lat' dir='ltr'>esse</span> <span class='ocrx_word' id='word_1_345' title='bbox 756 2700 1004 2744; x_wconf 79' lang='lat' dir='ltr'>irreparabiliter</span> <span class='ocrx_word' id='word_1_346' title='bbox 1030 2702 1180 2747; x_wconf 82' lang='lat' dir='ltr'>irregula-</span> 
     </span>
     <span class='ocr_line' id='line_1_57' title="bbox 306 2750 1183 2795; baseline -0.003 -6"><span class='ocrx_word' id='word_1_347' title='bbox 306 2766 358 2789; x_wconf 75' lang='lat' dir='ltr'>res</span> <span class='ocrx_word' id='word_1_348' title='bbox 370 2766 406 2788; x_wconf 91' lang='lat' dir='ltr'>ac</span> <span class='ocrx_word' id='word_1_349' title='bbox 418 2753 644 2787; x_wconf 69' lang='lat' dir='ltr'>exauuoratos</span> <span class='ocrx_word' id='word_1_350' title='bbox 655 2776 666 2792; x_wconf 93' lang='lat'>‚</span> <span class='ocrx_word' id='word_1_351' title='bbox 697 2750 830 2786; x_wconf 85' lang='lat' dir='ltr'>testatur</span> <span class='ocrx_word' id='word_1_352' title='bbox 840 2752 872 2786; x_wconf 74' lang='grc' dir='ltr'>δε</span> <span class='ocrx_word' id='word_1_353' title='bbox 885 2753 1028 2795; x_wconf 79' lang='lat' dir='ltr'>queritur</span> <span class='ocrx_word' id='word_1_354' title='bbox 1051 2753 1183 2786; x_wconf 64' lang='lat' dir='ltr'>sancius</span> 
     </span>
     <span class='ocr_line' id='line_1_58' title="bbox 297 2801 1182 2847; baseline -0.002 -9"><span class='ocrx_word' id='word_1_355' title='bbox 297 2805 451 2847; x_wconf 75' lang='lat' dir='ltr'>&#39;Optatus</span> <span class='ocrx_word' id='word_1_356' title='bbox 480 2803 659 2846; x_wconf 82' lang='lat' dir='ltr'>Episcopus</span> <span class='ocrx_word' id='word_1_357' title='bbox 682 2802 912 2835; x_wconf 87' lang='lat' dir='ltr'>Milevitanus.</span> <span class='ocrx_word' id='word_1_358' title='bbox 944 2801 1182 2836; x_wconf 86' lang='lat' dir='ltr'>Poenitentialis</span> 
     </span>
     <span class='ocr_line' id='line_1_59' title="bbox 303 2850 1180 2895; baseline -0.001 -8"><span class='ocrx_word' id='word_1_359' title='bbox 303 2865 426 2891; x_wconf 76' lang='lat' dir='ltr'>manus</span> <span class='ocrx_word' id='word_1_360' title='bbox 439 2863 527 2887; x_wconf 85' lang='lat' dir='ltr'>tanta</span> <span class='ocrx_word' id='word_1_361' title='bbox 539 2861 605 2886; x_wconf 86' lang='lat' dir='ltr'>erat</span> <span class='ocrx_word' id='word_1_362' title='bbox 618 2851 785 2885; x_wconf 82' lang='lat' dir='ltr'>humilitas</span> <span class='ocrx_word' id='word_1_363' title='bbox 795 2874 805 2891; x_wconf 91' lang='lat'>,</span> <span class='ocrx_word' id='word_1_364' title='bbox 816 2852 958 2886; x_wconf 79' lang='lat' dir='ltr'>ucetiam</span> <span class='ocrx_word' id='word_1_365' title='bbox 971 2850 1062 2895; x_wconf 83' lang='lat' dir='ltr'>lapsis</span> <span class='ocrx_word' id='word_1_366' title='bbox 1075 2865 1113 2887; x_wconf 91' lang='lat' dir='ltr'>ac</span> <span class='ocrx_word' id='word_1_367' title='bbox 1129 2852 1180 2886; x_wconf 76' lang='lat' dir='ltr'>de·</span> 
     </span>
     <span class='ocr_line' id='line_1_60' title="bbox 307 2901 1180 2950; baseline -0.001 -13"><span class='ocrx_word' id='word_1_368' title='bbox 307 2902 557 2950; x_wconf 84' lang='lat' dir='ltr'>gradaridignis</span> <span class='ocrx_word' id='word_1_369' title='bbox 568 2901 796 2937; x_wconf 86' lang='lat' dir='ltr'>Sacerdotibus</span> <span class='ocrx_word' id='word_1_370' title='bbox 816 2908 853 2934; x_wconf 84' lang='lat' dir='ltr'>ac</span> <span class='ocrx_word' id='word_1_371' title='bbox 875 2901 1031 2935; x_wconf 88' lang='lat' dir='ltr'>Diaconis</span> <span class='ocrx_word' id='word_1_372' title='bbox 1055 2902 1180 2945; x_wconf 87' lang='lat' dir='ltr'>imponi</span> 
     </span>
     <span class='ocr_line' id='line_1_61' title="bbox 306 2949 1182 2998; baseline -0.005 -10"><span class='ocrx_word' id='word_1_373' title='bbox 306 2965 379 2989; x_wconf 81' lang='lat' dir='ltr'>non</span> <span class='ocrx_word' id='word_1_374' title='bbox 393 2954 493 2998; x_wconf 76' lang='lat' dir='ltr'>posset</span> <span class='ocrx_word' id='word_1_375' title='bbox 505 2952 551 2987; x_wconf 92' lang='lat' dir='ltr'>ob</span> <span class='ocrx_word' id='word_1_376' title='bbox 576 2949 783 2986; x_wconf 89' lang='lat' dir='ltr'>Hierarchici</span> <span class='ocrx_word' id='word_1_377' title='bbox 814 2952 1012 2985; x_wconf 88' lang='lat' dir='ltr'>Sacramenti</span> <span class='ocrx_word' id='word_1_378' title='bbox 1040 2963 1182 2986; x_wconf 87' lang='lat' dir='ltr'>reveren-</span> 
     </span>
     <span class='ocr_line' id='line_1_62' title="bbox 307 3001 1180 3047; baseline -0.005 -8"><span class='ocrx_word' id='word_1_379' title='bbox 307 3005 410 3039; x_wconf 87' lang='lat' dir='ltr'>tiam.</span> <span class='ocrx_word' id='word_1_380' title='bbox 437 3005 479 3037; x_wconf 87' lang='lat' dir='ltr'>Et</span> <span class='ocrx_word' id='word_1_381' title='bbox 490 3003 637 3047; x_wconf 84' lang='lat' dir='ltr'>quisquis</span> <span class='ocrx_word' id='word_1_382' title='bbox 663 3002 786 3045; x_wconf 82' lang='lat' dir='ltr'>ipsam,</span> <span class='ocrx_word' id='word_1_383' title='bbox 811 3001 910 3036; x_wconf 88' lang='lat' dir='ltr'>etiam</span> <span class='ocrx_word' id='word_1_384' title='bbox 937 3001 1115 3041; x_wconf 89' lang='lat' dir='ltr'>innoxius,</span> <span class='ocrx_word' id='word_1_385' title='bbox 1143 3014 1180 3036; x_wconf 91' lang='lat' dir='ltr'>ac</span> 
     </span>
     <span class='ocr_line' id='line_1_63' title="bbox 307 3050 1179 3100; baseline -0.001 -13"><span class='ocrx_word' id='word_1_386' title='bbox 307 3065 366 3100; x_wconf 69' lang='lat' dir='ltr'>per</span> <span class='ocrx_word' id='word_1_387' title='bbox 377 3052 571 3087; x_wconf 83' lang='lat' dir='ltr'>violentiam</span> <span class='ocrx_word' id='word_1_388' title='bbox 587 3062 753 3095; x_wconf 84' lang='lat' dir='ltr'>acceperat</span> <span class='ocrx_word' id='word_1_389' title='bbox 770 3076 779 3091; x_wconf 92' lang='lat'>‚</span> <span class='ocrx_word' id='word_1_390' title='bbox 805 3050 960 3094; x_wconf 88' lang='lat' dir='ltr'>deinceps</span> <span class='ocrx_word' id='word_1_391' title='bbox 979 3062 1034 3094; x_wconf 90' lang='lat' dir='ltr'>per</span> <span class='ocrx_word' id='word_1_392' title='bbox 1055 3051 1179 3086; x_wconf 85' lang='lat' dir='ltr'>nullam</span> 
     </span>
    </p>
   </div>
   <div class='ocr_carea' id='block_1_11' title="bbox 305 3101 1182 3148">
    <p class='ocr_par' dir='ltr' id='par_1_12' title="bbox 305 3101 1182 3148">
     <span class='ocr_line' id='line_1_64' title="bbox 305 3101 1182 3148; baseline -0.006 -9"><span class='ocrx_word' id='word_1_393' title='bbox 305 3102 562 3148; x_wconf 79' lang='lat' dir='ltr'>dispensationis</span> <span class='ocrx_word' id='word_1_394' title='bbox 597 3102 734 3146; x_wconf 86' lang='lat' dir='ltr'>gratiam</span> <span class='ocrx_word' id='word_1_395' title='bbox 759 3107 882 3146; x_wconf 87' lang='lat' dir='ltr'>poterat</span> <span class='ocrx_word' id='word_1_396' title='bbox 902 3102 966 3134; x_wconf 84' lang='lat' dir='ltr'>esse</span> <span class='ocrx_word' id='word_1_397' title='bbox 984 3101 1182 3136; x_wconf 76' lang='lat' dir='ltr'>Hierarcha.</span> 
     </span>
    </p>
   </div>
   <div class='ocr_carea' id='block_1_12' title="bbox 308 3149 1181 3345">
    <p class='ocr_par' dir='ltr' id='par_1_13' title="bbox 308 3149 1181 3345">
     <span class='ocr_line' id='line_1_65' title="bbox 308 3149 1181 3193; baseline -0.002 -5"><span class='ocrx_word' id='word_1_398' title='bbox 308 3153 466 3188; x_wconf 82' lang='lat' dir='ltr'>Praefatus</span> <span class='ocrx_word' id='word_1_399' title='bbox 476 3149 630 3186; x_wconf 81' lang='lat' dir='ltr'>Donatus</span> <span class='ocrx_word' id='word_1_400' title='bbox 641 3177 651 3192; x_wconf 95' lang='lat'>,</span> <span class='ocrx_word' id='word_1_401' title='bbox 678 3152 800 3186; x_wconf 89' lang='lat' dir='ltr'>nullius</span> <span class='ocrx_word' id='word_1_402' title='bbox 825 3150 1007 3185; x_wconf 83' lang='lat' dir='ltr'>Provinciae</span> <span class='ocrx_word' id='word_1_403' title='bbox 1035 3152 1181 3193; x_wconf 86' lang='lat' dir='ltr'>Primas,</span> 
     </span>
     <span class='ocr_line' id='line_1_66' title="bbox 311 3200 1179 3245; baseline -0.002 -7"><span class='ocrx_word' id='word_1_404' title='bbox 311 3204 365 3238; x_wconf 83' lang='lat' dir='ltr'>sed</span> <span class='ocrx_word' id='word_1_405' title='bbox 375 3202 502 3238; x_wconf 89' lang='lat' dir='ltr'>modici</span> <span class='ocrx_word' id='word_1_406' title='bbox 515 3202 548 3235; x_wconf 88' lang='lat' dir='ltr'>in</span> <span class='ocrx_word' id='word_1_407' title='bbox 562 3200 721 3234; x_wconf 81' lang='lat' dir='ltr'>Numidia</span> <span class='ocrx_word' id='word_1_408' title='bbox 734 3201 858 3245; x_wconf 86' lang='lat' dir='ltr'>Oppidi</span> <span class='ocrx_word' id='word_1_409' title='bbox 874 3202 1051 3243; x_wconf 84' lang='lat' dir='ltr'>Episcopus</span> <span class='ocrx_word' id='word_1_410' title='bbox 1066 3227 1076 3241; x_wconf 92' lang='lat'>‚</span> <span class='ocrx_word' id='word_1_411' title='bbox 1103 3203 1179 3236; x_wconf 89' lang='lat' dir='ltr'>licet</span> 
     </span>
     <span class='ocr_line' id='line_1_67' title="bbox 312 3250 1178 3295; baseline -0.002 -7"><span class='ocrx_word' id='word_1_412' title='bbox 312 3266 381 3288; x_wconf 80' lang='lat' dir='ltr'>non</span> <span class='ocrx_word' id='word_1_413' title='bbox 392 3253 516 3287; x_wconf 64' lang='lat' dir='ltr'>direiio</span> <span class='ocrx_word' id='word_1_414' title='bbox 528 3251 652 3294; x_wconf 85' lang='lat' dir='ltr'>judicio</span> <span class='ocrx_word' id='word_1_415' title='bbox 665 3275 676 3290; x_wconf 94' lang='lat'>,</span> <span class='ocrx_word' id='word_1_416' title='bbox 693 3251 751 3286; x_wconf 85' lang='lat' dir='ltr'>ista</span> <span class='ocrx_word' id='word_1_417' title='bbox 774 3262 881 3286; x_wconf 87' lang='lat' dir='ltr'>tamen</span> <span class='ocrx_word' id='word_1_418' title='bbox 895 3250 1046 3286; x_wconf 69' lang='lat' dir='ltr'>indirecta</span> <span class='ocrx_word' id='word_1_419' title='bbox 1061 3253 1178 3295; x_wconf 88' lang='lat' dir='ltr'>via&#39;po-</span> 
     </span>
     <span class='ocr_line' id='line_1_68' title="bbox 312 3299 1177 3345; baseline -0.002 -8"><span class='ocrx_word' id='word_1_420' title='bbox 312 3305 377 3339; x_wconf 82' lang='lat' dir='ltr'>tuit</span> <span class='ocrx_word' id='word_1_421' title='bbox 390 3303 544 3345; x_wconf 65' lang='lat' dir='ltr'>Colit-gas</span> <span class='ocrx_word' id='word_1_422' title='bbox 555 3299 731 3345; x_wconf 70' lang='lat' dir='ltr'>degradare</span> <span class='ocrx_word' id='word_1_423' title='bbox 741 3326 748 3332; x_wconf 88' lang='lat'><em>.</em></span> <span class='ocrx_word' id='word_1_424' title='bbox 775 3301 890 3336; x_wconf 86' lang='lat' dir='ltr'>Potuit</span> <span class='ocrx_word' id='word_1_425' title='bbox 905 3302 1009 3336; x_wconf 77' lang='lat' dir='ltr'>valide</span> <span class='ocrx_word' id='word_1_426' title='bbox 1023 3302 1095 3342; x_wconf 81' lang='lat' dir='ltr'>,sed</span> <span class='ocrx_word' id='word_1_427' title='bbox 1110 3312 1177 3336; x_wconf 86' lang='lat' dir='ltr'>non</span> 
     </span>
    </p>
   </div>
   <div class='ocr_carea' id='block_1_13' title="bbox 313 1990 1198 3398">
    <p class='ocr_par' dir='ltr' id='par_1_14' title="bbox 313 1990 1203 3398">
     <span class='ocr_line' id='line_1_69' title="bbox 1195 1990 1198 2010; baseline 0 0"><span class='ocrx_word' id='word_1_428' title='bbox 1195 1990 1198 2010; x_wconf 83' lang='lat' dir='ltr'>l</span> 
     </span>
     <span class='ocr_line' id='line_1_70' title="bbox 313 3350 1180 3398; baseline -0.002 -10"><span class='ocrx_word' id='word_1_429' title='bbox 313 3351 478 3398; x_wconf 70' lang='lat' dir='ltr'>legitime:</span> <span class='ocrx_word' id='word_1_430' title='bbox 507 3350 611 3398; x_wconf 78' lang='lat' dir='ltr'>Qod</span> <span class='ocrx_word' id='word_1_431' title='bbox 625 3350 785 3385; x_wconf 88' lang='lat' dir='ltr'>humilem</span> <span class='ocrx_word' id='word_1_432' title='bbox 799 3350 892 3385; x_wconf 85' lang='lat' dir='ltr'>istam</span> <span class='ocrx_word' id='word_1_433' title='bbox 905 3362 1038 3386; x_wconf 88' lang='lat' dir='ltr'>manum</span> <span class='ocrx_word' id='word_1_434' title='bbox 1052 3364 1120 3387; x_wconf 87' lang='lat' dir='ltr'>non</span> <span class='ocrx_word' id='word_1_435' title='bbox 1133 3353 1180 3386; x_wconf 92' lang='lat' dir='ltr'>so·</span> 
     </span>
    </p>
   </div>
   <div class='ocr_carea' id='block_1_14' title="bbox 310 3399 1185 3456">
    <p class='ocr_par' dir='ltr' id='par_1_15' title="bbox 310 3399 1185 3456">
     <span class='ocr_line' id='line_1_71' title="bbox 310 3399 1185 3456; baseline -0.001 -19"><span class='ocrx_word' id='word_1_436' title='bbox 310 3403 383 3443; x_wconf 70' lang='lat' dir='ltr'>lum</span> <span class='ocrx_word' id='word_1_437' title='bbox 398 3403 533 3456; x_wconf 83' lang='lat' dir='ltr'>integris</span> <span class='ocrx_word' id='word_1_438' title='bbox 542 3427 554 3450; x_wconf 82' lang='lat'><em>,</em></span> <span class='ocrx_word' id='word_1_439' title='bbox 581 3401 634 3443; x_wconf 78' lang='lat' dir='ltr'>sed</span> <span class='ocrx_word' id='word_1_440' title='bbox 645 3402 743 3438; x_wconf 87' lang='lat' dir='ltr'>etiam</span> <span class='ocrx_word' id='word_1_441' title='bbox 756 3401 848 3446; x_wconf 82' lang='lat' dir='ltr'>lapsis</span> <span class='ocrx_word' id='word_1_442' title='bbox 855 3399 1045 3439; x_wconf 85' lang='lat' dir='ltr'>Hierarchis</span> <span class='ocrx_word' id='word_1_443' title='bbox 1055 3401 1185 3448; x_wconf 83' lang='lat' dir='ltr'>imponi</span> 
     </span>
    </p>
   </div>
   <div class='ocr_carea' id='block_1_15' title="bbox 1229 202 2130 1016">
    <p class='ocr_par' dir='ltr' id='par_1_16' title="bbox 1198 200 2130 1266">
     <span class='ocr_line' id='line_1_72' title="bbox 1229 202 2130 1016; baseline 0.005 -77.834"><span class='ocrx_word' id='word_1_444' title='bbox 1229 202 1323 1016; x_wconf 80' lang='lat' dir='ltr'>las</span> <span class='ocrx_word' id='word_1_445' title='bbox 1364 930 1375 946; x_wconf 92' lang='lat'>‚</span> <span class='ocrx_word' id='word_1_446' title='bbox 1399 906 1665 951; x_wconf 75' lang='lat' dir='ltr'>quaefisecundi&#39;cm</span> <span class='ocrx_word' id='word_1_447' title='bbox 1684 907 1894 951; x_wconf 70' lang='lat' dir='ltr'>Ecclefiasticas</span> <span class='ocrx_word' id='word_1_448' title='bbox 1915 910 1993 953; x_wconf 78' lang='lat' dir='ltr'>leges</span> <span class='ocrx_word' id='word_1_449' title='bbox 2009 910 2130 950; x_wconf 78' lang='lat' dir='ltr'>judica·</span> 
     </span>
    </p>
   </div>
   <div class='ocr_carea' id='block_1_16' title="bbox 675 111 1737 171">
    <p class='ocr_par' dir='ltr' id='par_1_17' title="bbox 675 111 1737 171">
     <span class='ocr_line' id='line_1_73' title="bbox 675 111 1737 171; baseline 0.002 -3"><span class='ocrx_word' id='word_1_450' title='bbox 675 122 718 168; x_wconf 90' lang='lat' dir='ltr'>S.</span> <span class='ocrx_word' id='word_1_451' title='bbox 754 120 1062 169; x_wconf 67' lang='lat' dir='ltr'>Gneooitn</span> <span class='ocrx_word' id='word_1_452' title='bbox 1099 111 1343 170; x_wconf 60' lang='lat' dir='ltr'>septim</span> <span class='ocrx_word' id='word_1_453' title='bbox 1380 123 1737 171; x_wconf 66' lang='lat' dir='ltr'>Pon-siricis</span> 
     </span>
    </p>
   </div>
   <div class='ocr_carea' id='block_1_17' title="bbox 1226 202 2321 3487">
    <p class='ocr_par' dir='ltr' id='par_1_18' title="bbox 1258 202 2139 655">
     <span class='ocr_line' id='line_1_74' title="bbox 1263 202 2139 256; baseline 0.009 -18"><span class='ocrx_word' id='word_1_454' title='bbox 1263 203 1455 248; x_wconf 85' lang='lat' dir='ltr'>Apostolica</span> <span class='ocrx_word' id='word_1_455' title='bbox 1465 202 1599 239; x_wconf 84' lang='lat' dir='ltr'>traditio</span> <span class='ocrx_word' id='word_1_456' title='bbox 1621 215 1690 239; x_wconf 86' lang='lat' dir='ltr'>non</span> <span class='ocrx_word' id='word_1_457' title='bbox 1712 206 1897 249; x_wconf 83' lang='lat' dir='ltr'>permittat.</span> <span class='ocrx_word' id='word_1_458' title='bbox 1924 208 1969 245; x_wconf 84' lang='lat' dir='ltr'>Et</span> <span class='ocrx_word' id='word_1_459' title='bbox 1991 206 2070 245; x_wconf 79' lang='lat' dir='ltr'>hine</span> <span class='ocrx_word' id='word_1_460' title='bbox 2088 208 2139 256; x_wconf 78' lang='lat' dir='ltr'>ip·</span> 
     </span>
     <span class='ocr_line' id='line_1_75' title="bbox 1263 253 2135 306; baseline 0.009 -18"><span class='ocrx_word' id='word_1_461' title='bbox 1263 255 1332 288; x_wconf 85' lang='lat' dir='ltr'>sum</span> <span class='ocrx_word' id='word_1_462' title='bbox 1341 278 1352 295; x_wconf 88' lang='lat'>,</span> <span class='ocrx_word' id='word_1_463' title='bbox 1363 253 1452 297; x_wconf 90' lang='lat' dir='ltr'>quod</span> <span class='ocrx_word' id='word_1_464' title='bbox 1467 254 1560 299; x_wconf 86' lang='lat' dir='ltr'>lapsis</span> <span class='ocrx_word' id='word_1_465' title='bbox 1570 253 1649 289; x_wconf 85' lang='lat' dir='ltr'>licet</span> <span class='ocrx_word' id='word_1_466' title='bbox 1660 254 1830 299; x_wconf 87' lang='lat' dir='ltr'>Episcopis</span> <span class='ocrx_word' id='word_1_467' title='bbox 1840 268 1911 293; x_wconf 88' lang='lat' dir='ltr'>eam</span> <span class='ocrx_word' id='word_1_468' title='bbox 1928 259 1946 294; x_wconf 72' lang='lat' dir='ltr'>a</span> <span class='ocrx_word' id='word_1_469' title='bbox 1961 260 1993 295; x_wconf 87' lang='lat' dir='ltr'>se</span> <span class='ocrx_word' id='word_1_470' title='bbox 2002 260 2135 306; x_wconf 83' lang='lat' dir='ltr'>imposi-</span> 
     </span>
     <span class='ocr_line' id='line_1_76' title="bbox 1263 303 2134 353; baseline 0.002 -15"><span class='ocrx_word' id='word_1_471' title='bbox 1263 314 1329 338; x_wconf 83' lang='lat' dir='ltr'>tam</span> <span class='ocrx_word' id='word_1_472' title='bbox 1340 305 1558 346; x_wconf 85' lang='lat' dir='ltr'>confiteretur,</span> <span class='ocrx_word' id='word_1_473' title='bbox 1575 303 1782 339; x_wconf 83' lang='lat' dir='ltr'>Melchiades</span> <span class='ocrx_word' id='word_1_474' title='bbox 1795 305 1949 342; x_wconf 83' lang='lat' dir='ltr'>Pontifex</span> <span class='ocrx_word' id='word_1_475' title='bbox 1959 311 2134 353; x_wconf 73' lang='lat' dir='ltr'>synodali.</span> 
     </span>
     <span class='ocr_line' id='line_1_77' title="bbox 1261 354 2131 404; baseline 0.008 -16"><span class='ocrx_word' id='word_1_476' title='bbox 1261 364 1309 388; x_wconf 91' lang='lat' dir='ltr'>ter</span> <span class='ocrx_word' id='word_1_477' title='bbox 1320 354 1464 389; x_wconf 85' lang='lat' dir='ltr'>darnavit</span> <span class='ocrx_word' id='word_1_478' title='bbox 1475 380 1483 387; x_wconf 94' lang='lat'><strong>.</strong></span> <span class='ocrx_word' id='word_1_479' title='bbox 1493 354 1661 389; x_wconf 78' lang='lat' dir='ltr'>Percuffos</span> <span class='ocrx_word' id='word_1_480' title='bbox 1674 355 1690 388; x_wconf 77' lang='lat' dir='ltr'>a</span> <span class='ocrx_word' id='word_1_481' title='bbox 1700 355 1913 400; x_wconf 87' lang='lat' dir='ltr'>seEpiscopos</span> <span class='ocrx_word' id='word_1_482' title='bbox 1926 356 1981 393; x_wconf 90' lang='lat' dir='ltr'>ille</span> <span class='ocrx_word' id='word_1_483' title='bbox 1991 359 2131 404; x_wconf 86' lang='lat' dir='ltr'>lapsos&amp;</span> 
     </span>
     <span class='ocr_line' id='line_1_78' title="bbox 1260 403 2131 445; baseline 0.009 -8"><span class='ocrx_word' id='word_1_484' title='bbox 1260 403 1431 438; x_wconf 86' lang='lat' dir='ltr'>traditores</span> <span class='ocrx_word' id='word_1_485' title='bbox 1442 428 1454 444; x_wconf 92' lang='lat'>,</span> <span class='ocrx_word' id='word_1_486' title='bbox 1480 404 1538 440; x_wconf 88' lang='lat' dir='ltr'>alii</span> <span class='ocrx_word' id='word_1_487' title='bbox 1548 404 1764 440; x_wconf 84' lang='lat' dir='ltr'>adfirmabant</span> <span class='ocrx_word' id='word_1_488' title='bbox 1773 405 1867 441; x_wconf 78' lang='lat' dir='ltr'>fuisse</span> <span class='ocrx_word' id='word_1_489' title='bbox 1877 406 1994 442; x_wconf 85' lang='lat' dir='ltr'>stantes</span> <span class='ocrx_word' id='word_1_490' title='bbox 2002 409 2036 444; x_wconf 73' lang='grc' dir='ltr'>δε</span> <span class='ocrx_word' id='word_1_491' title='bbox 2051 410 2131 445; x_wconf 82' lang='lat' dir='ltr'>inte·-</span> 
     </span>
     <span class='ocr_line' id='line_1_79' title="bbox 1259 452 2131 502; baseline 0.008 -15"><span class='ocrx_word' id='word_1_492' title='bbox 1259 464 1347 499; x_wconf 89' lang='lat' dir='ltr'>gros.</span> <span class='ocrx_word' id='word_1_493' title='bbox 1374 452 1467 488; x_wconf 90' lang='lat' dir='ltr'>Varii</span> <span class='ocrx_word' id='word_1_494' title='bbox 1477 456 1552 491; x_wconf 73' lang='lat' dir='ltr'>faffi</span> <span class='ocrx_word' id='word_1_495' title='bbox 1561 457 1728 500; x_wconf 82' lang='lat' dir='ltr'>operosam</span> <span class='ocrx_word' id='word_1_496' title='bbox 1741 455 1950 500; x_wconf 68' lang='lat' dir='ltr'>quaestionem</span> <span class='ocrx_word' id='word_1_497' title='bbox 1959 457 2131 502; x_wconf 82' lang='lat' dir='ltr'>discutere,</span> 
     </span>
     <span class='ocr_line' id='line_1_80' title="bbox 1258 503 2131 548; baseline 0.008 -11"><span class='ocrx_word' id='word_1_498' title='bbox 1258 505 1291 538; x_wconf 76' lang='grc' dir='ltr'>ἀ</span> <span class='ocrx_word' id='word_1_499' title='bbox 1302 515 1430 548; x_wconf 86' lang='lat' dir='ltr'>tempus</span> <span class='ocrx_word' id='word_1_500' title='bbox 1439 503 1604 541; x_wconf 89' lang='lat' dir='ltr'>absumere</span> <span class='ocrx_word' id='word_1_501' title='bbox 1615 506 1774 541; x_wconf 80' lang='lat' dir='ltr'>Pontifex</span> <span class='ocrx_word' id='word_1_502' title='bbox 1787 505 1896 541; x_wconf 90' lang='lat' dir='ltr'>noluit</span> <span class='ocrx_word' id='word_1_503' title='bbox 1913 530 1924 547; x_wconf 92' lang='lat'><strong><em>,</em></strong></span> <span class='ocrx_word' id='word_1_504' title='bbox 1951 507 2005 543; x_wconf 79' lang='lat' dir='ltr'>sed</span> <span class='ocrx_word' id='word_1_505' title='bbox 2016 509 2131 544; x_wconf 86' lang='lat' dir='ltr'>turbu·</span> 
     </span>
     <span class='ocr_line' id='line_1_81' title="bbox 1258 553 2127 594; baseline 0.008 -7"><span class='ocrx_word' id='word_1_506' title='bbox 1258 553 1386 588; x_wconf 88' lang='lat' dir='ltr'>lentum</span> <span class='ocrx_word' id='word_1_507' title='bbox 1396 553 1568 590; x_wconf 87' lang='lat' dir='ltr'>hominem</span> <span class='ocrx_word' id='word_1_508' title='bbox 1580 567 1622 591; x_wconf 85' lang='lat' dir='ltr'>ex</span> <span class='ocrx_word' id='word_1_509' title='bbox 1633 554 1716 590; x_wconf 69' lang='lat' dir='ltr'>dicta</span> <span class='ocrx_word' id='word_1_510' title='bbox 1728 556 1928 592; x_wconf 70' lang='lat' dir='ltr'>confessione</span> <span class='ocrx_word' id='word_1_511' title='bbox 1935 556 2104 594; x_wconf 77' lang='lat' dir='ltr'>damnavit</span> <span class='ocrx_word' id='word_1_512' title='bbox 2117 585 2127 594; x_wconf 86' lang='grc'><strong>.</strong></span> 
     </span>
     <span class='ocr_line' id='line_1_82' title="bbox 1308 603 2129 655; baseline 0.009 -18"><span class='ocrx_word' id='word_1_513' title='bbox 1308 603 1480 648; x_wconf 80' lang='lat' dir='ltr'>Ejusmodi</span> <span class='ocrx_word' id='word_1_514' title='bbox 1493 605 1682 641; x_wconf 77' lang='lat' dir='ltr'>indireecam</span> <span class='ocrx_word' id='word_1_515' title='bbox 1696 605 1930 650; x_wconf 85' lang='lat' dir='ltr'>Imperatorum</span> <span class='ocrx_word' id='word_1_516' title='bbox 1946 618 1984 643; x_wconf 82' lang='lat' dir='ltr'>ac</span> <span class='ocrx_word' id='word_1_517' title='bbox 1995 607 2129 655; x_wconf 87' lang='lat' dir='ltr'>Regum</span> 
     </span>
    </p>

    <p class='ocr_par' dir='ltr' id='par_1_19' title="bbox 1252 653 2288 1003">
     <span class='ocr_line' id='line_1_83' title="bbox 1257 653 2129 699; baseline 0.006 -12"><span class='ocrx_word' id='word_1_518' title='bbox 1257 653 1544 699; x_wconf 83' lang='lat' dir='ltr'>degradandorum</span> <span class='ocrx_word' id='word_1_519' title='bbox 1555 658 1640 692; x_wconf 89' lang='lat' dir='ltr'>viam</span> <span class='ocrx_word' id='word_1_520' title='bbox 1654 667 1757 692; x_wconf 84' lang='lat' dir='ltr'>mater</span> <span class='ocrx_word' id='word_1_521' title='bbox 1768 657 1908 692; x_wconf 79' lang='lat' dir='ltr'>Ecclesia</span> <span class='ocrx_word' id='word_1_522' title='bbox 1935 656 2034 694; x_wconf 84' lang='lat' dir='ltr'>habet</span> <span class='ocrx_word' id='word_1_523' title='bbox 2058 670 2129 694; x_wconf 89' lang='lat' dir='ltr'>non</span> 
     </span>
     <span class='ocr_line' id='line_1_84' title="bbox 1258 704 2128 752; baseline 0.007 -14"><span class='ocrx_word' id='word_1_524' title='bbox 1258 704 1468 740; x_wconf 79' lang='lat' dir='ltr'>solummodo</span> <span class='ocrx_word' id='word_1_525' title='bbox 1492 707 1655 747; x_wconf 88' lang='lat' dir='ltr'>validam,</span> <span class='ocrx_word' id='word_1_526' title='bbox 1683 707 1738 742; x_wconf 89' lang='lat' dir='ltr'>sed</span> <span class='ocrx_word' id='word_1_527' title='bbox 1761 707 1794 741; x_wconf 87' lang='lat'>&amp;</span> <span class='ocrx_word' id='word_1_528' title='bbox 1814 707 2017 752; x_wconf 86' lang='lat' dir='ltr'>legitimam.</span> <span class='ocrx_word' id='word_1_529' title='bbox 2043 710 2128 744; x_wconf 84' lang='lat' dir='ltr'>Eam</span> 
     </span>
     <span class='ocr_line' id='line_1_85' title="bbox 1255 754 2130 803; baseline 0.006 -15"><span class='ocrx_word' id='word_1_530' title='bbox 1255 754 1339 798; x_wconf 87' lang='lat' dir='ltr'>apud</span> <span class='ocrx_word' id='word_1_531' title='bbox 1353 754 1564 791; x_wconf 81' lang='lat' dir='ltr'>Lambertum</span> <span class='ocrx_word' id='word_1_532' title='bbox 1580 757 1912 803; x_wconf 78' lang='lat' dir='ltr'>schafnaburgensem</span> <span class='ocrx_word' id='word_1_533' title='bbox 1924 758 2130 794; x_wconf 82' lang='lat' dir='ltr'>adduxerunt</span> 
     </span>
     <span class='ocr_line' id='line_1_86' title="bbox 1255 806 2257 870; baseline 0.005 -31"><span class='ocrx_word' id='word_1_534' title='bbox 1255 806 1407 841; x_wconf 82' lang='lat' dir='ltr'>Saxoniae</span> <span class='ocrx_word' id='word_1_535' title='bbox 1418 806 1617 852; x_wconf 85' lang='lat' dir='ltr'>Episcopi&amp;</span> <span class='ocrx_word' id='word_1_536' title='bbox 1643 808 1818 848; x_wconf 86' lang='lat' dir='ltr'>Proceres,</span> <span class='ocrx_word' id='word_1_537' title='bbox 1843 806 2015 843; x_wconf 77' lang='lat' dir='ltr'>asserentes</span> <span class='ocrx_word' id='word_1_538' title='bbox 2037 809 2130 843; x_wconf 87' lang='lat' dir='ltr'>Hen·</span> <span class='ocrx_word' id='word_1_539' title='bbox 2148 835 2174 865; x_wconf 63' lang='grc' dir='ltr'>Α</span> <span class='ocrx_word' id='word_1_540' title='bbox 2202 841 2257 870; x_wconf 82' lang='lat'>¹07</span> 
     </span>
     <span class='ocr_line' id='line_1_87' title="bbox 1254 843 2288 902; baseline 0.005 -14"><span class='ocrx_word' id='word_1_541' title='bbox 1254 856 1356 889; x_wconf 84' lang='lat' dir='ltr'>ticum</span> <span class='ocrx_word' id='word_1_542' title='bbox 1371 867 1521 901; x_wconf 86' lang='lat' dir='ltr'>quartum</span> <span class='ocrx_word' id='word_1_543' title='bbox 1545 858 1778 902; x_wconf 81' lang='lat' dir='ltr'>Imperatorem</span> <span class='ocrx_word' id='word_1_544' title='bbox 1801 868 1892 892; x_wconf 77' lang='lat' dir='ltr'>tanta</span> <span class='ocrx_word' id='word_1_545' title='bbox 1909 858 2053 901; x_wconf 77' lang='lat' dir='ltr'>facinora</span> <span class='ocrx_word' id='word_1_546' title='bbox 2066 867 2126 901; x_wconf 82' lang='lat' dir='ltr'>pa·</span> <span class='ocrx_word' id='word_1_547' title='bbox 2177 854 2184 862; x_wconf 81' lang='grc'><strong>’</strong></span> <span class='ocrx_word' id='word_1_548' title='bbox 2259 843 2288 874; x_wconf 56' lang='lat'>3*</span> 
     </span>
     <span class='ocr_line' id='line_1_88' title="bbox 1252 958 2132 1003; baseline 0.006 -15"><span class='ocrx_word' id='word_1_549' title='bbox 1252 966 1372 998; x_wconf 84' lang='lat' dir='ltr'>rentur‚</span> <span class='ocrx_word' id='word_1_550' title='bbox 1397 958 1632 1003; x_wconf 75' lang='lat' dir='ltr'>&amp;conjugium‚</span> <span class='ocrx_word' id='word_1_551' title='bbox 1659 960 2000 1003; x_wconf 74' lang='lat' dir='ltr'>&amp;militiaecingulum‚</span> <span class='ocrx_word' id='word_1_552' title='bbox 2026 960 2132 993; x_wconf 70' lang='lat' dir='ltr'>&amp;om-</span> 
     </span>
    </p>

    <p class='ocr_par' dir='ltr' id='par_1_20' title="bbox 1251 1007 2129 1054">
     <span class='ocr_line' id='line_1_89' title="bbox 1251 1007 2129 1054; baseline 0.005 -15"><span class='ocrx_word' id='word_1_553' title='bbox 1251 1017 1317 1040; x_wconf 80' lang='lat' dir='ltr'>nem</span> <span class='ocrx_word' id='word_1_554' title='bbox 1338 1009 1462 1050; x_wconf 72' lang='lat' dir='ltr'>prorsi&#39;cs</span> <span class='ocrx_word' id='word_1_555' title='bbox 1484 1007 1586 1052; x_wconf 79' lang='lat' dir='ltr'>saeculi</span> <span class='ocrx_word' id='word_1_556' title='bbox 1608 1007 1692 1052; x_wconf 77' lang='lat' dir='ltr'>usum</span> <span class='ocrx_word' id='word_1_557' title='bbox 1704 1032 1715 1049; x_wconf 94' lang='lat'><em>‚</em></span> <span class='ocrx_word' id='word_1_558' title='bbox 1742 1010 1854 1052; x_wconf 63' lang='lat' dir='ltr'>quanta</span> <span class='ocrx_word' id='word_1_559' title='bbox 1875 1014 1970 1054; x_wconf 79' lang='lat' dir='ltr'>magis</span> <span class='ocrx_word' id='word_1_560' title='bbox 1992 1012 2129 1053; x_wconf 81' lang='lat' dir='ltr'>Regnum</span> 
     </span>
    </p>

    <p class='ocr_par' dir='ltr' id='par_1_21' title="bbox 1250 1056 2125 1101">
     <span class='ocr_line' id='line_1_90' title="bbox 1250 1056 2125 1101; baseline 0.005 -12"><span class='ocrx_word' id='word_1_561' title='bbox 1250 1057 1388 1091; x_wconf 77' lang='lat' dir='ltr'>abdicare</span> <span class='ocrx_word' id='word_1_562' title='bbox 1405 1056 1589 1101; x_wconf 74' lang='lat' dir='ltr'>censeretur.</span> <span class='ocrx_word' id='word_1_563' title='bbox 1618 1058 1739 1095; x_wconf 85' lang='lat' dir='ltr'>Locuti</span> <span class='ocrx_word' id='word_1_564' title='bbox 1765 1061 1838 1094; x_wconf 89' lang='lat' dir='ltr'>sunt</span> <span class='ocrx_word' id='word_1_565' title='bbox 1850 1070 1891 1093; x_wconf 85' lang='lat' dir='ltr'>ex</span> <span class='ocrx_word' id='word_1_566' title='bbox 1906 1058 2026 1094; x_wconf 89' lang='lat' dir='ltr'>Siricio</span> <span class='ocrx_word' id='word_1_567' title='bbox 2037 1057 2125 1093; x_wconf 88' lang='lat' dir='ltr'>Pon-</span> 
     </span>
    </p>

    <p class='ocr_par' dir='ltr' id='par_1_22' title="bbox 1248 1106 2129 1350">
     <span class='ocr_line' id='line_1_91' title="bbox 1250 1106 2128 1154; baseline 0.006 -15"><span class='ocrx_word' id='word_1_568' title='bbox 1250 1106 1339 1140; x_wconf 83' lang='lat' dir='ltr'>tifice</span> <span class='ocrx_word' id='word_1_569' title='bbox 1360 1131 1371 1147; x_wconf 92' lang='lat'><strong>,</strong></span> <span class='ocrx_word' id='word_1_570' title='bbox 1410 1107 1479 1150; x_wconf 82' lang='lat' dir='ltr'>qui&#39;</span> <span class='ocrx_word' id='word_1_571' title='bbox 1505 1107 1661 1142; x_wconf 85' lang='lat' dir='ltr'>Himerio</span> <span class='ocrx_word' id='word_1_572' title='bbox 1696 1108 1935 1144; x_wconf 81' lang='lat' dir='ltr'>Tarraconensi</span> <span class='ocrx_word' id='word_1_573' title='bbox 1962 1109 2128 1154; x_wconf 86' lang='lat' dir='ltr'>Episcopo</span> 
     </span>
     <span class='ocr_line' id='line_1_92' title="bbox 1249 1155 2126 1203; baseline 0.006 -14"><span class='ocrx_word' id='word_1_574' title='bbox 1249 1155 1402 1199; x_wconf 84' lang='lat' dir='ltr'>rescripsit</span> <span class='ocrx_word' id='word_1_575' title='bbox 1425 1156 1550 1190; x_wconf 80' lang='lat' dir='ltr'>miiitiae</span> <span class='ocrx_word' id='word_1_576' title='bbox 1563 1157 1734 1203; x_wconf 81' lang='lat' dir='ltr'>cingulum</span> <span class='ocrx_word' id='word_1_577' title='bbox 1756 1159 1828 1203; x_wconf 87' lang='lat' dir='ltr'>post</span> <span class='ocrx_word' id='word_1_578' title='bbox 1844 1161 1947 1194; x_wconf 70' lang='lat' dir='ltr'>astam</span> <span class='ocrx_word' id='word_1_579' title='bbox 1958 1159 2126 1203; x_wconf 86' lang='lat' dir='ltr'>publicam</span> 
     </span>
     <span class='ocr_line' id='line_1_93' title="bbox 1249 1205 2129 1252; baseline 0.007 -14"><span class='ocrx_word' id='word_1_580' title='bbox 1249 1205 1475 1248; x_wconf 72' lang='lat' dir='ltr'>poenitentiam</span> <span class='ocrx_word' id='word_1_581' title='bbox 1499 1206 1685 1242; x_wconf 87' lang='lat' dir='ltr'>nullatenus</span> <span class='ocrx_word' id='word_1_582' title='bbox 1711 1211 1798 1252; x_wconf 73' lang='lat' dir='ltr'>posse</span> <span class='ocrx_word' id='word_1_583' title='bbox 1819 1211 1935 1244; x_wconf 88' lang='lat' dir='ltr'>resumi</span> <span class='ocrx_word' id='word_1_584' title='bbox 1959 1235 1970 1251; x_wconf 94' lang='lat'>‚</span> <span class='ocrx_word' id='word_1_585' title='bbox 2010 1210 2129 1244; x_wconf 86' lang='lat' dir='ltr'>resum-</span> 
     </span>
     <span class='ocr_line' id='line_1_94' title="bbox 1249 1256 2124 1301; baseline 0.005 -12"><span class='ocrx_word' id='word_1_586' title='bbox 1249 1256 1393 1299; x_wconf 87' lang='lat' dir='ltr'>ptionem</span> <span class='ocrx_word' id='word_1_587' title='bbox 1419 1258 1482 1291; x_wconf 78' lang='lat' dir='ltr'>effe</span> <span class='ocrx_word' id='word_1_588' title='bbox 1505 1257 1664 1300; x_wconf 81' lang='lat' dir='ltr'>relapsum</span> <span class='ocrx_word' id='word_1_589' title='bbox 1678 1280 1689 1298; x_wconf 86' lang='lat'>‚</span> <span class='ocrx_word' id='word_1_590' title='bbox 1717 1257 1858 1301; x_wconf 89' lang='lat' dir='ltr'>ideoque</span> <span class='ocrx_word' id='word_1_591' title='bbox 1871 1258 2124 1301; x_wconf 81' lang='lat' dir='ltr'>resumptoribus</span> 
     </span>
     <span class='ocr_line' id='line_1_95' title="bbox 1248 1306 2127 1350; baseline 0.002 -11"><span class='ocrx_word' id='word_1_592' title='bbox 1248 1306 1419 1340; x_wconf 86' lang='lat' dir='ltr'>secundam</span> <span class='ocrx_word' id='word_1_593' title='bbox 1447 1307 1677 1350; x_wconf 74' lang='lat' dir='ltr'>poenitentiam</span> <span class='ocrx_word' id='word_1_594' title='bbox 1715 1316 1785 1340; x_wconf 87' lang='lat' dir='ltr'>non</span> <span class='ocrx_word' id='word_1_595' title='bbox 1814 1307 1876 1341; x_wconf 76' lang='lat' dir='ltr'>effe</span> <span class='ocrx_word' id='word_1_596' title='bbox 1912 1307 2127 1343; x_wconf 81' lang='lat' dir='ltr'>credendam.</span> 
     </span>
    </p>

    <p class='ocr_par' dir='ltr' id='par_1_23' title="bbox 1249 1355 2145 1402">
     <span class='ocr_line' id='line_1_96' title="bbox 1249 1355 2145 1402; baseline 0.004 -14"><span class='ocrx_word' id='word_1_597' title='bbox 1249 1355 1292 1388; x_wconf 88' lang='lat' dir='ltr'>Et</span> <span class='ocrx_word' id='word_1_598' title='bbox 1311 1367 1354 1390; x_wconf 82' lang='lat' dir='ltr'>ex</span> <span class='ocrx_word' id='word_1_599' title='bbox 1374 1356 1492 1391; x_wconf 85' lang='lat' dir='ltr'>litteris</span> <span class='ocrx_word' id='word_1_600' title='bbox 1515 1357 1623 1391; x_wconf 63' lang='lat' dir='ltr'>Sancti</span> <span class='ocrx_word' id='word_1_601' title='bbox 1647 1357 1772 1392; x_wconf 89' lang='lat' dir='ltr'>Leonis</span> <span class='ocrx_word' id='word_1_602' title='bbox 1794 1356 1915 1402; x_wconf 85' lang='lat' dir='ltr'>Magni</span> <span class='ocrx_word' id='word_1_603' title='bbox 1939 1357 1980 1392; x_wconf 92' lang='lat' dir='ltr'>ad</span> <span class='ocrx_word' id='word_1_604' title='bbox 2018 1357 2145 1400; x_wconf 27' lang='lat' dir='ltr'>Rusti--</span> 
     </span>
    </p>

    <p class='ocr_par' dir='ltr' id='par_1_24' title="bbox 1245 1404 2283 1552">
     <span class='ocr_line' id='line_1_97' title="bbox 1247 1404 2283 1460; baseline 0.003 -21"><span class='ocrx_word' id='word_1_605' title='bbox 1247 1415 1320 1439; x_wconf 89' lang='lat' dir='ltr'>cum</span> <span class='ocrx_word' id='word_1_606' title='bbox 1349 1404 1604 1450; x_wconf 82' lang='lat' dir='ltr'>Metropolitam</span> <span class='ocrx_word' id='word_1_607' title='bbox 1631 1405 1905 1442; x_wconf 85' lang='lat' dir='ltr'>Narbonensem:</span> <span class='ocrx_word' id='word_1_608' title='bbox 1932 1411 2130 1442; x_wconf 70' lang='lat' dir='ltr'>contrarium</span> <span class='ocrx_word' id='word_1_609' title='bbox 2145 1417 2221 1460; x_wconf 71' lang='lat'>0²?-</span> <span class='ocrx_word' id='word_1_610' title='bbox 2237 1427 2283 1451; x_wconf 80' lang='lat' dir='ltr'>n.</span> 
     </span>
     <span class='ocr_line' id='line_1_98' title="bbox 1245 1455 2129 1503; baseline 0.007 -16"><span class='ocrx_word' id='word_1_611' title='bbox 1245 1457 1364 1489; x_wconf 63' lang='lat' dir='ltr'>omnine</span> <span class='ocrx_word' id='word_1_612' title='bbox 1387 1455 1425 1497; x_wconf 87' lang='lat' dir='ltr'>est</span> <span class='ocrx_word' id='word_1_613' title='bbox 1451 1455 1651 1498; x_wconf 79' lang='lat' dir='ltr'>Ecclesi&#39;asticis</span> <span class='ocrx_word' id='word_1_614' title='bbox 1676 1459 1783 1503; x_wconf 71' lang='lat' dir='ltr'>reguli:</span> <span class='ocrx_word' id='word_1_615' title='bbox 1807 1480 1819 1497; x_wconf 90' lang='lat'>‚</span> <span class='ocrx_word' id='word_1_616' title='bbox 1854 1457 1919 1500; x_wconf 76' lang='lat' dir='ltr'>post</span> <span class='ocrx_word' id='word_1_617' title='bbox 1938 1462 2129 1502; x_wconf 67' lang='lat' dir='ltr'>poenitentia·</span> 
     </span>
     <span class='ocr_line' id='line_1_99' title="bbox 1245 1506 2128 1552; baseline 0.005 -13"><span class='ocrx_word' id='word_1_618' title='bbox 1245 1506 1387 1540; x_wconf 46' lang='lat' dir='ltr'>ursionem</span> <span class='ocrx_word' id='word_1_619' title='bbox 1413 1510 1512 1542; x_wconf 82' lang='lat' dir='ltr'>redire</span> <span class='ocrx_word' id='word_1_620' title='bbox 1539 1509 1583 1541; x_wconf 83' lang='lat' dir='ltr'>ad</span> <span class='ocrx_word' id='word_1_621' title='bbox 1605 1510 1750 1542; x_wconf 76' lang='lat' dir='ltr'>militiam</span> <span class='ocrx_word' id='word_1_622' title='bbox 1769 1506 1977 1552; x_wconf 55' lang='grc' dir='ltr'>[Μίκων’.</span> <span class='ocrx_word' id='word_1_623' title='bbox 2015 1507 2061 1542; x_wconf 84' lang='lat' dir='ltr'>Bt</span> <span class='ocrx_word' id='word_1_624' title='bbox 2084 1507 2128 1543; x_wconf 78' lang='lat' dir='ltr'>de</span> 
     </span>
    </p>

    <p class='ocr_par' dir='ltr' id='par_1_25' title="bbox 1246 1555 2144 1602">
     <span class='ocr_line' id='line_1_100' title="bbox 1246 1555 2144 1602; baseline 0.006 -14"><span class='ocrx_word' id='word_1_625' title='bbox 1246 1555 1355 1589; x_wconf 86' lang='lat' dir='ltr'>nescio</span> <span class='ocrx_word' id='word_1_626' title='bbox 1377 1568 1443 1599; x_wconf 90' lang='lat' dir='ltr'>quo</span> <span class='ocrx_word' id='word_1_627' title='bbox 1471 1559 1510 1591; x_wconf 87' lang='lat' dir='ltr'>ad</span> <span class='ocrx_word' id='word_1_628' title='bbox 1534 1557 1699 1600; x_wconf 86' lang='lat' dir='ltr'>publicam</span> <span class='ocrx_word' id='word_1_629' title='bbox 1732 1561 1961 1602; x_wconf 76' lang='lat' dir='ltr'>poenitentiam</span> <span class='ocrx_word' id='word_1_630' title='bbox 1989 1557 2144 1593; x_wconf 76' lang='lat' dir='ltr'>danna--</span> 
     </span>
    </p>

    <p class='ocr_par' dir='ltr' id='par_1_26' title="bbox 1237 1606 2285 1998">
     <span class='ocr_line' id='line_1_101' title="bbox 1244 1606 2144 1651; baseline 0.006 -14"><span class='ocrx_word' id='word_1_631' title='bbox 1244 1614 1280 1637; x_wconf 91' lang='lat' dir='ltr'>to</span> <span class='ocrx_word' id='word_1_632' title='bbox 1303 1606 1453 1640; x_wconf 76' lang='lat' dir='ltr'>Wimaro</span> <span class='ocrx_word' id='word_1_633' title='bbox 1480 1607 1600 1648; x_wconf 81' lang='lat' dir='ltr'>scripsit</span> <span class='ocrx_word' id='word_1_634' title='bbox 1626 1607 1668 1640; x_wconf 90' lang='lat' dir='ltr'>ad</span> <span class='ocrx_word' id='word_1_635' title='bbox 1694 1608 1912 1642; x_wconf 88' lang='lat' dir='ltr'>Rivoladrum</span> <span class='ocrx_word' id='word_1_636' title='bbox 1923 1609 2144 1651; x_wconf 80' lang='lat' dir='ltr'>Episcopum·</span> 
     </span>
     <span class='ocr_line' id='line_1_102' title="bbox 1244 1653 2232 1716; baseline 0.002 -27"><span class='ocrx_word' id='word_1_637' title='bbox 1244 1653 1406 1689; x_wconf 88' lang='lat' dir='ltr'>Nicolaus</span> <span class='ocrx_word' id='word_1_638' title='bbox 1419 1655 1542 1698; x_wconf 87' lang='lat' dir='ltr'>primus</span> <span class='ocrx_word' id='word_1_639' title='bbox 1565 1655 1722 1689; x_wconf 80' lang='lat' dir='ltr'>Pontifex</span> <span class='ocrx_word' id='word_1_640' title='bbox 1741 1667 1750 1688; x_wconf 71' lang='grc' dir='ltr'><strong><em>ε</em></strong></span> <span class='ocrx_word' id='word_1_641' title='bbox 1777 1659 1888 1697; x_wconf 73' lang='lat' dir='ltr'>Arma,</span> <span class='ocrx_word' id='word_1_642' title='bbox 1917 1657 2030 1699; x_wconf 84' lang='lat' dir='ltr'>utique</span> <span class='ocrx_word' id='word_1_643' title='bbox 2051 1655 2125 1700; x_wconf 84' lang='lat' dir='ltr'>post</span> <span class='ocrx_word' id='word_1_644' title='bbox 2140 1683 2166 1714; x_wconf 66' lang='lat' dir='ltr'>E</span> <span class='ocrx_word' id='word_1_645' title='bbox 2188 1683 2232 1716; x_wconf 58' lang='grc' dir='ltr'>Ἡ.</span> 
     </span>
     <span class='ocr_line' id='line_1_103' title="bbox 1245 1693 2285 1747; baseline 0.005 -12"><span class='ocrx_word' id='word_1_646' title='bbox 1245 1704 1402 1745; x_wconf 70' lang='lat' dir='ltr'>peraetam</span> <span class='ocrx_word' id='word_1_647' title='bbox 1420 1705 1671 1746; x_wconf 78' lang='lat' dir='ltr'>poenitentiam,</span> <span class='ocrx_word' id='word_1_648' title='bbox 1697 1705 1874 1747; x_wconf 80' lang='lat' dir='ltr'>nonferat,</span> <span class='ocrx_word' id='word_1_649' title='bbox 1888 1704 2055 1746; x_wconf 78' lang='lat' dir='ltr'>nificontrae</span> <span class='ocrx_word' id='word_1_650' title='bbox 2065 1708 2129 1739; x_wconf 79' lang='lat' dir='ltr'>Pa·</span> <span class='ocrx_word' id='word_1_651' title='bbox 2167 1693 2196 1723; x_wconf 53' lang='grc' dir='ltr'>ΡΙ</span> <span class='ocrx_word' id='word_1_652' title='bbox 2220 1705 2229 1716; x_wconf 84' lang='grc'><strong>”</strong></span> <span class='ocrx_word' id='word_1_653' title='bbox 2258 1693 2285 1723; x_wconf 63' lang='lat'>5*</span> 
     </span>
     <span class='ocr_line' id='line_1_104' title="bbox 1237 1751 2145 1798; baseline 0.006 -15"><span class='ocrx_word' id='word_1_654' title='bbox 1237 1763 1350 1796; x_wconf 73' lang='lat' dir='ltr'>ganas.</span> <span class='ocrx_word' id='word_1_655' title='bbox 1381 1751 1541 1796; x_wconf 78' lang='lat' dir='ltr'>Exceptio</span> <span class='ocrx_word' id='word_1_656' title='bbox 1567 1752 1626 1787; x_wconf 81' lang='lat' dir='ltr'>ista</span> <span class='ocrx_word' id='word_1_657' title='bbox 1651 1764 1719 1789; x_wconf 90' lang='lat' dir='ltr'>erat</span> <span class='ocrx_word' id='word_1_658' title='bbox 1743 1756 1886 1798; x_wconf 87' lang='lat' dir='ltr'>gratiosa</span> <span class='ocrx_word' id='word_1_659' title='bbox 1905 1754 2145 1797; x_wconf 70' lang='lat' dir='ltr'>dispensatiotx</span> 
     </span>
     <span class='ocr_line' id='line_1_105' title="bbox 1243 1801 2124 1849; baseline 0.006 -14"><span class='ocrx_word' id='word_1_660' title='bbox 1243 1801 1347 1849; x_wconf 84' lang='lat' dir='ltr'>Qod</span> <span class='ocrx_word' id='word_1_661' title='bbox 1378 1802 1495 1846; x_wconf 77' lang='lat' dir='ltr'>nempe</span> <span class='ocrx_word' id='word_1_662' title='bbox 1532 1801 1639 1838; x_wconf 83' lang='lat' dir='ltr'>avitus</span> <span class='ocrx_word' id='word_1_663' title='bbox 1679 1803 1908 1838; x_wconf 53' lang='lat' dir='ltr'>Ecclesiasticus</span> <span class='ocrx_word' id='word_1_664' title='bbox 1941 1803 2124 1848; x_wconf 65' lang='lat' dir='ltr'>disciplina</span> 
     </span>
     <span class='ocr_line' id='line_1_106' title="bbox 1247 1852 2123 1899; baseline 0.006 -14"><span class='ocrx_word' id='word_1_665' title='bbox 1247 1854 1338 1896; x_wconf 86' lang='lat' dir='ltr'>rigor</span> <span class='ocrx_word' id='word_1_666' title='bbox 1365 1856 1445 1886; x_wconf 88' lang='lat' dir='ltr'>tunc</span> <span class='ocrx_word' id='word_1_667' title='bbox 1472 1852 1554 1887; x_wconf 88' lang='lat' dir='ltr'>solvi</span> <span class='ocrx_word' id='word_1_668' title='bbox 1581 1854 1743 1896; x_wconf 72' lang='lat' dir='ltr'>coepifl‘et.</span> <span class='ocrx_word' id='word_1_669' title='bbox 1770 1853 1866 1888; x_wconf 89' lang='lat' dir='ltr'>Hine</span> <span class='ocrx_word' id='word_1_670' title='bbox 1891 1852 2123 1899; x_wconf 77' lang='lat' dir='ltr'>&amp;Rudolpho</span> 
     </span>
     <span class='ocr_line' id='line_1_107' title="bbox 1250 1900 2124 1949; baseline 0.007 -15"><span class='ocrx_word' id='word_1_671' title='bbox 1250 1901 1439 1936; x_wconf 82' lang='lat' dir='ltr'>Bituricenfi</span> <span class='ocrx_word' id='word_1_672' title='bbox 1466 1900 1747 1947; x_wconf 85' lang='lat' dir='ltr'>Archiepiscopo,</span> <span class='ocrx_word' id='word_1_673' title='bbox 1772 1903 1814 1938; x_wconf 90' lang='lat' dir='ltr'>de</span> <span class='ocrx_word' id='word_1_674' title='bbox 1849 1903 1970 1939; x_wconf 85' lang='lat' dir='ltr'>talibus</span> <span class='ocrx_word' id='word_1_675' title='bbox 1988 1929 2000 1946; x_wconf 84' lang='lat'>‚</span> <span class='ocrx_word' id='word_1_676' title='bbox 2038 1915 2124 1949; x_wconf 81' lang='lat' dir='ltr'>quos</span> 
     </span>
     <span class='ocr_line' id='line_1_108' title="bbox 1247 1953 2121 1998; baseline 0.006 -14"><span class='ocrx_word' id='word_1_677' title='bbox 1247 1963 1314 1986; x_wconf 88' lang='lat' dir='ltr'>non</span> <span class='ocrx_word' id='word_1_678' title='bbox 1343 1953 1400 1986; x_wconf 79' lang='lat' dir='ltr'>nisi</span> <span class='ocrx_word' id='word_1_679' title='bbox 1420 1964 1497 1988; x_wconf 90' lang='lat' dir='ltr'>cum</span> <span class='ocrx_word' id='word_1_680' title='bbox 1509 1954 1668 1998; x_wconf 75' lang='lat' dir='ltr'>gravioris</span> <span class='ocrx_word' id='word_1_681' title='bbox 1681 1953 1807 1997; x_wconf 87' lang='lat' dir='ltr'>lapsus,</span> <span class='ocrx_word' id='word_1_682' title='bbox 1836 1955 1871 1988; x_wconf 75' lang='grc' dir='ltr'>δε</span> <span class='ocrx_word' id='word_1_683' title='bbox 1885 1953 2121 1996; x_wconf 85' lang='lat' dir='ltr'>desperationis</span> 
     </span>
    </p>

    <p class='ocr_par' dir='ltr' id='par_1_27' title="bbox 1243 2001 2306 2196">
     <span class='ocr_line' id='line_1_109' title="bbox 1245 2001 2306 2065; baseline 0.005 -31"><span class='ocrx_word' id='word_1_684' title='bbox 1245 2002 1387 2044; x_wconf 89' lang='lat' dir='ltr'>periculo</span> <span class='ocrx_word' id='word_1_685' title='bbox 1400 2001 1770 2046; x_wconf 59' lang='lat' dir='ltr'>poterat&#39;compescere,</span> <span class='ocrx_word' id='word_1_686' title='bbox 1798 2003 1923 2037; x_wconf 80' lang='lat' dir='ltr'>miiitiae</span> <span class='ocrx_word' id='word_1_687' title='bbox 1939 2005 2120 2047; x_wconf 77' lang='lat' dir='ltr'>resumpto·</span> <span class='ocrx_word' id='word_1_688' title='bbox 2136 2024 2227 2065; x_wconf 47' lang='lat' dir='ltr'>Epist·</span> <span class='ocrx_word' id='word_1_689' title='bbox 2250 2025 2306 2064; x_wconf 48' lang='grc' dir='ltr'>,ὠ</span> 
     </span>
     <span class='ocr_line' id='line_1_110' title="bbox 1245 2050 2261 2106; baseline 0.005 -22"><span class='ocrx_word' id='word_1_690' title='bbox 1245 2050 1331 2086; x_wconf 87' lang='lat' dir='ltr'>ribus</span> <span class='ocrx_word' id='word_1_691' title='bbox 1349 2053 1557 2094; x_wconf 89' lang='lat' dir='ltr'>consulenti,</span> <span class='ocrx_word' id='word_1_692' title='bbox 1586 2053 1675 2088; x_wconf 88' lang='lat' dir='ltr'>idem</span> <span class='ocrx_word' id='word_1_693' title='bbox 1699 2053 1861 2088; x_wconf 75' lang='lat' dir='ltr'>Pontifex</span> <span class='ocrx_word' id='word_1_694' title='bbox 1878 2054 2046 2095; x_wconf 85' lang='lat' dir='ltr'>respondit</span> <span class='ocrx_word' id='word_1_695' title='bbox 2059 2054 2120 2089; x_wconf 87' lang='lat' dir='ltr'>cri·</span> <span class='ocrx_word' id='word_1_696' title='bbox 2138 2074 2201 2106; x_wconf 70' lang='lat'>⁶²1²·</span> <span class='ocrx_word' id='word_1_697' title='bbox 2229 2076 2261 2103; x_wconf 75' lang='lat'>4,</span> 
     </span>
     <span class='ocr_line' id='line_1_111' title="bbox 1244 2099 2119 2145; baseline 0.009 -13"><span class='ocrx_word' id='word_1_698' title='bbox 1244 2101 1332 2134; x_wconf 82' lang='lat' dir='ltr'>mina</span> <span class='ocrx_word' id='word_1_699' title='bbox 1353 2103 1417 2136; x_wconf 80' lang='lat' dir='ltr'>effe</span> <span class='ocrx_word' id='word_1_700' title='bbox 1439 2104 1547 2142; x_wconf 78' lang='lat' dir='ltr'>varia,</span> <span class='ocrx_word' id='word_1_701' title='bbox 1574 2104 1679 2136; x_wconf 79' lang='lat' dir='ltr'>varias</span> <span class='ocrx_word' id='word_1_702' title='bbox 1704 2099 2119 2145; x_wconf 64' lang='lat' dir='ltr'>personarumfflocorum</span> 
     </span>
     <span class='ocr_line' id='line_1_112' title="bbox 1243 2149 2122 2196; baseline 0.007 -12"><span class='ocrx_word' id='word_1_703' title='bbox 1243 2149 1502 2184; x_wconf 78' lang='lat' dir='ltr'>circumstantias</span> <span class='ocrx_word' id='word_1_704' title='bbox 1513 2175 1523 2191; x_wconf 91' lang='lat'><em>‚</em></span> <span class='ocrx_word' id='word_1_705' title='bbox 1552 2150 1767 2196; x_wconf 85' lang='lat' dir='ltr'>indulgetque</span> <span class='ocrx_word' id='word_1_706' title='bbox 1780 2153 1969 2187; x_wconf 78' lang='lat' dir='ltr'>facultatem</span> <span class='ocrx_word' id='word_1_707' title='bbox 1977 2153 2122 2192; x_wconf 83' lang='lat' dir='ltr'>diffimu·</span> 
     </span>
    </p>

    <p class='ocr_par' dir='ltr' id='par_1_28' title="bbox 1242 2198 2260 2395">
     <span class='ocr_line' id='line_1_113' title="bbox 1247 2198 2142 2247; baseline 0.006 -15"><span class='ocrx_word' id='word_1_708' title='bbox 1247 2198 1355 2233; x_wconf 83' lang='lat' dir='ltr'>laridi.</span> <span class='ocrx_word' id='word_1_709' title='bbox 1383 2199 1488 2243; x_wconf 82' lang='lat' dir='ltr'>Cujus</span> <span class='ocrx_word' id='word_1_710' title='bbox 1507 2200 1638 2244; x_wconf 87' lang='lat' dir='ltr'>pietatis</span> <span class='ocrx_word' id='word_1_711' title='bbox 1660 2200 1815 2245; x_wconf 84' lang='lat' dir='ltr'>quasdam</span> <span class='ocrx_word' id='word_1_712' title='bbox 1838 2200 1946 2236; x_wconf 88' lang='lat' dir='ltr'>adhuc</span> <span class='ocrx_word' id='word_1_713' title='bbox 1967 2201 2142 2247; x_wconf 66' lang='lat' dir='ltr'>reliquias·r</span> 
     </span>
     <span class='ocr_line' id='line_1_114' title="bbox 1246 2250 2259 2295; baseline 0.003 -12"><span class='ocrx_word' id='word_1_714' title='bbox 1246 2251 1431 2293; x_wconf 69' lang='lat' dir='ltr'>superfuisse</span> <span class='ocrx_word' id='word_1_715' title='bbox 1455 2251 1555 2284; x_wconf 83' lang='lat' dir='ltr'>nostri</span> <span class='ocrx_word' id='word_1_716' title='bbox 1567 2250 1694 2294; x_wconf 85' lang='lat' dir='ltr'>septimi</span> <span class='ocrx_word' id='word_1_717' title='bbox 1709 2251 1865 2295; x_wconf 81' lang='lat' dir='ltr'>Gregorii</span> <span class='ocrx_word' id='word_1_718' title='bbox 1878 2262 2046 2295; x_wconf 87' lang='lat' dir='ltr'>tempore,</span> <span class='ocrx_word' id='word_1_719' title='bbox 2072 2252 2121 2287; x_wconf 86' lang='lat' dir='ltr'>lu·</span> <span class='ocrx_word' id='word_1_720' title='bbox 2139 2253 2200 2286; x_wconf 82' lang='lat' dir='ltr'>Lib.</span> <span class='ocrx_word' id='word_1_721' title='bbox 2230 2264 2259 2291; x_wconf 83' lang='lat'>⁷·</span> 
     </span>
     <span class='ocr_line' id='line_1_115' title="bbox 1243 2298 2260 2345; baseline 0.001 -11"><span class='ocrx_word' id='word_1_722' title='bbox 1243 2309 1294 2334; x_wconf 90' lang='lat' dir='ltr'>cet</span> <span class='ocrx_word' id='word_1_723' title='bbox 1313 2311 1355 2334; x_wconf 84' lang='lat' dir='ltr'>ex</span> <span class='ocrx_word' id='word_1_724' title='bbox 1375 2300 1521 2343; x_wconf 83' lang='lat' dir='ltr'>Epistola</span> <span class='ocrx_word' id='word_1_725' title='bbox 1531 2300 1571 2334; x_wconf 87' lang='lat' dir='ltr'>ad</span> <span class='ocrx_word' id='word_1_726' title='bbox 1596 2300 1770 2336; x_wconf 84' lang='lat' dir='ltr'>Britonum</span> <span class='ocrx_word' id='word_1_727' title='bbox 1798 2301 1981 2345; x_wconf 80' lang='lat' dir='ltr'>Episcopos</span> <span class='ocrx_word' id='word_1_728' title='bbox 1991 2313 2029 2336; x_wconf 90' lang='lat' dir='ltr'>ac</span> <span class='ocrx_word' id='word_1_729' title='bbox 2039 2302 2119 2338; x_wconf 51' lang='lat' dir='ltr'>Pro*-</span> <span class='ocrx_word' id='word_1_730' title='bbox 2137 2298 2191 2335; x_wconf 75' lang='grc' dir='ltr'>ΕΡ·</span> <span class='ocrx_word' id='word_1_731' title='bbox 2213 2304 2260 2328; x_wconf 76' lang='lat'>¹⁶·</span> 
     </span>
     <span class='ocr_line' id='line_1_116' title="bbox 1242 2350 2121 2395; baseline 0.003 -11"><span class='ocrx_word' id='word_1_732' title='bbox 1242 2360 1348 2391; x_wconf 88' lang='lat' dir='ltr'>ceres,</span> <span class='ocrx_word' id='word_1_733' title='bbox 1373 2361 1415 2384; x_wconf 86' lang='lat' dir='ltr'>eit</span> <span class='ocrx_word' id='word_1_734' title='bbox 1434 2350 1579 2393; x_wconf 84' lang='lat' dir='ltr'>ejusdem</span> <span class='ocrx_word' id='word_1_735' title='bbox 1592 2351 1707 2394; x_wconf 88' lang='lat' dir='ltr'>quinta</span> <span class='ocrx_word' id='word_1_736' title='bbox 1727 2351 1881 2385; x_wconf 78' lang='lat' dir='ltr'>Romana</span> <span class='ocrx_word' id='word_1_737' title='bbox 1901 2352 2060 2395; x_wconf 85' lang='lat' dir='ltr'>Synodo,</span> <span class='ocrx_word' id='word_1_738' title='bbox 2083 2354 2121 2389; x_wconf 75' lang='grc' dir='ltr'>δε</span> 
     </span>
    </p>

    <p class='ocr_par' dir='ltr' id='par_1_29' title="bbox 1241 2397 2141 2446">
     <span class='ocr_line' id='line_1_117' title="bbox 1241 2397 2141 2446; baseline 0.003 -11"><span class='ocrx_word' id='word_1_739' title='bbox 1241 2411 1282 2435; x_wconf 82' lang='lat' dir='ltr'>ex</span> <span class='ocrx_word' id='word_1_740' title='bbox 1304 2397 1512 2443; x_wconf 87' lang='lat' dir='ltr'>Melphitana</span> <span class='ocrx_word' id='word_1_741' title='bbox 1538 2399 1671 2435; x_wconf 91' lang='lat' dir='ltr'>Urbani</span> <span class='ocrx_word' id='word_1_742' title='bbox 1687 2401 1840 2435; x_wconf 87' lang='lat' dir='ltr'>secundi.</span> <span class='ocrx_word' id='word_1_743' title='bbox 1869 2401 2006 2436; x_wconf 86' lang='lat' dir='ltr'>Publica</span> <span class='ocrx_word' id='word_1_744' title='bbox 2019 2405 2141 2446; x_wconf 60' lang='lat' dir='ltr'>poeni·-</span> 
     </span>
    </p>

    <p class='ocr_par' dir='ltr' id='par_1_30' title="bbox 1242 2449 2123 2495">
     <span class='ocr_line' id='line_1_118' title="bbox 1242 2449 2123 2495; baseline 0.006 -11"><span class='ocrx_word' id='word_1_745' title='bbox 1242 2449 1343 2485; x_wconf 82' lang='lat' dir='ltr'>tentia</span> <span class='ocrx_word' id='word_1_746' title='bbox 1358 2461 1426 2484; x_wconf 81' lang='lat' dir='ltr'>erat</span> <span class='ocrx_word' id='word_1_747' title='bbox 1450 2451 1612 2484; x_wconf 73' lang='lat' dir='ltr'>sanstioris</span> <span class='ocrx_word' id='word_1_748' title='bbox 1631 2449 1784 2495; x_wconf 83' lang='lat' dir='ltr'>deinceps</span> <span class='ocrx_word' id='word_1_749' title='bbox 1806 2450 1878 2486; x_wconf 82' lang='lat' dir='ltr'>vitae</span> <span class='ocrx_word' id='word_1_750' title='bbox 1903 2452 2054 2495; x_wconf 75' lang='lat' dir='ltr'>profeffio</span> <span class='ocrx_word' id='word_1_751' title='bbox 2070 2454 2123 2489; x_wconf 67' lang='lat' dir='ltr'>so·</span> 
     </span>
    </p>

    <p class='ocr_par' dir='ltr' id='par_1_31' title="bbox 1241 2500 2321 2846">
     <span class='ocr_line' id='line_1_119' title="bbox 1243 2500 2280 2547; baseline 0.007 -14"><span class='ocrx_word' id='word_1_752' title='bbox 1243 2501 1378 2541; x_wconf 88' lang='lat' dir='ltr'>lemnis,</span> <span class='ocrx_word' id='word_1_753' title='bbox 1404 2501 1480 2535; x_wconf 90' lang='lat' dir='ltr'>item</span> <span class='ocrx_word' id='word_1_754' title='bbox 1493 2500 1664 2544; x_wconf 86' lang='lat' dir='ltr'>publicum</span> <span class='ocrx_word' id='word_1_755' title='bbox 1675 2501 1711 2536; x_wconf 88' lang='lat' dir='ltr'>in</span> <span class='ocrx_word' id='word_1_756' title='bbox 1723 2500 1832 2537; x_wconf 85' lang='lat' dir='ltr'>cilicio</span> <span class='ocrx_word' id='word_1_757' title='bbox 1846 2503 1977 2537; x_wconf 83' lang='lat' dir='ltr'>saecum</span> <span class='ocrx_word' id='word_1_758' title='bbox 1987 2526 1995 2540; x_wconf 85' lang='lat'>‚</span> <span class='ocrx_word' id='word_1_759' title='bbox 2009 2504 2122 2547; x_wconf 61' lang='lat' dir='ltr'>pulte*</span> <span class='ocrx_word' id='word_1_760' title='bbox 2259 2516 2280 2544; x_wconf 64' lang='lat' dir='ltr'>a</span> 
     </span>
     <span class='ocr_line' id='line_1_120' title="bbox 1242 2551 2321 2596; baseline 0.005 -13"><span class='ocrx_word' id='word_1_761' title='bbox 1242 2561 1306 2584; x_wconf 87' lang='lat' dir='ltr'>rem</span> <span class='ocrx_word' id='word_1_762' title='bbox 1319 2575 1330 2590; x_wconf 92' lang='lat'>,</span> <span class='ocrx_word' id='word_1_763' title='bbox 1354 2551 1638 2595; x_wconf 87' lang='lat' dir='ltr'>geniculationem</span> <span class='ocrx_word' id='word_1_764' title='bbox 1650 2551 1691 2586; x_wconf 87' lang='lat' dir='ltr'>ad</span> <span class='ocrx_word' id='word_1_765' title='bbox 1702 2552 1839 2586; x_wconf 81' lang='lat' dir='ltr'>fratrum</span> <span class='ocrx_word' id='word_1_766' title='bbox 1863 2551 1986 2596; x_wconf 49' lang='grc' dir='ltr'>ρεάεε,Ἰ</span> <span class='ocrx_word' id='word_1_767' title='bbox 2004 2553 2128 2588; x_wconf 65' lang='grc' dir='ltr'>ιὶὶιιιι</span> <span class='ocrx_word' id='word_1_768' title='bbox 2209 2556 2212 2560; x_wconf 93' lang='grc'>’</span> <span class='ocrx_word' id='word_1_769' title='bbox 2313 2557 2321 2564; x_wconf 84' lang='grc'><strong><em>’</em></strong></span> 
     </span>
     <span class='ocr_line' id='line_1_121' title="bbox 1241 2599 2118 2646; baseline 0.002 -11"><span class='ocrx_word' id='word_1_770' title='bbox 1241 2612 1302 2646; x_wconf 89' lang='lat' dir='ltr'>que</span> <span class='ocrx_word' id='word_1_771' title='bbox 1311 2602 1448 2634; x_wconf 84' lang='lat' dir='ltr'>multam</span> <span class='ocrx_word' id='word_1_772' title='bbox 1471 2599 1636 2644; x_wconf 88' lang='lat' dir='ltr'>publicam</span> <span class='ocrx_word' id='word_1_773' title='bbox 1659 2600 1877 2635; x_wconf 86' lang='lat' dir='ltr'>humilitatem</span> <span class='ocrx_word' id='word_1_774' title='bbox 1903 2600 2118 2644; x_wconf 75' lang='lat' dir='ltr'>includebat,</span> 
     </span>
     <span class='ocr_line' id='line_1_122' title="bbox 1242 2650 2119 2696; baseline 0.002 -11"><span class='ocrx_word' id='word_1_775' title='bbox 1242 2650 1428 2694; x_wconf 78' lang='lat' dir='ltr'>ac-proinde</span> <span class='ocrx_word' id='word_1_776' title='bbox 1448 2650 1466 2684; x_wconf 74' lang='lat' dir='ltr'>a</span> <span class='ocrx_word' id='word_1_777' title='bbox 1489 2650 1674 2695; x_wconf 83' lang='lat' dir='ltr'>conjugio,</span> <span class='ocrx_word' id='word_1_778' title='bbox 1699 2650 1949 2696; x_wconf 86' lang='lat' dir='ltr'>negotiatione,</span> <span class='ocrx_word' id='word_1_779' title='bbox 1975 2651 2119 2694; x_wconf 70' lang='lat' dir='ltr'>publicis</span> 
     </span>
     <span class='ocr_line' id='line_1_123' title="bbox 1241 2701 2116 2745; baseline 0.002 -10"><span class='ocrx_word' id='word_1_780' title='bbox 1241 2701 1372 2745; x_wconf 84' lang='lat' dir='ltr'>judiciis</span> <span class='ocrx_word' id='word_1_781' title='bbox 1383 2725 1394 2741; x_wconf 91' lang='lat'>,</span> <span class='ocrx_word' id='word_1_782' title='bbox 1420 2702 1532 2744; x_wconf 82' lang='lat' dir='ltr'>quavis</span> <span class='ocrx_word' id='word_1_783' title='bbox 1541 2701 1657 2735; x_wconf 85' lang='lat' dir='ltr'>militia</span> <span class='ocrx_word' id='word_1_784' title='bbox 1670 2701 1824 2742; x_wconf 86' lang='lat' dir='ltr'>,aliisque</span> <span class='ocrx_word' id='word_1_785' title='bbox 1836 2701 1958 2744; x_wconf 87' lang='lat' dir='ltr'>peccati</span> <span class='ocrx_word' id='word_1_786' title='bbox 1972 2701 2116 2744; x_wconf 74' lang='lat' dir='ltr'>pericula</span> 
     </span>
     <span class='ocr_line' id='line_1_124' title="bbox 1242 2750 2115 2794; baseline 0.002 -9"><span class='ocrx_word' id='word_1_787' title='bbox 1242 2750 1525 2794; x_wconf 87' lang='lat' dir='ltr'>comportantibus</span> <span class='ocrx_word' id='word_1_788' title='bbox 1534 2750 1757 2786; x_wconf 63' lang='lat' dir='ltr'>functionibus</span> <span class='ocrx_word' id='word_1_789' title='bbox 1765 2750 1896 2793; x_wconf 84' lang='lat' dir='ltr'>jubebat</span> <span class='ocrx_word' id='word_1_790' title='bbox 1919 2752 2056 2792; x_wconf 58' lang='lat' dir='ltr'>cessare,</span> <span class='ocrx_word' id='word_1_791' title='bbox 2078 2751 2115 2787; x_wconf 75' lang='lat' dir='ltr'>dt</span> 
     </span>
     <span class='ocr_line' id='line_1_125' title="bbox 1245 2792 2115 2846; baseline 0.001 -11"><span class='ocrx_word' id='word_1_792' title='bbox 1245 2792 1393 2835; x_wconf 73' lang='lat' dir='ltr'>militaris</span> <span class='ocrx_word' id='word_1_793' title='bbox 1415 2799 1537 2835; x_wconf 89' lang='lat' dir='ltr'>balthei</span> <span class='ocrx_word' id='word_1_794' title='bbox 1561 2800 1721 2845; x_wconf 79' lang='lat' dir='ltr'>dignitate</span> <span class='ocrx_word' id='word_1_795' title='bbox 1744 2799 1896 2835; x_wconf 88' lang='lat' dir='ltr'>reddebat</span> <span class='ocrx_word' id='word_1_796' title='bbox 1922 2800 2115 2846; x_wconf 81' lang='lat' dir='ltr'>indignum·</span> 
     </span>
    </p>

    <p class='ocr_par' dir='ltr' id='par_1_32' title="bbox 1246 2849 2115 2896">
     <span class='ocr_line' id='line_1_126' title="bbox 1246 2849 2115 2896; baseline 0 -10"><span class='ocrx_word' id='word_1_797' title='bbox 1246 2852 1326 2886; x_wconf 83' lang='lat' dir='ltr'>Haec</span> <span class='ocrx_word' id='word_1_798' title='bbox 1337 2851 1484 2896; x_wconf 85' lang='lat' dir='ltr'>dignitas</span> <span class='ocrx_word' id='word_1_799' title='bbox 1494 2851 1663 2896; x_wconf 85' lang='lat' dir='ltr'>praesertirn</span> <span class='ocrx_word' id='word_1_800' title='bbox 1682 2851 1795 2885; x_wconf 84' lang='lat' dir='ltr'>residet</span> <span class='ocrx_word' id='word_1_801' title='bbox 1819 2850 1853 2885; x_wconf 91' lang='lat' dir='ltr'>in</span> <span class='ocrx_word' id='word_1_802' title='bbox 1877 2851 1987 2895; x_wconf 84' lang='lat' dir='ltr'>Regio</span> <span class='ocrx_word' id='word_1_803' title='bbox 2006 2849 2115 2886; x_wconf 73' lang='lat' dir='ltr'>diade-</span> 
     </span>
    </p>

    <p class='ocr_par' dir='ltr' id='par_1_33' title="bbox 1226 2898 2171 3054">
     <span class='ocr_line' id='line_1_127' title="bbox 1243 2898 2131 2946; baseline -0.003 -11"><span class='ocrx_word' id='word_1_804' title='bbox 1243 2912 1354 2943; x_wconf 84' lang='lat' dir='ltr'>mate,</span> <span class='ocrx_word' id='word_1_805' title='bbox 1374 2901 1513 2946; x_wconf 89' lang='lat' dir='ltr'>ideoque</span> <span class='ocrx_word' id='word_1_806' title='bbox 1523 2899 1624 2945; x_wconf 76' lang='lat' dir='ltr'>longe</span> <span class='ocrx_word' id='word_1_807' title='bbox 1647 2901 1753 2945; x_wconf 84' lang='lat' dir='ltr'>magis</span> <span class='ocrx_word' id='word_1_808' title='bbox 1776 2900 1844 2944; x_wconf 89' lang='lat' dir='ltr'>ipso</span> <span class='ocrx_word' id='word_1_809' title='bbox 1863 2898 2033 2936; x_wconf 86' lang='lat' dir='ltr'>humilitas</span> <span class='ocrx_word' id='word_1_810' title='bbox 2051 2899 2112 2935; x_wconf 76' lang='lat' dir='ltr'>ista</span> <span class='ocrx_word' id='word_1_811' title='bbox 2129 2930 2131 2932; x_wconf 82' lang='grc'>,</span> 
     </span>
     <span class='ocr_line' id='line_1_128' title="bbox 1226 2949 2171 3000; baseline 0 -15"><span class='ocrx_word' id='word_1_812' title='bbox 1226 2951 1405 2996; x_wconf 76' lang='lat' dir='ltr'>iprivabat.</span> <span class='ocrx_word' id='word_1_813' title='bbox 1432 2951 1526 2986; x_wconf 73' lang='lat' dir='ltr'>ltain</span> <span class='ocrx_word' id='word_1_814' title='bbox 1538 2949 1706 2991; x_wconf 85' lang='lat' dir='ltr'>chartula,</span> <span class='ocrx_word' id='word_1_815' title='bbox 1732 2961 1831 2995; x_wconf 83' lang='lat' dir='ltr'>quam</span> <span class='ocrx_word' id='word_1_816' title='bbox 1842 2950 2114 2994; x_wconf 78' lang='lat' dir='ltr'>ImperatoriLo-</span> <span class='ocrx_word' id='word_1_817' title='bbox 2169 2998 2171 3000; x_wconf 16' lang='lat' dir='ltr'>v</span> 
     </span>
     <span class='ocr_line' id='line_1_129' title="bbox 1226 2995 2133 3054; baseline -0.001 -18"><span class='ocrx_word' id='word_1_818' title='bbox 1226 2995 1349 3054; x_wconf 74' lang='lat' dir='ltr'>{diario</span> <span class='ocrx_word' id='word_1_819' title='bbox 1363 2999 1545 3045; x_wconf 79' lang='lat' dir='ltr'>porreatitin</span> <span class='ocrx_word' id='word_1_820' title='bbox 1557 2999 1808 3045; x_wconf 87' lang='lat' dir='ltr'>Compendienfi</span> <span class='ocrx_word' id='word_1_821' title='bbox 1831 3000 2032 3041; x_wconf 90' lang='lat' dir='ltr'>Conventu,</span> <span class='ocrx_word' id='word_1_822' title='bbox 2055 3000 2115 3035; x_wconf 86' lang='lat' dir='ltr'>do·</span> <span class='ocrx_word' id='word_1_823' title='bbox 2131 3024 2133 3028; x_wconf 37' lang='lat' dir='ltr'>s</span> 
     </span>
    </p>

    <p class='ocr_par' dir='ltr' id='par_1_34' title="bbox 1243 3048 2132 3096">
     <span class='ocr_line' id='line_1_130' title="bbox 1243 3048 2132 3096; baseline 0 -10"><span class='ocrx_word' id='word_1_824' title='bbox 1243 3062 1295 3086; x_wconf 90' lang='lat' dir='ltr'>cet</span> <span class='ocrx_word' id='word_1_825' title='bbox 1306 3052 1402 3086; x_wconf 84' lang='lat' dir='ltr'>etiam</span> <span class='ocrx_word' id='word_1_826' title='bbox 1411 3051 1541 3086; x_wconf 68' lang='lat' dir='ltr'>Sanctus</span> <span class='ocrx_word' id='word_1_827' title='bbox 1548 3048 1744 3095; x_wconf 86' lang='lat' dir='ltr'>Agobardus</span> <span class='ocrx_word' id='word_1_828' title='bbox 1752 3050 1967 3094; x_wconf 79' lang='lat' dir='ltr'>Metropolita</span> <span class='ocrx_word' id='word_1_829' title='bbox 1979 3050 2115 3096; x_wconf 81' lang='lat' dir='ltr'>Lugdu·</span> <span class='ocrx_word' id='word_1_830' title='bbox 2130 3079 2132 3081; x_wconf 44' lang='lat'>&gt;</span> 
     </span>
    </p>

    <p class='ocr_par' dir='ltr' id='par_1_35' title="bbox 1243 3099 2112 3194">
     <span class='ocr_line' id='line_1_131' title="bbox 1245 3099 2112 3144; baseline 0 -9"><span class='ocrx_word' id='word_1_831' title='bbox 1245 3101 1364 3136; x_wconf 86' lang='lat' dir='ltr'>nensis.</span> <span class='ocrx_word' id='word_1_832' title='bbox 1395 3099 1530 3135; x_wconf 65' lang='lat' dir='ltr'>erudita</span> <span class='ocrx_word' id='word_1_833' title='bbox 1555 3100 1665 3135; x_wconf 87' lang='lat' dir='ltr'>charta</span> <span class='ocrx_word' id='word_1_834' title='bbox 1690 3101 1736 3135; x_wconf 87' lang='lat' dir='ltr'>est</span> <span class='ocrx_word' id='word_1_835' title='bbox 1762 3102 1902 3136; x_wconf 88' lang='lat' dir='ltr'>videnda</span> <span class='ocrx_word' id='word_1_836' title='bbox 1923 3125 1930 3134; x_wconf 91' lang='lat'>.</span> <span class='ocrx_word' id='word_1_837' title='bbox 1967 3099 2112 3144; x_wconf 82' lang='lat' dir='ltr'>Idipsum</span> 
     </span>
     <span class='ocr_line' id='line_1_132' title="bbox 1243 3149 2112 3194; baseline -0.002 -8"><span class='ocrx_word' id='word_1_838' title='bbox 1243 3150 1443 3186; x_wconf 76' lang='lat' dir='ltr'>demonstrat</span> <span class='ocrx_word' id='word_1_839' title='bbox 1451 3149 1648 3186; x_wconf 88' lang='lat' dir='ltr'>duodecima</span> <span class='ocrx_word' id='word_1_840' title='bbox 1658 3151 1825 3186; x_wconf 82' lang='lat' dir='ltr'>Toletana</span> <span class='ocrx_word' id='word_1_841' title='bbox 1837 3150 1991 3194; x_wconf 88' lang='lat' dir='ltr'>Synodus</span> <span class='ocrx_word' id='word_1_842' title='bbox 2003 3162 2011 3182; x_wconf 74' lang='grc' dir='ltr'><strong><em>ε</em></strong></span> <span class='ocrx_word' id='word_1_843' title='bbox 2033 3150 2112 3186; x_wconf 78' lang='lat' dir='ltr'>Hac</span> 
     </span>
    </p>

    <p class='ocr_par' dir='ltr' id='par_1_36' title="bbox 1242 3199 2264 3296">
     <span class='ocr_line' id='line_1_133' title="bbox 1242 3199 2264 3258; baseline 0 -22"><span class='ocrx_word' id='word_1_844' title='bbox 1242 3201 1283 3237; x_wconf 82' lang='lat' dir='ltr'>de</span> <span class='ocrx_word' id='word_1_845' title='bbox 1297 3202 1388 3237; x_wconf 89' lang='lat' dir='ltr'>causa</span> <span class='ocrx_word' id='word_1_846' title='bbox 1398 3199 1583 3237; x_wconf 85' lang='lat' dir='ltr'>Wambam</span> <span class='ocrx_word' id='word_1_847' title='bbox 1594 3201 1722 3246; x_wconf 84' lang='lat' dir='ltr'>Regem</span> <span class='ocrx_word' id='word_1_848' title='bbox 1734 3202 1821 3245; x_wconf 82' lang='lat' dir='ltr'>juffit</span> <span class='ocrx_word' id='word_1_849' title='bbox 1832 3202 1953 3245; x_wconf 86' lang='lat' dir='ltr'>Regno</span> <span class='ocrx_word' id='word_1_850' title='bbox 1974 3199 2111 3241; x_wconf 81' lang='lat' dir='ltr'>cedere,</span> <span class='ocrx_word' id='word_1_851' title='bbox 2130 3214 2207 3258; x_wconf 64' lang='lat'>031„</span> <span class='ocrx_word' id='word_1_852' title='bbox 2231 3216 2264 3247; x_wconf 57' lang='grc' dir='ltr'>’ῃ</span> 
     </span>
     <span class='ocr_line' id='line_1_134' title="bbox 1242 3249 2206 3296; baseline -0.004 -10"><span class='ocrx_word' id='word_1_853' title='bbox 1242 3251 1276 3286; x_wconf 75' lang='grc' dir='ltr'>δε</span> <span class='ocrx_word' id='word_1_854' title='bbox 1288 3251 1416 3296; x_wconf 79' lang='lat' dir='ltr'>Eringii</span> <span class='ocrx_word' id='word_1_855' title='bbox 1428 3251 1661 3286; x_wconf 81' lang='lat' dir='ltr'>exaltationem</span> <span class='ocrx_word' id='word_1_856' title='bbox 1678 3250 1924 3296; x_wconf 84' lang='lat' dir='ltr'>comprobavit.</span> <span class='ocrx_word' id='word_1_857' title='bbox 2062 3277 2063 3280; x_wconf 63' lang='grc'>,</span> <span class='ocrx_word' id='word_1_858' title='bbox 2197 3249 2206 3254; x_wconf 86' lang='grc'><em>“</em></span> 
     </span>
    </p>

    <p class='ocr_par' dir='ltr' id='par_1_37' title="bbox 1246 3299 2112 3344">
     <span class='ocr_line' id='line_1_135' title="bbox 1246 3299 2112 3344; baseline 0 -9"><span class='ocrx_word' id='word_1_859' title='bbox 1246 3304 1249 3342; x_wconf 61' lang='grc' dir='ltr'>ᾗ</span> <span class='ocrx_word' id='word_1_860' title='bbox 1266 3323 1269 3326; x_wconf 64' lang='grc'><strong><em>«</em></strong></span> <span class='ocrx_word' id='word_1_861' title='bbox 1292 3301 1440 3335; x_wconf 71' lang='lat' dir='ltr'>Adducta</span> <span class='ocrx_word' id='word_1_862' title='bbox 1452 3300 1812 3337; x_wconf 87' lang='lat' dir='ltr'>Nicolai-Pontificis&amp;</span> <span class='ocrx_word' id='word_1_863' title='bbox 1831 3299 2004 3344; x_wconf 86' lang='lat' dir='ltr'>Agobardi</span> <span class='ocrx_word' id='word_1_864' title='bbox 2025 3299 2112 3335; x_wconf 85' lang='lat' dir='ltr'>testi-</span> 
     </span>
    </p>

    <p class='ocr_par' dir='ltr' id='par_1_38' title="bbox 1242 3349 2111 3395">
     <span class='ocr_line' id='line_1_136' title="bbox 1242 3349 2111 3395; baseline -0.001 -9"><span class='ocrx_word' id='word_1_865' title='bbox 1242 3351 1354 3386; x_wconf 85' lang='lat' dir='ltr'>monia</span> <span class='ocrx_word' id='word_1_866' title='bbox 1365 3350 1540 3386; x_wconf 83' lang='lat' dir='ltr'>ostendunt</span> <span class='ocrx_word' id='word_1_867' title='bbox 1553 3350 1638 3387; x_wconf 88' lang='lat' dir='ltr'>hane</span> <span class='ocrx_word' id='word_1_868' title='bbox 1649 3351 1852 3395; x_wconf 85' lang='lat' dir='ltr'>disciplinam</span> <span class='ocrx_word' id='word_1_869' title='bbox 1865 3349 2001 3394; x_wconf 75' lang='lat' dir='ltr'>viguisse</span> <span class='ocrx_word' id='word_1_870' title='bbox 2008 3349 2111 3385; x_wconf 79' lang='lat' dir='ltr'>etiam</span> 
     </span>
    </p>

    <p class='ocr_par' dir='ltr' id='par_1_39' title="bbox 1244 3391 2136 3486">
     <span class='ocr_line' id='line_1_137' title="bbox 1244 3391 2136 3486; baseline 0.003 -50"><span class='ocrx_word' id='word_1_871' title='bbox 1244 3391 1280 3438; x_wconf 84' lang='lat' dir='ltr'>in</span> <span class='ocrx_word' id='word_1_872' title='bbox 1300 3400 1474 3437; x_wconf 87' lang='lat' dir='ltr'>Gallicana</span> <span class='ocrx_word' id='word_1_873' title='bbox 1496 3401 1657 3438; x_wconf 73' lang='lat' dir='ltr'>Ecclesia.</span> <span class='ocrx_word' id='word_1_874' title='bbox 1684 3399 1769 3456; x_wconf 77' lang='lat' dir='ltr'>Agit</span> <span class='ocrx_word' id='word_1_875' title='bbox 1791 3410 1936 3448; x_wconf 80' lang='lat' dir='ltr'>namque</span> <span class='ocrx_word' id='word_1_876' title='bbox 1959 3399 2136 3486; x_wconf 52' lang='lat' dir='ltr'>Agebat-1.</span> 
     </span>
    </p>

    <p class='ocr_par' dir='ltr' id='par_1_40' title="bbox 2023 3459 2060 3487">
     <span class='ocr_line' id='line_1_138' title="bbox 2023 3459 2060 3487; baseline 0.027 -1"><span class='ocrx_word' id='word_1_877' title='bbox 2023 3459 2060 3487; x_wconf 67' lang='grc' dir='ltr'>ΠΕ</span> 
     </span>
    </p>
   </div>
  </div>
 </body>
</html>
