2366 3756
182 349 245 381 Lib.
259 360 287 387 4.

183 391 234 428 Ep.
257 401 301 421 η.

176 643 229 679 ΕΡ.
242 645 288 671 26.

173 1547 226 1589 Ep.
237 1556 286 1584 4²·

428 160 500 205 ,Ὀ

849 144 1311 191 V1croats

1381 147 1768 188 secunus

355 233 461 280 [intur
476 260 484 268 .
515 239 708 277 Incongruum
729 243 856 275 namque
877 231 915 269 est
940 243 1032 264 unam
1058 233 1238 274 eandemque
1282 232 1449 275 'quatenus
1473 230 1508 265 (τ
1530 229 1562 262 bi
1583 234 1636 273 qui
1657 238 1806 264 merentur
1829 254 1840 271 ,
1866 236 1957 266 etiam
1980 233 2133 276 temporali
2150 229 2184 275 se

360 284 494 327 Eccleſsae
511 282 710 327 substantiam
731 284 840 324 duplici
851 283 1061 324 quodammodo
1064 283 1136 323 jure
1146 281 1238 325 cense-
1283 276 1287 330 ξ
1296 279 1433 324 sentiant
1453 279 1505 314 hoc
1524 281 1670 314 commodo
1693 277 1836 322 confhlari
1862 305 1873 322 ,
1896 284 1932 318 (ar
1945 283 1999 316 alit
2021 285 2190 324 adiuvante

356 342 407 374 η,
434 335 472 367 id
491 333 553 376 est,
578 332 778 376 usurpationis
800 333 835 365 (θ’
847 334 1003 365 canonum
1015 357 1022 365 .
1050 331 1150 366 Petro
1161 332 1240 366 Tri·
1284 331 1427 365 'Domino
1436 341 1532 365 eorum
1555 332 1600 364 ad
1609 331 1714 364 melius
1727 331 1908 365 contendant
1929 338 2091 369 imitatione
2099 333 2191 377 profi-

356 383 503 419 calitano
522 385 708 427 Episcopo,
737 381 964 426 Agrigentinae
979 382 1134 416 Ecclefiae
1158 382 1240 417 Vifi-

354 435 455 468 tatori
469 459 480 474 ‚
506 430 658 467 adscribit
668 441 774 465 totam
788 432 971 479 Qartam.
1000 433 1051 466 Ex
1063 444 1131 477 quo
1153 433 1237 468 lucet

356 484 532 519 Ecclesiam
546 482 642 516 istam
656 505 666 521 ,
694 479 795 516 hodie
810 483 1001 526 opulentam
1016 507 1026 523 ‚
1052 493 1132 518 tunc
1144 484 1238 518 fuiss'e

354 535 487 577 inopem
514 556 522 564 .
549 531 606 565 Ad
632 531 858 566 Gaudentium
886 533 983 568 Nolae
1010 534 1211 577 Episcopum
1227 559 1238 575 ,

354 583 520 627 Capuanae
545 580 695 616 Ecclefiae
720 582 933 617 Vifitatorem
959 607 971 624 ,
1003 581 1071 618 haec
1096 583 1237 627 scripsit:

353 636 592 667 Fraternitatem
602 640 686 665 tuam
694 631 894 676 praesentibus
907 633 1060 667 hortamur
1069 632 1212 674 affatibus
1225 658 1236 675 ,

352 691 385 718 ut
405 685 526 717 Clericis
535 686 691 725 Capuanae
703 682 855 725 Ecclesiae,
882 690 980 727 quiin
1004 689 1142 719 civitate
1152 689 1237 718 Nea-

347 735 489 776 politana
498 731 647 775 confistunt
658 757 669 774 ,
699 735 856 777 ,Quartam
866 740 899 767 in
911 735 1125 774 Presbyterium
1137 746 1236 769 eorum

350 785 389 817 de
401 783 454 818 hoc
463 808 475 825 ,
500 785 582 826 quod
603 792 672 817 ante
686 782 820 825 Ecclefiae
838 783 957 830 fingulis
967 781 1056 819 annis
1072 787 1216 830 accesserit
1226 807 1236 824 ,

342 836 443 876 juxta
465 839 624 876 antiquam
635 832 870 877 consuetudinem
895 834 1061 874 distribuere
1075 834 1236 878 secundum

346 882 541 927 perfimarum
558 883 680 923 studeat
704 885 877 927 qualitatem
897 909 908 925 ‚
935 887 1083 929 quatenus
1108 886 1236 929 aliquod

343 933 561 976 stipendiorum
586 933 727 967 habentes
748 932 888 978 fhlatt'um
913 959 925 976 ,
964 935 1154 975 ministerium
1178 937 1236 978 offi-

348 989 482 1027 ciumque
486 983 512 1028 s
505 996 576 1018 uum
585 992 664 1018 eirca
678 986 804 1018 eandem
813 984 970 1027 Ecclefiam
980 987 1128 1020 devotiori
1137 996 1234 1020 mente

345 1041 544 1077 provocentur
570 1035 740 1078 imperdere
758 1060 766 1068 .
794 1034 847 1068 Ex
871 1046 938 1080 quo
962 1036 1052 1071 vides
1079 1037 1232 1071 omnium

347 1084 424 1120 istic
443 1084 714 1127 Presbyterorum
735 1086 919 1129 portionem
946 1097 1016 1120 non
1029 1086 1121 1121 fuisse
1134 1098 1236 1131 aequa-

347 1133 413 1168 lem
426 1158 438 1175 ,
464 1134 517 1170 sed
532 1146 591 1179 pro
612 1135 814 1181 singulorum
827 1136 984 1181 qualitate
996 1147 1034 1171 ac
1047 1136 1232 1172 ministerio

345 1184 471 1220 variam
494 1210 502 1218 .
528 1185 745 1231 Longobardi
775 1195 855 1221 tunc
881 1197 1034 1230 ceperant
1061 1187 1229 1231 Capuam:

346 1234 442 1268 Hinc
477 1234 612 1269 istorum
646 1235 917 1279 Presbyterorum
945 1236 1048 1281 aliqui
1075 1238 1230 1283 fugerant

345 1283 546 1329 Neapolim.
579 1284 655 1329 Ipsis
667 1297 776 1320 tamen
800 1287 888 1321 solos
910 1298 987 1322 ante
998 1287 1112 1332 fugam
1136 1287 1229 1321 istam

344 1332 453 1378 lapsos
473 1335 508 1368 δε
521 1346 686 1378 perceptos
709 1337 831 1370 fruetus
845 1336 972 1371 videtur
994 1337 1152 1371 Pontifex
1162 1338 1229 1372 affi-

343 1384 456 1426 gnass'e
481 1407 488 1416 .
517 1384 683 1417 Castorius
709 1384 923 1417 Ariminensis
950 1385 1129 1427 Episcopus
1163 1395 1228 1418 erat

343 1431 469 1474 semper
493 1441 633 1476 {egrotus
657 1455 668 1472 ,
694 1430 836 1476 ideoque
869 1432 920 1466 isti
949 1433 1100 1468 Ecclesiae
1121 1433 1229 1468 Leon-

342 1481 430 1515 tium
452 1481 581 1516 Urbini
595 1482 794 1523 Episcopum
818 1481 999 1524 Gregorius
1010 1482 1100 1515 dedit
1111 1483 1229 1516 Visita-

345 1539 452 1564 torem
464 1554 475 1570 ‚
500 1528 715 1572 &adjunxitz
743 1531 904 1572 ,Quidquid
924 1531 961 1562 de
980 1530 1150 1564 redditibus
1170 1535 1231 1564 Ec-

344 1579 434 1623 cIefiae
446 1577 532 1622 ipfius
544 1580 690 1622 acceffcrit
702 1603 713 1619 ,
739 1588 866 1621 quatuor
881 1581 981 1620 Juxta
991 1578 1229 1623 consuetudinem

294 1663 295 1666 ,
343 1637 456 1674 oportet
474 1629 542 1673 fieri
560 1634 713 1672 portiones
733 1640 743 1671 ;
771 1641 862 1662 unam
879 1628 992 1673 fiilicet
1012 1655 1023 1671 ,
1049 1642 1118 1673 quae
1142 1631 1228 1665 Clero

338 1681 508 1725 praebenda
524 1678 584 1721 fit,
613 1680 704 1713 aliam
727 1690 796 1722 quae
811 1679 1011 1721 pauperibus.
1038 1682 1084 1714 De
1105 1681 1227 1722 reliquis

344 1741 451 1764 aurem
472 1729 589 1763 duabus
607 1728 748 1771 partibus
769 1736 830 1762 tres
845 1730 914 1771 fieri
935 1730 1070 1763 volumus
1092 1744 1103 1763 .·
1130 1734 1227 1763 Unam

342 1779 439 1826 sartis
460 1779 544 1813 retiis
570 1779 761 1820 presfiituram
783 1804 794 1820 ‚
820 1779 915 1812 aliam
937 1787 994 1822 pro
1015 1778 1228 1822 fitstentatione

338 1829 397 1876 sua
408 1829 537 1870 Castorio
553 1837 679 1872 proprio
691 1827 835 1870 Episcopo
846 1830 1034 1873 dirigendam
1046 1855 1057 1871 ,
1082 1831 1227 1872 reliquam

343 1880 460 1915 tibimet
481 1879 683 1913 retinendam.
711 1877 922 1915 Vifitatorern
944 1880 1060 1922 partim
1080 1891 1120 1914 ex
1139 1880 1225 1913 infir-

344 1930 393 1966 mi
416 1930 595 1972 Episcopi,
622 1928 739 1973 partim
759 1940 801 1963 ex
822 1928 948 1964 fabricae
972 1930 1096 1978 Qarta
1120 1930 1227 1965 sanxit

344 1980 614 2024 stipendiandum
636 2005 643 2012 .
671 1978 760 2013 Cleri
785 1979 819 2013 δε
842 1991 1019 2023 pauperum
1044 1980 1227 2023 portionem

346 2030 453 2064 voluit
476 2030 624 2063 illaesam.
651 2029 842 2064 Catanensis
869 2029 1009 2064 Ecclesia
1033 2030 1114 2065 duas
1127 2030 1227 2064 Cleri-

346 2079 426 2115 calis
447 2080 583 2119 Qartae
601 2080 708 2114 tertias
727 2078 852 2114 dudum
880 2078 1034 2114 diviserat
1060 2080 1096 2114 in
1122 2081 1227 2115 sacros

346 2130 495 2166 Clericos
505 2155 514 2170 ‚
542 2129 709 2164 inferiores
720 2128 787 2162 sola
802 2129 927 2171 reliqua
947 2129 1063 2171 jubens
1077 2131 1139 2162 esse
1151 2140 1225 2163 con-

344 2189 474 2216 tentos.
503 2179 650 2211 Mutavit
669 2178 704 2210 id
725 2177 796 2209 Leo
819 2177 1026 2218 Episcopus:
1052 2177 1145 2209 Duas
1167 2186 1227 2209 ter·

345 2229 407 2263 tias
429 2226 535 2262 divisit
560 2224 796 2260 ininferiorem
810 2248 821 2264 ,
846 2223 962 2268 utpote
974 2224 1225 2260 numerosiorem

346 2279 507 2316 clerum,
531 2277 655 2309 sacrum
679 2275 746 2308 sola
769 2274 891 2318 reliqua
914 2273 1001 2318 juffit
1011 2276 1073 2309 effe
1092 2284 1226 2309 conten-

346 2338 420 2364 tum
433 2354 441 2361 .
467 2325 594 2363 Verum
614 2325 798 2369 &priorem
808 2324 1098 2366 consuetudinem,
1124 2325 1158 2359 δε
1171 2336 1226 2359 no-

347 2377 472 2413 vellum
493 2375 596 2411 hocce
612 2376 776 2409 statutum
800 2373 998 2419 improbavit
1021 2374 1202 2419 Gregorius
1215 2399 1226 2415 ,

278 2443 286 2451 ·
349 2427 489 2471 ideoque
501 2426 620 2469 scripsit
633 2425 674 2460 ad
686 2425 854 2459 Leonem:
881 2428 927 2458 Et
937 2431 1008 2468 quia
1030 2430 1107 2459 inter
1117 2426 1180 2459 alta
1191 2426 1228 2458 de

351 2487 463 2522 quarta
481 2482 616 2520 portione
647 2477 753 2510 clerus
777 2475 826 2509 boc
846 2476 1007 2509 tenendum
1030 2475 1136 2516 statuit
1157 2500 1167 2516 ,
1193 2484 1227 2508 ut

349 2539 441 2564 unam
460 2532 626 2570 portionem
647 2525 679 2559 In·
693 2531 743 2569 qui
766 2528 891 2569 insacro
914 2526 971 2559 loco
982 2524 1166 2571 suntpofitt‚
1192 2527 1227 2559 ὁ·

349 2581 477 2622 reliquas
488 2579 566 2611 duas
580 2577 686 2611 Clerus
696 2581 823 2618 accipiat
838 2600 848 2616 ‚
875 2577 1026 2610 &latores
1032 2573 1226 2619 praesentium

351 2632 489 2664 Donatus
517 2627 693 2667 Presbyter,
720 2636 770 2660 nec
781 2637 839 2659 non
861 2626 1115 2668 &Theodofianus
1139 2633 1226 2668 atque

351 2684 457 2714 Viator
478 2681 605 2711 Diacont
618 2701 628 2718 ‚
654 2677 778 2710 aliorum
797 2687 906 2719 quoque
925 2682 977 2719 qui
988 2682 1020 2710 in
1031 2674 1150 2720 sacrato
1154 2673 1226 2719 fiant

349 2731 463 2763 Ordine
490 2726 634 2770 constituti
655 2749 666 2766 ,
694 2727 866 2760 relationem
891 2728 937 2760 ad
960 2738 1012 2760 nos
1037 2726 1226 2769 deferentes,

350 2777 490 2822 conquesti
507 2776 577 2821 sunt
590 2777 640 2811 hoc
661 2785 765 2811 contra
775 2783 934 2820 antiquam
952 2775 1186 2820 consuetudinem
1195 2781 1227 2810 tn

347 2828 403 2875 suo
424 2833 604 2873 gravamine
630 2827 878 2870 praejudicialiter
896 2827 1043 2865 statutum
1068 2851 1080 2867 ,
1118 2826 1228 2870 quipp?

352 2884 424 2922 quia
443 2879 479 2912 de
498 2879 601 2912 eadem
624 2886 735 2921 quarta
753 2874 871 2920 semper
888 2876 922 2919 se
945 2878 1022 2910 duas
1041 2884 1170 2918 partes,
1194 2877 1228 2911 ὁ·

355 2929 474 2962 clerum
496 2934 616 2962 tertiam
622 2928 780 2971 perbibent
805 2924 984 2969 consecutum
1001 2951 1013 2967 ,
1038 2928 1231 2968 &petierunt

355 2990 391 3012 ne
407 2978 470 3012 baec
489 2978 622 3021 definitio
642 2984 674 3012 in
681 2977 735 3021 suo
742 2978 924 3019 praejudicio
936 2985 1116 3018 permaneat
1129 3001 1137 3008 .
1164 2981 1231 3010 Nos

353 3028 407 3061 hoc
427 3032 645 3062 Fraternitatis
658 3038 719 3062 tuae
730 3025 906 3069 dispofitioni
953 3034 1082 3069 oportere
1086 3028 1228 3070 praevtdt

356 3088 422 3111 mus
442 3080 677 3112 committendum
700 3103 706 3110 .
734 3077 875 3110 Volumus
899 3078 964 3119 ergo
984 3101 995 3116 ,
1022 3085 1057 3109 ut
1084 3076 1234 3120 quidquid

357 3126 492 3170 Ecclesiae
502 3137 564 3161 ucae
573 3139 611 3161 ex
623 3129 744 3162 redditu
757 3128 808 3161 vel
815 3125 945 3169 quolibet
957 3127 1015 3159 alio
1025 3127 1112 3160 titulo
1119 3124 1233 3170 fortas-

351 3177 394 3222 fis
416 3178 577 3222 accefferit‚
603 3188 743 3221 quartam
764 3178 873 3211 exinde
891 3181 1056 3218 portionem
1073 3175 1136 3218 fine
1147 3178 1233 3211 dim}-

359 3233 478 3262 nutione
498 3229 601 3269 aliqua
622 3228 729 3261 debeas
745 3226 900 3272 segregare
914 3250 925 3266 ‚
954 3233 1042 3269 atque
1059 3226 1234 3270 eamsetun-

358 3277 432 3310 dum
444 3281 498 3310 Dei
518 3283 652 3311 timorem
664 3277 844 3317 Presbyterts
857 3301 868 3318 ,
895 3280 1035 3310 Diaconis
1045 3299 1056 3316 ,
1080 3288 1114 3310 ac
1123 3277 1208 3312 clero
1221 3300 1232 3317 ,

357 3334 392 3360 ut
416 3326 470 3359 tibi
493 3326 589 3369 visum
593 3327 706 3370 suerit,
733 3325 857 3370 discrete*
867 3327 1022 3367 dividere,
1048 3332 1092 3360 ita
1104 3326 1177 3371 sane?
1199 3328 1233 3361 (ν’

357 3381 511 3419 unicuique
532 3400 542 3416 ,
560 3377 633 3418 ficut
654 3382 794 3412 meritum
814 3376 925 3410 laboris
948 3382 1076 3420 exegerit
1101 3401 1113 3418 ,
1138 3377 1234 3411 libera

357 3425 457 3469 ribifit
466 3448 477 3466 ‚
493 3427 591 3468 juxta
608 3429 688 3471 quod
691 3426 877 3471 praeviderit
889 3450 900 3470 ‚
925 3425 1075 3471 largiendi
1091 3428 1211 3466 licentia
1221 3451 1234 3470 ,

1301 393 1362 416 cere
1374 407 1382 415 .
1411 383 1537 429 Quarta
1549 392 1618 415 non
1637 381 1729 424 juxta
1742 380 1944 418 Clericorum
1966 385 2073 426 capita
2087 409 2098 425 ,
2125 395 2188 419 nec

1300 430 1391 474 juxta
1420 431 1558 468 Ordinis
1583 431 1722 477 gradum
1746 455 1757 472 ,
1783 431 1835 464 sed
1862 431 1951 474 juxta
1973 435 2187 476 personarum

1300 483 1416 517 merita
1428 481 1534 516 voluit
1547 482 1734 526 Episcopali
1753 480 1889 516 arbitrio
1900 480 2093 528 dispensari.
2121 485 2189 519 Ne-

1300 532 1369 568 scio
1391 544 1464 577 quae
1485 531 1584 567 ltalia
1595 531 1739 567 Ecclesia
1752 543 1904 576 pauperes
1916 534 2103 578 peregrinos
2115 545 2186 569 non

1300 581 1492 627 suscipiebat
1513 581 1679 626 hospitio,
1706 582 1761 617 sed
1775 582 1858 616 istud
1869 594 1955 618 onus
1974 583 2186 619 incumbebat

1300 631 1450 679 civibus.
1476 634 1590 681 Qare
1609 630 1730 668 horum
1755 634 1975 677 unusquisque
1997 633 2186 669 Theodoro

1300 682 1462 728 Episcopo
1483 682 1608 727 aliquid
1628 683 1838 719 contulerunt
1859 682 1963 718 desua
1979 683 2155 720 substantia
2168 710 2182 727 ,

1300 734 1430 769 &onus
1453 734 1488 767 in
1512 732 1691 769 Ecclesiam
1713 732 1927 768 traduxerunt
1956 758 1964 766 .
1994 735 2186 769 concorda·

1298 794 1369 818 tum
1391 783 1541 829 religiose
1561 784 1676 818 servari
1701 783 1869 818 mandavit
1892 783 2080 818 Pontifex.-
2107 785 2187 819 Exi·
2203 793 2300 827 mm,

1298 834 1395 869 stimo
1406 844 1584 878 pauperum
1595 842 1741 878 quartam
1754 834 1848 868 fuiffe
1859 835 1988 868 audiam
1999 833 2018 867 ὲ
2032 833 2183 876 Civibus,
2202 837 2252 874 Ep.
2272 846 2319 873 ²9·

1298 884 1439 929 ideoque
1476 884 1580 919 tribus
1613 884 1688 919 aliis
1726 882 1849 918 exinde
1874 884 1969 918 fuisse
2003 884 2163 927 majorem
2176 909 2184 917 .

1298 935 1497 970 Fortunatus
1508 935 1748 978 Neapolitanus
1759 934 1938 978 Episcopus
1950 933 2038 968 Cleri
2061 936 2093 969 ἀ
2108 946 2185 979 pau-

1300 995 1407 1027 perum
1429 985 1598 1029 portiones
1619 984 1714 1029 plene
1737 996 1805 1019 non
1827 985 1992 1026 solverat,
2016 994 2114 1028 atque
2137 985 2184 1019 ita

1298 1036 1401 1070 fuerat
1423 1035 1621 1070 defun-stus:
1649 1034 1827 1071 Restabant
1853 1034 2084 1079 quadringenti
2110 1034 2185 1069 soli-

1297 1085 1333 1120 di
1357 1109 1365 1118 .
1392 1086 1482 1129 Ipsos
1506 1097 1548 1120 ex
1571 1086 1716 1120 vacantis
1739 1084 1889 1120 Ecclefiae
1915 1095 2075 1129 proventu
2101 1095 2184 1120 mox

1297 1134 1378 1170 solvi
1388 1146 1444 1179 per
1455 1134 1662 1170 Paschafium
1674 1135 1890 1170 Succefforem
1901 1134 1987 1178 juffit
2000 1134 2157 1170 Pontifex
2169 1159 2182 1176 ,

1295 1185 1456 1221 definiens
1468 1196 1630 1231 quantum
1644 1186 1825 1230 unicuique
1837 1185 1969 1219 Clerico
1981 1210 1992 1227 ,
2019 1194 2182 1230 quantum

1295 1235 1436 1270 occultis
1454 1236 1487 1270 &
1501 1236 1686 1271 mendicare
1706 1235 1992 1275 erubescentibus,
2019 1244 2181 1279 quantum

1297 1285 1402 1329 palam
1414 1286 1678 1321 mendicantibus
1689 1286 1884 1330 pauperibus
1895 1287 1972 1319 esset
1987 1283 2183 1319 distribuen-

1295 1335 1391 1369 dum.
1420 1335 1526 1371 Addit
1554 1336 1678 1371 solidos
1699 1337 1776 1370 istos
1797 1347 1850 1380 per
1861 1336 2078 1369 Fortunarum
2089 1335 2183 1371 fuisse

1296 1384 1410 1424 injuste
1431 1385 1582 1417 detentos
1596 1408 1608 1423 ,
1633 1387 1772 1427 ideoque
1791 1384 1934 1419 omnino
1943 1384 2180 1419 restituendos.

1296 1432 1435 1475 ,loannes
1459 1431 1712 1466 panormitanus
1734 1433 1913 1476 Episcopus
1934 1433 2083 1476 quadam
2102 1434 2181 1469 cum

1296 1482 1396 1514 Clero
1406 1483 1464 1514 suo
1475 1481 1559 1515 circa
1571 1482 1667 1523 ipsius
1679 1482 1839 1526 Qartam
1862 1481 1939 1515 iniit
1950 1482 2159 1518 concordata
2170 1506 2182 1523 ,

1294 1539 1434 1572 quorum
1445 1526 1480 1561 hi
1497 1529 1629 1563 fuerunt
1642 1530 1797 1572 capitales
1809 1529 1974 1563 Articuli:
2002 1532 2182 1566 Primumut
2222 1562 2228 1569 .

1294 1580 1331 1612 de
1351 1578 1518 1612 redditibus
1541 1578 1676 1620 Ecclesi‘ae
1687 1587 1828 1621 quartam
1853 1583 1885 1611 tn
1895 1584 2011 1624 integro
2016 1586 2180 1622 portionem
2198 1561 2258 1632 ξδ’
2277 1572 2322 1632 ¹¹¹⁸

1294 1627 1427 1670 Ecclefiae
1448 1628 1570 1662 clericis
1586 1627 1746 1671 secundum
1767 1634 1910 1663 meritum
1928 1654 1940 1672 ‚
1965 1630 2016 1664 vel
2038 1632 2180 1673 offiium,
2220 1611 2271 1642 9⁸5
2297 1621 2307 1631 ⁶

1288 1678 1352 1721 five
1370 1678 1497 1712 laborem
1517 1677 1604 1722 ficum
1629 1701 1640 1718 ,
1662 1689 1695 1712 ut
1718 1677 1780 1722 ipse
1803 1685 1957 1724 unicuique
1975 1681 2049 1714 dare
2066 1681 2185 1725 prospe-

1295 1734 1376 1762 xeris
1405 1753 1416 1769 ‚
1436 1728 1499 1771 fine
1520 1730 1622 1770 aliqua
1638 1729 1775 1770 praebere
1800 1729 1908 1763 debeas
1934 1732 2083 1764 tarditate
2099 1755 2107 1764 .
2135 1734 2184 1766 De

1294 1777 1345 1812 hac
1364 1781 1436 1812 vero
1461 1780 1542 1821 quod
1564 1790 1603 1813 ex
1620 1777 1757 1821 fidelium
1781 1779 1926 1813 oblatione
1944 1781 2092 1824 accesserit
2109 1805 2121 1822 ,
2146 1782 2185 1815 td

1293 1828 1331 1868 est
1353 1851 1363 1867 ‚
1388 1836 1529 1871 quartam
1560 1837 1682 1872 partem
1707 1834 1741 1861 in
1762 1828 1873 1871 solidis
1899 1832 1953 1863 vel
1973 1831 2111 1869 cellano,
2136 1836 2183 1865 eis

2200 1365 2260 1398 Lib.
2267 1377 2296 1404 9.

2198 1408 2252 1445 Ep.
2267 1417 2314 1444 ²9·

1285 1880 1384 1919 Juxta
1406 1878 1566 1921 pristinam
1591 1877 1830 1922 consuetudinem
1851 1881 1927 1913 dare
1952 1890 2011 1913 non
2036 1882 2068 1914 di
2108 1892 2179 1914 ras.

1292 1929 1419 1972 Reliqua
1441 1938 1541 1962 autem
1566 1934 1666 1962 omnia
1688 1929 1813 1963 mobilia
1833 1934 1930 1963 intua
1954 1935 2090 1964 retineas
2096 1938 2178 1973 pote-

1283 1976 1362 2017 state
1384 2004 1391 2010 .
1405 1979 1582 2011 immobilia
1610 1985 1691 2013 enim
1712 1977 1917 2020 Ecclefiasticls
1939 1979 2105 2013 redditibus
2127 1993 2180 2025 ag-

1287 2037 1446 2073 gregentur
1459 2052 1468 2068 ‚
1493 2037 1528 2061 ut
1547 2030 1750 2071 multiplicata
1776 2035 1950 2071 quantitate
1962 2053 1973 2069 ‚
1999 2031 2179 2064 elericorum

1291 2078 1386 2120 ufibus
1394 2076 1553 2121 proficiant
1567 2104 1575 2112 .
1601 2080 1685 2113 Sunt
1696 2077 1789 2114 verba
1803 2079 1977 2113 Pontificis
1988 2079 2029 2113 ad
2043 2079 2178 2123 Episco-

1291 2139 1391 2171 pum,
1415 2128 1535 2171 quibus
1559 2128 1716 2163 adductos
1754 2129 1911 2164 articulos
1948 2128 2171 2163 confirmavit.

1291 2176 1368 2209 Ubi
1392 2178 1518 2209 rursum
1540 2178 1630 2212 vides
1654 2188 1800 2220 quartam
1820 2178 1915 2213 istam
1926 2189 1995 2212 non
2010 2178 2101 2221 juxta
2113 2179 2177 2214 Or-

1289 2222 1377 2258 dinis
1396 2223 1557 2268 gradum,
1585 2225 1638 2258 sed
1651 2225 1741 2268 juxta
1767 2228 1975 2269 personarum
1988 2229 2024 2261 in
2034 2226 2177 2263 ministe-

1289 2272 1339 2307 rio
1364 2274 1518 2307 meritum
1538 2284 1738 2316 peromnem
1751 2275 1881 2310 Italiam
1903 2276 1998 2311 fuisse
2016 2276 2177 2312 divisam.

1290 2322 1394 2370 Qod
1414 2321 1519 2366 ipsum
1546 2322 1581 2355 in
1606 2322 1770 2356 inferioris
1781 2324 1919 2358 Ordinis
1944 2325 2096 2360 Clericos
2116 2328 2177 2361 serb

1289 2371 1436 2407 vandum
1460 2371 1567 2406 sanxit
1594 2371 1628 2405 in
1651 2372 1767 2406 litteris
1787 2372 1828 2407 ad
1852 2374 2005 2408 Sanctum
2018 2374 2175 2419 Augusti-

1290 2434 1369 2457 num
1381 2446 1392 2462 ‚
1416 2421 1597 2465 adjungens
1607 2418 1672 2456 haec
1681 2420 1796 2456 omnia
1806 2421 1843 2457 in
1857 2423 1933 2457 solis
1945 2424 2150 2469 singulariter
2161 2449 2174 2466 ,

1291 2483 1357 2507 non
1385 2472 1420 2506 in
1442 2472 1662 2506 communiter
1682 2471 1868 2507 viventibus
1894 2472 2032 2507 Clericis
2055 2472 2175 2510 habete

1290 2524 1420 2557 locum:
1449 2523 1526 2555 Hos
1545 2533 1585 2555 ex
1599 2521 1747 2557 Ecclesiae
1770 2532 1931 2566 proventu
1955 2522 2088 2558 mandat
2109 2524 2174 2560 esse

1290 2573 1361 2609 solo
1385 2572 1471 2606 vistu
1493 2571 1656 2606 &amictu
1677 2580 1853 2607 contentos
1874 2597 1885 2615 ‚
1910 2572 2034 2616 reliqua
2057 2575 2172 2609 omnia

1290 2621 1482 2669 pauperibus
1493 2621 1618 2666 erogari
1630 2646 1637 2653 .

1338 2671 1464 2708 Verum
1487 2670 1538 2705 his
1560 2671 1717 2707 adversari
1736 2671 1864 2708 videtur
1889 2672 1997 2708 Sancti
2024 2673 2142 2714 Gelasii
2157 2698 2170 2716 ,
2190 2705 2254 2733 pm

1291 2725 1323 2758 in
1336 2723 1444 2759 Sansti
1458 2721 1569 2756 lvonis
1583 2722 1727 2757 Decreto
1737 2722 1868 2757 exstans
1877 2748 1888 2765 ,
1917 2722 1958 2757 ad
1971 2722 2087 2758 Siciliae
2099 2722 2170 2759 An·
2254 2723 2262 2731 “

1291 2774 1405 2808 tistites
1430 2771 1578 2818 Epistola
1601 2784 1609 2805 ε
1638 2774 1791 2818 ,Quomodo
1818 2771 1985 2817 Praesulum
2009 2773 2170 2814 nostrorum

1291 2825 1455 2858 auctoritas
1478 2828 1630 2857 emanavit
1642 2847 1653 2864 ‚
1680 2832 1713 2857 ut
1714 2822 1881 2865 facultates
1893 2823 2028 2866 Ecclefiae
2046 2822 2171 2868 Episco-

1287 2880 1323 2918 pi
1344 2875 1391 2908 ad
1409 2874 1570 2919 regendum
1596 2873 1727 2907 babeant
1740 2874 1914 2916 potestatem
1938 2898 1948 2913 ,
1974 2880 2020 2907 ira
2041 2883 2170 2914 tamen,

1290 2932 1324 2959 ut
1348 2925 1510 2959 viduarum
1529 2949 1540 2965 ,
1563 2924 1761 2966 pupillorum,
1787 2933 1877 2967 atque
1898 2932 2088 2967 pauperum,
2116 2935 2169 2958 nec

1291 2987 1349 3008 non
1372 2975 1405 3008 ίτ
1415 2972 1744 3016 clericorumftipendia
1756 2974 1926 3015 distribuere
1941 2974 2069 3008 debeant
2080 2998 2092 3014 ,
2116 2972 2169 3007 boc

1290 3031 1333 3059 eis
1357 3024 1515 3065 statuimus
1540 3024 1610 3057 dari
1631 3048 1641 3065 ‚
1667 3025 1746 3067 quod
1764 3024 1906 3058 hallensis
1934 3026 2084 3058 decretum
2105 3024 2166 3062 est.

1291 3077 1449 3118 Reliquum
1465 3072 1519 3116 sibi
1530 3072 1670 3117 Episcopi
1692 3075 1870 3114 vendicent,
1894 3082 1928 3108 ut
1945 3080 2169 3118 peregrinorum

1290 3133 1378 3168 atque
1387 3131 1572 3167 captivorum
1584 3125 1740 3168 largitores
1762 3126 1814 3168 effe
1821 3126 1925 3167 poffint
1935 3149 1944 3157 .
1972 3122 2168 3159 Ecclesiasti-

1289 3187 1362 3210 cam
1374 3174 1582 3211 substantiam
1596 3175 1735 3209 affirmat
1749 3176 1784 3208 in
1797 3176 1880 3210 solas
1893 3184 1955 3208 tres
1966 3197 1978 3214 ,
1989 3172 2168 3217 Episcopi,

1291 3225 1402 3265 Cleri,
1426 3224 1460 3258 ὃ(
1472 3234 1646 3268 pauperum
1660 3226 1826 3268 portiones
1836 3222 2043 3259 dividendam
2055 3247 2067 3264 ,
2093 3222 2167 3258 nul·

1291 3276 1322 3312 la
1341 3276 1422 3311 fasta
1433 3274 1601 3309 mentione
1624 3274 1769 3309 fabricae.
1798 3273 1951 3318 Episcopi
1974 3273 2166 3316 portionem

1290 3325 1395 3361 asserit
1417 3324 1662 3368 amplissimam,
1689 3335 1725 3359 ut
1745 3324 1857 3368 &ipse
1879 3321 1920 3357 de
1942 3323 1998 3358 illa
2022 3322 2166 3366 poffitin

1291 3385 1443 3421 pauperes
1453 3376 1515 3410 esse
1525 3374 1716 3419 ampliffime
1725 3374 1830 3419 largus
1842 3399 1849 3406 .
1862 3372 2061 3419 Respondeo
2072 3371 2169 3406 fabri-

1293 3437 1365 3464 cam
1377 3449 1390 3469 ,
1414 3424 1492 3461 licet
1509 3433 1578 3461 non
1589 3425 1809 3472 exprimatur,
1835 3423 1912 3460 ideo
1922 3434 1991 3459 non
2012 3422 2166 3507 exclludi.

1993 3474 2069 3510 Sicu
2084 3484 2119 3508 o-

2275 2712 2305 2740 3.

2186 2752 2213 2774 c·
2225 2752 2288 2780 ¹47·
