2366 3756
55 412 133 445 Liba
142 422 167 441 2.
186 420 215 443 c.

54 460 138 493 cep03
146 463 172 481 ι.

52 1020 118 1051 1ἶῐ.ἰῐ’>.
136 1024 165 1052 6.
185 1031 210 1053 c.

58 1071 106 1097 14·

883 130 1372 181 chra‘rus.

229 222 357 267 propria
376 219 480 254 solum
491 243 503 261 ,
529 218 584 254 sed
599 230 639 253 ex
664 222 807 253 Romame
820 216 955 258 Ecclefiae
963 214 1106 259 perfinia,

227 275 284 307 seu
293 283 333 307 ex
345 267 508 304 Cathedra
519 270 671 313 scriptam
683 294 694 310 ‚
722 268 832 303 Sansti
844 267 1026 302 Clementis
1037 266 1104 299 Ro-

229 322 321 357 mani
336 319 510 355 Pontificis
521 320 563 355 ad
576 317 772 355 Corinthios
785 317 966 360 Epistolam
987 314 1107 350 merito

229 370 340 406 laudat
352 371 451 405 etiarn
465 371 623 405 Eusebius
639 395 650 411 ,
674 366 878 403 &adnectitz
907 371 944 399 In
967 365 1021 399 bac
1041 377 1109 408 quo-

229 427 314 456 mam
325 423 420 455 multa
434 432 652 463 nonnumquam
664 419 760 454 eodem
768 415 856 462 sensu
870 429 908 450 ex
924 420 954 449 E
953 416 1057 458 pistola
1067 416 1110 448 ad

228 471 371 505 Hebraeos
391 469 514 514 sumpta
535 469 636 513 inserit
657 471 793 503 Clemens
814 492 825 508 ‚
849 468 1022 509 aperttffime
1046 471 1107 508 qui-

227 522 297 555 dem
307 523 440 555 declarat
454 522 532 554 illud
539 529 611 562 opus
624 531 681 553 non
693 523 804 552 recenti
813 537 817 540 «
826 516 979 550 hominum
999 528 1104 549 memo-

227 577 277 605 tia
288 573 404 605 editum
417 596 424 603 .
451 571 647 605 Undemerita
657 570 777 611 reliquis
791 567 913 610 Apostoli
918 572 1041 610 scriptis
1062 571 1108 600 vi-

232 622 323 655 detur
343 623 575 653 adnumeratum
597 645 606 652 .
643 618 746 666 Qiod
783 617 939 652 Romana
963 616 1106 651 Ecclesia

228 670 322 705 istius
336 671 488 714 Epistolae
502 670 587 704 diua
601 670 634 704 in
648 670 774 703 suarum
797 668 1008 703 assertionum
1031 678 1106 700 con-

228 721 451 755 firmationem
462 720 631 755 assumeret
641 743 652 759 ,
678 730 718 753 ex
729 719 810 752 tanti
826 718 980 762 ponderis
1001 717 1107 760 diplo-

230 780 319 805 mate
340 772 443 815 sperat
466 772 592 815 ipsam,
617 770 694 804 licet
717 768 811 813 plene
836 767 1008 801 Canonica
1034 778 1105 800 nec-

228 821 313 855 dum
334 821 392 860 fir,
419 822 477 854 suo
497 830 608 853 tamen
628 830 777 862 ternpore
798 818 893 861 plene
913 817 1105 852 canonizan-

230 869 307 905 dam
331 895 340 902 .
375 870 428 902 Ex
450 868 566 903 eodem
587 869 747 914 principio
769 868 969 904 Montanum
994 892 1004 908 ,
1031 865 1107 899 huic

231 919 384 963 Epistolae
406 918 682 954 contradicentem
711 945 722 960 ‚
749 930 816 952 non
840 919 936 952 audet
958 926 1107 962 arguere:

233 971 328 1013 ,Qued
336 967 402 1011 ipsa
424 971 509 1011 apud
516 968 658 1012 quosdam
666 974 754 1002 etiam
765 972 915 1002 Romanos
926 967 1023 999 adhuc
1037 972 1106 1008 Apo-

227 1020 293 1062 stoli·
315 1018 447 1061 Epistola
467 1020 517 1063 effe
539 1031 598 1053 non
615 1018 831 1059 existimaretur
845 1041 852 1048 .
880 1014 1082 1050 Adverbium
1098 1039 1108 1054 ,

233 1069 355 1110 Adbuc,
380 1081 448 1103 nou
463 1079 549 1103 caret
561 1067 701 1112 emphasi
713 1082 723 1102 .-
751 1067 864 1101 Edicit
886 1066 1062 1100 Eusebium
1074 1064 1106 1097 in

233 1121 289 1153 sua
300 1120 340 1153 de
352 1119 586 1154 canonizandis
599 1119 667 1152 istis
683 1117 800 1151 litteris
823 1119 877 1159 spe
893 1115 1027 1159 perstare
1038 1140 1045 1147 .
1071 1115 1109 1149 In

231 1168 378 1214 Phrygia
399 1191 410 1208 ,
436 1169 584 1205 Afiaticae
603 1168 792 1202 Dioeceseos
819 1166 994 1199 Provincia
1013 1189 1025 1206 ,
1053 1165 1110 1199 do-

229 1220 298 1253 cuit
310 1243 320 1259 ,
346 1218 493 1263 adeoque
505 1219 546 1254 ab
558 1220 652 1253 omni
663 1217 846 1260 Epistolam
859 1216 952 1249 istam
964 1215 1012 1249 uti
1023 1214 1110 1258 Apo·

229 1267 380 1303 stolicam
393 1269 568 1311 recipiente
581 1266 740 1301 Orientali
754 1266 895 1301 Ecclefia
925 1265 1110 1300 dissonabat

229 1320 384 1362 profanus
411 1319 445 1352 &
457 1316 566 1352 audax
577 1317 759 1350 Montanus
771 1329 781 1349 .·
808 1315 852 1350 Et
871 1326 980 1350 tamen
1005 1316 1110 1358 ipsum

229 1368 297 1402 hoc
318 1368 353 1402 in
367 1370 488 1412 punsto
509 1368 618 1402 nullus
639 1367 738 1401 etiarn
762 1366 893 1400 Graecus
904 1375 1030 1409 propter
1042 1365 1111 1399 Ro-

230 1429 334 1453 manae
347 1418 492 1452 Ecclesiae
505 1418 729 1452 austeritatem
750 1416 942 1460 praesumpfit
962 1415 1109 1459 culpare.

231 1468 338 1515 Qod
351 1469 452 1503 etiam
464 1468 565 1511 Cajus
575 1466 708 1501 Proculi
732 1466 945 1501 Montanistae
965 1466 1111 1500 eruditus

227 1517 444 1563 impugnator
456 1517 514 1551 sub
526 1516 720 1561 Zephyrino
742 1517 928 1557 Pontifice,
955 1514 1044 1548 hunc
1066 1526 1109 1547 ar·

230 1567 372 1603 ticulum
384 1580 452 1605 non
463 1565 688 1607 damnaverit,
716 1567 848 1601 testatur
864 1567 897 1599 in
919 1563 1110 1600 Ecclesiasti-

227 1627 345 1651 corum
366 1619 570 1660 Scriptorum
588 1617 756 1659 Catalogo
784 1617 919 1649 sanctus
944 1614 1111 1654 Hierony-

227 1675 303 1700 mus
333 1689 344 1706 ,
369 1665 402 1699 &
423 1666 576 1708 adjungit
598 1677 610 1697 :
636 1665 729 1705 Apud
746 1667 893 1696 Romanos
914 1661 1006 1705 usque
1026 1661 1112 1694 hodie

228 1714 314 1758 quast
322 1716 411 1755 Paul}
434 1713 557 1756 Apostoli
577 1713 712 1755 Epistola
734 1723 793 1746 non
804 1712 930 1746 habetur
942 1735 950 1744 .
978 1713 1112 1745 Sanctus

230 1764 354 1799 Paulus
368 1764 548 1806 Apostolus
561 1763 680 1798 fatetur
691 1765 723 1797 se
735 1763 827 1796 fuisse
843 1763 991 1796 sermone
1010 1760 1112 1805 impe·

228 1815 328 1848 ritum
341 1827 352 1848 .-
378 1813 485 1848 Graeci
499 1813 589 1847 enim
604 1812 762 1849 sermonis
786 1811 983 1857 elegantiam
1003 1811 1110 1845 revere

229 1875 300 1899 non
322 1863 453 1898 calluit.
480 1864 563 1898 Haec
585 1873 696 1899 autem
719 1862 865 1906 Epistola
886 1862 931 1895 est
954 1862 1111 1896 sermonis

229 1913 481 1959 elegantissimi.
509 1913 683 1954 Praeterea,
710 1913 838 1956 antiqui
858 1911 1044 1947 testamenti
1067 1920 1112 1945 te·

229 1963 386 1999 stimonia
400 1974 442 1997 ex
462 1962 633 1998 Hebraico
654 1964 748 1998 fonte
770 1963 893 2006 semper
908 1960 1108 2005 Apostolus,

227 2013 289 2047 ista
302 2022 412 2047 autem
435 2011 580 2056 Epistola
598 2013 722 2056 semper
739 2012 819 2046 citat
839 2023 880 2046 ex
902 2012 1108 2056 septuaginta

229 2062 463 2107 Interpretibus
475 2087 483 2095 .
508 2062 566 2097 Ob
585 2059 643 2109 has
668 2063 703 2096 &
721 2062 800 2096 alias
812 2061 993 2097 istiusmodi
1015 2062 1109 2095 rario-

226 2124 287 2147 nes
308 2112 393 2147 hanc
416 2124 484 2147 non
501 2111 666 2155 Apostolo
687 2135 699 2151 ,
726 2112 779 2144 sed
801 2110 980 2150 alicuiejus
1002 2110 1107 2141 Disci-

226 2163 309 2206 pulo
320 2163 444 2196 dudum
458 2161 642 2202 adscripsit,
668 2159 808 2201 ideoque
819 2158 978 2192 Divinam
1003 2156 1107 2191 &Ca-

227 2212 387 2244 'monicam
410 2221 478 2243 non
499 2207 636 2242 credidit
659 2207 812 2242 Romana
835 2206 979 2241 Ecclesia
1000 2232 1007 2240 .
1036 2206 1108 2240 Nec

231 2260 298 2293 sola
313 2259 456 2294 Ecclesia
466 2258 646 2293 Orientalis
657 2281 668 2298 ‚
695 2257 749 2292 sed
759 2257 859 2292 etiam
871 2258 1006 2293 Sanetus
1027 2256 1107 2290 Hie·

228 2320 390 2352 ronymus
410 2333 421 2350 ,
463 2308 657 2342 cumomni
680 2307 838 2344 Africana
860 2305 1109 2342 Christianitate

229 2360 364 2394 Sanstu's
385 2357 614 2402 Augustinus,
638 2357 672 2392 δε
693 2356 801 2401 plures
822 2356 902 2391 tales
912 2357 1109 2392 Occidenta-

228 2409 314 2442 lium
336 2408 497 2442 DoCtores
518 2408 641 2450 semper
652 2407 848 2441 censuerunt
861 2406 1108 2450 Apostolicam:

228 2458 287 2492 Ob
309 2457 468 2491 Romanae
489 2465 600 2491 tamen
622 2456 776 2491 Ecclefiae
797 2456 971 2490 dissensum
1010 2468 1108 2491 nemo

227 2508 424 2552 praesumpsit
434 2506 885 2550 eanonicampronunciare.
914 2507 1019 2549 Ipsam
1040 2516 1109 2541 tan-

228 2558 305 2591 d’em
319 2559 419 2592 talem
430 2555 659 2600 pronunciavit
677 2557 713 2589 in
733 2555 887 2591 Romana
900 2557 954 2590 sua
971 2555 1108 2600 synodo

227 2608 366 2642 Sanctus
382 2606 530 2642 Gelafius
549 2604 735 2641 Pontifex?
756 2605 888 2642 Exinde
906 2605 990 2642 nulli
1013 2606 1107 2645 licuit

230 2657 413 2692 adversari.

281 2707 431 2741 Dictatus
443 2706 726 2743 nostri-veritatem
737 2708 894 2754 agnovit,
921 2719 959 2743 ac
975 2708 1106 2753 insigni-

230 2765 282 2793 ter
295 2758 505 2792 confirmavit
528 2759 630 2794 etiam
652 2759 745 2793 tertia
758 2759 911 2803 Synodus
933 2756 1106 2802 Carthagi-

229 2808 356 2842 nenfis.
386 2807 519 2840 Etenim
540 2807 704 2844 Africanae
724 2809 873 2843 Ecclefiae
896 2808 1019 2843 avitum
1044 2809 1106 2842 Ca-

233 2859 535 2892 noneminnovans
547 2858 588 2891 sic
598 2859 723 2901 posuit:
751 2861 840 2893 Pauli
854 2859 973 2902 Apostoli
993 2857 1105 2901 Episto—

229 2908 270 2941 1ae
286 2909 444 2941 tredecim.
470 2905 619 2950 Ejusdem
636 2910 681 2941 ad
689 2909 829 2944 Hebraeos
840 2917 917 2942 una.
944 2909 1045 2943 Hanc
1065 2908 1105 2943 ab

230 2957 306 2990 aliis
326 2956 498 2997 discrevit,
525 2956 614 3000 quod
638 2959 809 3002 nempeob
829 2960 986 2993 Romanae
997 2958 1106 2993 Eccle-

230 3007 281 3041 fiae
293 3007 585 3041 contradictionem
599 3007 737 3042 necdum
747 3010 823 3044 esset
845 3010 938 3057 plene
961 3009 1106 3043 Canoni-

229 3068 291 3090 ca.
320 3057 417 3103 Qin
444 3055 655 3098 &adjunxitt
683 3063 840 3093 Hoc-etiam
852 3064 958 3095 Fratri
985 3061 1106 3093 &Con-

226 3105 375 3149 sacerdoti
403 3105 494 3145 nostro
516 3107 673 3148 Bonifacio
693 3131 705 3147 ,
742 3109 899 3144 Romano
927 3109 1105 3150 Pontifici,

229 3157 285 3190 vel
301 3157 372 3190 alus
384 3167 485 3189 earum
491 3162 626 3198 partium
635 3155 812 3200 Episcopis,
833 3169 889 3202 pro
910 3159 1105 3201 confirmando

230 3205 280 3246 isso
290 3210 412 3239 Canone
426 3205 605 3250 innotescat,
633 3213 707 3250 quia
728 3209 747 3240 ἃ
760 3210 901 3244 Patribus
921 3210 974 3251 ista
991 3215 1119 3252 accepi-.

230 3262 341 3289 masin
353 3255 479 3298 Ecclefia
489 3257 630 3301 legenda.
657 3255 834 3293 Condendi
857 3260 1028 3301 Canonis,
1053 3260 1105 3294 vel

231 3305 330 3340 ullius
352 3305 427 3340 libri
453 3317 510 3340 aut
523 3306 669 3351 Capituli
693 3308 727 3341 in
739 3307 845 3351 ipsum
865 3310 1038 3353 recipiendi
1050 3321 1103 3354 po·

232 3355 380 3390 testatem
403 3357 551 3401 agnoscit
580 3368 637 3392 nec
664 3356 812 3400 fibieffe,
839 3369 899 3394 nec
921 3359 985 3395 suis
1011 3362 1103 3395 fuiffe

232 3405 521 3442 Antecefforibus:
548 3408 725 3443 Profitetur
738 3407 839 3453 ipsam
859 3409 1015 3454 privative
1035 3411 1102 3454 spe-

1165 215 1247 249 rstare
1270 214 1310 250 ad
1333 216 1435 251 solam
1461 214 1650 251 Romanam
1673 217 1871 259 Ecclesiam,
1896 217 2036 262 ideoque

1165 266 1266 300 etiam
1289 266 1414 301 avitum
1434 267 1579 302 Ecclefiae
1600 269 1661 302 suae
1684 267 1859 303 Canonem
1879 269 2036 312 supplicat

1165 315 1206 349 ab
1228 317 1286 350 ista
1309 316 1533 361 comprobari.
1561 318 1604 352 Et
1630 318 1718 362 quod
1738 319 1830 352 istam
1855 318 2037 360 Epistolam

1166 378 1226 399 nec
1237 366 1281 400 ob
1292 376 1396 400 tantas
1409 378 1515 409 preces
1526 370 1719 404 canonizare
1730 369 1868 402 voluerit
1879 368 2038 402 Pontifex

1166 415 1372 455 Bonifacius‚
1400 416 1484 451 lucet
1495 427 1535 451 ex
1547 418 1652 452 Sansti
1669 418 1846 462 Augustini
1860 419 1929 462 post
1944 418 2039 461 ipsius

1163 475 1300 499 mortem
1314 468 1432 510 scripto
1445 465 1650 509 Enchyridio
1663 492 1671 499 .
1697 468 1843 502 Libellus
1855 468 1973 512 quippe
1985 467 2039 502 hic

1165 516 1335 560 impugnat
1348 517 1432 560 apud
1445 516 1561 551 Gallos
1573 518 1746 562 grassantia
1758 518 1959 552 Nestorianae
1981 517 2040 551 hae-

1165 567 1269 599 reseos
1278 567 1411 600 exordia
1423 590 1433 606 ,
1461 578 1529 609 quae
1542 577 1663 601 certum
1678 567 1723 600 est
1736 565 1823 610 prius
1834 567 1890 600 sub
1904 568 2042 602 Caelesti-

1166 616 1198 649 ni
1211 614 1411 650 Pontificatu
1427 617 1572 658 coepisse.
1600 616 1766 652 Laudatus
1783 616 2040 653 libelluseodem

1165 665 1197 698 in
1212 667 1317 709 capite
1340 666 1545 708 Apostolicas
1571 667 1604 699 &
1618 668 1656 700 ad
1673 667 1829 701 Hebraeos
1841 692 1851 708 ,
1878 667 1912 700 ὅ(
1923 668 1963 701 ad
1975 668 2042 701 Co-

1165 716 1304 750 rinthios
1318 715 1479 759 Epistolas
1498 716 1653 754 laudans,
1679 715 1788 750 dehac
1803 717 1902 751 dicit:
1931 716 2044 759 Aposto-

1165 767 1211 798 lus
1223 767 1389 808 complexus
1414 765 1467 805 est.
1498 768 1550 799 De
1564 766 1622 800 issa
1642 766 1717 799 vero
1731 781 1742 800 .-
1770 770 1846 799 Sicut
1865 771 1896 799 in
1908 767 2041 809 Epistola
2058 798 2083 827 C
2133 798 2147 825 8

1166 817 1209 848 ad
1228 817 1367 852 Hebraeos
1402 817 1545 859 legimus.
1584 818 1683 849 Hanc
1713 827 1917 859 nequaquam
1941 841 1951 857 ,
1989 816 2043 851 sed
2087 819 2091 825 '
2113 806 2125 832 5
2151 816 2159 824 '

1168 866 1261 899 istam
1284 867 1385 900 solam
1398 867 1548 899 adscribit
1572 866 1758 909 Apostolo:
1777 866 1888 913 -Qod
1902 865 2045 909 nempee⁴

1171 915 1325 949 Romanae
1339 916 1481 950 Ecclefiae
1491 916 1616 959 judicio
1637 928 1704 950 non
1718 918 1917 960 praesumeret
1929 916 2048 950 discor·

1169 965 1242 999 dare
1256 991 1263 997 .
1289 966 1366 999 Post
1380 967 1543 1000 Bonifatii
1569 976 1707 1000 mortem
1719 967 1853 1009 scriptus
1877 965 1922 1000 est
1944 967 2047 1000 etiam

1169 1014 1210 1049 de
1234 1016 1422 1049 Sanctorum
1446 1017 1724 1058 praedestinatione
1745 1015 1826 1051 liber
1846 1041 1857 1056 ,
1883 1027 1980 1060 atque
2003 1017 2049 1050 di-

1170 1066 1238 1099 cit:
1268 1065 1399 1107 Epistola
1418 1077 1483 1106 quae
1505 1066 1541 1106 est
1566 1068 1610 1099 ad
1623 1068 1776 1103 Hebraeos.
1807 1067 1848 1100 Et
1871 1067 1904 1100 in
1920 1067 2049 1100 novissi·
2064 1067 2099 1096 C·
2123 1072 2168 1099 15.

1170 1126 1228 1148 mo
1240 1116 1389 1149 adversus
1401 1116 1565 1157 Julianum
1578 1128 1694 1159 opere:
1724 1120 1774 1150 Ad
1785 1117 1923 1150 chraeos
1937 1117 2050 1159 Episto-

1170 1166 1232 1197 lam
1244 1166 1322 1209 lege.
1354 1166 1518 1208 Loquitur
1539 1176 1614 1198 cum
1638 1167 1754 1199 Sancto
1780 1167 1992 1210 Hieronymo
2014 1167 2050 1199 in
2069 1183 2103 1211 c,
2126 1190 2170 1216 50-

1171 1214 1254 1249 Isaiae
1277 1215 1556 1249 Commentariis:
1588 1215 1718 1256 Epistola
1741 1227 1807 1258 quae
1826 1215 1926 1257 fertur
1948 1219 1991 1247 ad
2001 1219 2052 1247 He-

1171 1265 1266 1299 braeos
1293 1289 1300 1297 .
1345 1265 1388 1299 Et
1411 1266 1445 1298 in
1470 1265 1671 1307 Apostolicae
1695 1266 1733 1299 ad
1759 1266 1877 1299 Titum
1899 1265 2052 1308 Epistola:

1172 1314 1448 1351 Commentariis,·
1474 1317 1506 1348 51·
1528 1321 1596 1356 quis
1623 1316 1689 1348 vult
1712 1321 1838 1356 recipere
1861 1327 1926 1348 eam
1939 1316 2051 1357 Epislo-
2066 1338 2103 1366 C·
2127 1345 2150 1365 ι,

1170 1366 1232 1398 lam
1244 1390 1254 1406 ,
1281 1377 1347 1408 quae
1354 1364 1411 1407 sub
1426 1371 1540 1397 nomine
1552 1366 1641 1399 Pauli
1652 1367 1696 1397 ad
1709 1366 1846 1398 Hebraeos
1866 1363 1982 1407 scripta
1994 1365 2031 1405 est
2041 1389 2048 1396 .

1173 1416 1216 1449 Et
1240 1415 1380 1449 iterum:
1407 1415 1513 1457 Relcge
1535 1415 1578 1448 ad
1589 1414 1729 1450 Hebraeos
1753 1415 1916 1457 Epistulam
1942 1417 2051 1456 Pauli,

1166 1464 1231 1507 five
1243 1464 1444 1507 cujuscumque
1455 1465 1579 1498 alterius
1590 1475 1655 1498 eam
1667 1465 1718 1507 esse
1725 1474 1818 1505 putas
1835 1490 1840 1496 .
1870 1465 1915 1498 lta
1946 1466 2053 1508 loqui-

1172 1525 1237 1553 tur,
1248 1513 1337 1556 quod
1347 1524 1418 1546 eam
1430 1513 1587 1546 Romana
1603 1513 1743 1546 Ecclesm.
1760 1514 1895 1547 necdum
1914 1515 1939 1547 A
1950 1514 2056 1555 posto-

1172 1564 1206 1596 io
1233 1561 1443 1604 adjudicasset
1458 1584 1465 1592 .
1493 1562 1539 1594 At
1562 1562 1639 1594 vero
1655 1572 1792 1606 magnus
1817 1563 1923 1595 Sanc‘li
1945 1565 2057 1607 Augu-

1172 1610 1248 1644 stini
1271 1610 1462 1654 Discipulus
1478 1634 1489 1650 ‚
1515 1611 1549 1644 &
1571 1610 1737 1645 Africanae
1761 1612 1907 1648 Eccleliae
1931 1613 2058 1646 Dostor

1173 1662 1332 1705 insignis,
1359 1663 1493 1694 Sanetus
1517 1660 1714 1705 Fulgentius
1737 1662 1770 1695 in
1785 1662 1869 1696 libro
1881 1664 1920 1694 «le
1933 1663 1996 1696 fide
2018 1664 2058 1696 ad

1174 1710 1305 1745 Petrum
1333 1710 1434 1755 longe
1457 1711 1552 1744 aliter
1573 1711 1738 1755 loquitur:
1768 1712 1949 1755 Epistolam
1967 1713 2057 1746 istam

1175 1761 1297 1795 diserte
1320 1760 1475 1794 adscribit
1498 1761 1662 1804 Apostolo
1685 1786 1696 1802 ,
1723 1761 1852 1806 ejusque
1876 1764 2057 1797 dona-{nam

1172 1811 1206 1846 δε
1229 1811 1453 1846 auctoritatem
1481 1812 1618 1845 affirmat
1639 1812 1703 1845 esse
1714 1811 1942 1856 Apostolicam
1957 1838 1964 1845 .
1994 1814 2059 1846 Eo-

1172 1861 1247 1895 dem
1268 1861 1370 1895 modo
1392 1862 1539 1904 loquitur
1552 1862 1586 1894 in
1610 1871 1745 1905 utraque
1764 1863 1909 1905 Epistola
1926 1863 1964 1896 ad
1982 1863 2058 1896 Gal-

1174 1912 1238 1944 lam
1250 1935 1261 1951 ,
1288 1912 1321 1944 in
1333 1910 1539 1954 responsione
1551 1911 1591 1946 ad
1604 1911 1747 1946 Arianos
1758 1937 1769 1954 ‚
1796 1914 1828 1946 ὃ(
1855 1913 1888 1946 in
1915 1913 2004 1946 libris
2017 1914 2058 1947 ad

1174 1960 1304 2005 Regem
1315 1960 1603 1995 Trazarnundum.
1635 1961 1767 2006 Nempe
1780 1963 1848 2006 post
1874 1964 2058 1998 Sanc‘iiGe-

1173 2011 1237 2045 lafii
1249 2009 1420 2055 Synodum
1432 2011 1552 2054 scripfit
1566 2010 1782 2056 Fulgentius,
1808 2023 1906 2055 atque
1929 2015 1972 2046 ita
1987 2015 2055 2048 Ro-

1172 2071 1270 2093 mana
1280 2062 1453 2094 auctoritas
1467 2061 1650 2104 Epistolam
1664 2073 1742 2096 tunc
1756 2063 1872 2097 fecerat
1886 2063 1914 2096 A
1919 2065 2054 2108 postoli-

1170 2119 1263 2145 cam,
1288 2108 1483 2144 &retulerat
1506 2110 1539 2143 in
1558 2111 1749 2145 canonem.

1222 2157 1371 2194 Eandem
1383 2156 1479 2193 fidem
1493 2158 1661 2199 profitetur
1672 2169 1785 2201 quarta
1808 2161 1962 2202 Synodus
1975 2163 2047 2196 To·
2072 2178 2108 2207 C·
2134 2188 2178 2213 ¹7·

1174 2207 1276 2241 letana
1299 2218 1308 2249 ;
1334 2205 1523 2249 Apocalypfim
1544 2206 1651 2240 librum
1673 2208 1829 2241 multorum
1854 2214 2049 2246 Conciliorum

1172 2257 1332 2290 audoritas
1346 2281 1357 2297 ,
1383 2259 1417 2290 (Β
1428 2258 1564 2296 synodica
1575 2258 1742 2291 standarum
1755 2258 1921 2302 Praesulum
1943 2265 2050 2294 Roma-

1173 2318 1274 2341 norum
1285 2309 1411 2340 Decreta
1421 2307 1472 2350 effe
1474 2310 1506 2352 J
1508 2312 1612 2340 oannis
1625 2308 1828 2352 Evangeltstae
1837 2309 2049 2353 praescribunt,

1174 2359 1207 2392 t&
1219 2362 1295 2390 inter
1303 2360 1432 2390 Divinos
1443 2357 1535 2391 libros
1549 2359 1747 2400 recipiendum
1756 2358 1957 2398 constituerunt
1969 2386 1975 2394 .
2003 2366 2033 2395 E
2035 2371 2050 2396 t

1171 2413 1242 2450 quia
1248 2410 1371 2449 plurimi
1376 2405 1450 2450 sunt
1459 2413 1510 2452 qui
1522 2410 1587 2450 ejus
1598 2408 1803 2442 auc‘Jorttatem
1814 2422 1871 2442 non
1879 2417 2024 2453 rccipiunt
2038 2437 2049 2452 ,

1165 2456 1195 2501 fi
1202 2464 1270 2501 quis
1281 2469 1346 2491 eum
1359 2458 1494 2500 deinceps
1508 2470 1566 2491 non
1587 2466 1727 2500 receperit
1739 2484 1749 2500 ,
1774 2469 2047 2498 excommunicatio·
2097 2490 2100 2494 .

1173 2514 1220 2542 m's
1239 2507 1420 2555 sentennam
1441 2507 1581 2543 habebit.
1607 2509 1742 2544 Librum
1766 2507 1855 2544 hunc
1879 2514 2047 2556 esseApo·

1172 2558 1323 2594 stolicum
1347 2568 1531 2604 negarunt,
1558 2559 1638 2604 quin
1662 2570 1700 2594 ut
1729 2560 1955 2596 Millenarium
1986 2563 2052 2596 Ce-

1171 2607 1274 2645 rinthi
1297 2609 1492 2653 figmentum
1514 2608 1711 2645 damnarunt
1732 2610 1813 2645 olim
1835 2613 1979 2655 quaedam
2013 2613 2048 2646 δε

1171 2658 1358 2695 Orientales
1393 2660 1427 2695 &
1457 2660 1688 2696 Occidentales
1709 2661 1855 2696 Ecclesiae
1877 2687 1886 2702 ‚
1923 2662 2047 2705 istaque

1170 2709 1367 2753 opinionum
1388 2709 1526 2744 varietas
1545 2710 1644 2744 etiam
1657 2711 1825 2755 Hispanos
1846 2714 1944 2759 usque
1966 2723 2047 2746 tunc

1169 2760 1369 2795 detinuerat.
1397 2760 1583 2795 Romanam
1599 2785 1609 2801 ,
1634 2761 1674 2795 ad
1713 2773 1810 2806 quam
1834 2772 1965 2797 noverat
1989 2764 2052 2806 pri-

1170 2810 1277 2844 vative
1291 2811 1423 2856 spectare
1435 2810 1520 2846 istud
1532 2810 1715 2855 judicium,
1741 2812 1917 2846 Ecclesiam
1943 2813 2052 2847 lauda-

1169 2871 1201 2895 ta
1214 2860 1368 2904 Synodus
1382 2860 1441 2896 sub
1452 2861 1560 2906 rigida
1574 2862 1918 2897 excommunicatione
1940 2874 2051 2906 praece

1168 2911 1215 2954 pit
1226 2911 1439 2956 sequendam.
1466 2911 1591 2946 Eadem
1601 2910 1642 2946 de
1654 2912 1746 2947 causa
1760 2911 1939 2956 Dionysius
1973 2913 2049 2945 Exi-

1167 2971 1250 3006 guus
1270 2985 1281 3001 ,
1307 2961 1428 2997 Codici
1456 2962 1517 2997 suo
1538 2962 1682 2996 inserens
1701 2973 1818 2997 omnes
1843 2963 1876 2995 &
1896 2963 2040 3006 singulos

1168 3010 1320 3046 Canones
1339 3011 1468 3056 Synodi
1493 3011 1718 3054 Laodicenfis,
1744 3012 1785 3047 ab
1810 3012 1877 3055 ipsa
1888 3011 2046 3046 statutum

1168 3061 1537 3098 Divinorumlibrorum
1560 3062 1736 3096 Canonem
1757 3062 1937 3105 expunxit,
1967 3063 2047 3097 inse-

1167 3111 1296 3155 ruitque
1309 3110 1415 3146 solum
1425 3111 1639 3147 constitutum
1650 3112 1691 3146 ab
1702 3112 1900 3148 Innocentio
1915 3112 2020 3155 primo
2030 3125 2042 3145 .-

1167 3160 1269 3208 Qod
1281 3159 1399 3204 nempe
1409 3160 1565 3205 ejusmodi
1578 3161 1794 3197 constitutum
1810 3161 1967 3206 privative
1977 3162 2042 3203 spe-

1167 3213 1229 3245 stet
1250 3208 1289 3243 ad
1313 3211 1498 3246 Romanam
1522 3212 1697 3247 Ecclesiam
1711 3237 1719 3245 .
1746 3212 1840 3248 Hinc
1859 3210 2043 3246 Laodicen·-

1167 3262 1231 3295 sem
1254 3261 1424 3294 Canonem
1441 3286 1451 3301 ,
1476 3273 1512 3297 ut
1536 3261 1672 3297 minime
1683 3261 1931 3301 authenticum,
1957 3260 2043 3294 Dio-

1167 3311 1275 3355 nysius
1295 3311 1487 3353 praetermisit
1510 3337 1517 3344 .
1546 3313 1655 3347 Etiam
1678 3310 1846 3347 Melithon
1861 3335 1872 3351 ‚
1896 3310 2042 3344 vetustus

1166 3360 1365 3394 Sardensium
1377 3361 1410 3394 in
1425 3361 1532 3405 Lydia
1545 3362 1823 3406 Metropolitanus
1839 3361 2016 3404 Episcopus
2027 3382 2039 3397 2

1163 3411 1297 3446 Sanctus
1321 3408 1535 3454 Athanasius,
1561 3413 1707 3457 Magnus
1718 3410 1877 3449 Basilius,
1905 3410 2038 3443 Sanctus

1862 3458 1987 3504 Grego-

2069 1454 2103 1482 C.
2126 1463 2154 1482 2·
