2366 3756
135 311 186 350 Ep.
208 319 255 347 45.

122 1111 180 1152 EP-
209 1125 253 1149 n.

269 1940 272 1943 '
292 1935 406 1980 ligitur
428 1935 490 1968 isto
513 1936 613 1970 titulo
634 1936 795 1972 famosum
808 1937 915 1971 Sansti
930 1938 1067 1972 Martini
1081 1939 1191 1972 Turo-

380 164 483 209 124
547 148 953 193 NICOLAI
1025 162 1045 193 s

1084 162 1417 194 ECUNDI

1881 14 1917 26 ct

1491 148 2054 196 P0N11F101s

312 233 487 276 &famulis
510 231 686 272 vestimenta
699 257 709 273 ,
732 231 830 275 pisces
843 255 853 271 ‚
880 230 981 274 caseus
997 255 1008 271 ‚
1035 233 1202 277 &legumi-
1224 234 1229 262 1
1269 239 1380 267 Omnes
1402 232 1470 273 isti,
1496 233 1567 266 dum
1588 238 1706 277 magnis
1733 233 1869 267 Abbatiae
1892 235 2038 269 reditibus
2058 247 2158 269 carere

312 297 354 318 na
374 282 617 320 mimstrabantur
640 309 647 315 .
676 284 759 329 Qae
780 282 893 315 omnia
920 281 1042 327 largius
1065 285 1204 326 exponit

309 334 398 368 idem
423 334 557 367 Sanctus
585 332 697 366 Abbas
724 333 759 365 in
774 331 891 367 litteris
904 333 943 366 ad
960 333 1088 377 Regem
1103 334 1204 368 Caro-

310 383 379 416 Ium
402 383 564 417 Calvum.
592 382 635 414 Et
649 381 690 416 de
701 380 844 417 Rabano
856 383 978 417 Mauro
997 383 1202 425 Abbate,ac

307 444 363 476 per
384 433 524 467 diversas
548 431 739 466 Provincias
762 434 871 476 sparsis
884 433 1052 468 Fuldensis
1080 435 1204 471 Coeno-

308 482 356 517 bii
382 482 594 525 patrimoniis
620 483 732 518 scribit
758 482 950 518 Monachus
984 485 1200 529 Radulphus:

307 534 376 566 Alia
397 540 455 574 per
474 536 602 574 Lanos,
630 535 693 568 alia
716 537 809 575 vero,
832 533 1005 579 praesertim
1027 547 1093 578 quae
1105 538 1204 570 Eccle-

297 581 353 624 fiis
373 582 538 625 instructa,
559 583 743 622 Presbyteris
765 588 959 626 procuranda
986 595 1078 629 atque
1106 586 1203 631 dispo-

305 633 406 667 nenda
416 634 616 668 committebat
627 658 636 666 .
659 633 711 668 Ex
722 635 878 671 firnilibus
888 637 1084 671 testimoniis
1097 637 1202 672 Brou-

302 694 422 718 vverus
445 685 478 719 <Sc
501 683 701 720 Haeftenius
723 685 943 721 Monachales
982 687 1064 722 olim
1089 687 1200 722 Cellas

303 734 396 767 fuisse
419 733 613 777 praediorum
635 734 843 771 Praefesturas
864 761 875 778 ,
914 738 1029 772 omnia
1057 739 1200 782 ipsarum

304 783 392 817 bona
416 796 460 818 ex
479 785 610 832 integro
632 786 777 829 spectasse
796 787 837 821 ad
857 787 1039 831 principale
1075 789 1200 822 Mona·

300 832 435 869 sterium
455 859 467 877 ,
505 837 541 871 <Sc
567 836 705 870 unicum
731 835 959 883 Presbyterum
986 837 1197 875 Monachum

300 884 465 920 affirmant
492 886 529 921 in
554 886 629 931 ipsis
656 885 831 922 habitasse.

351 934 478 970 Verum
501 935 568 971 haec
590 937 706 972 omnia
727 938 838 973 lucide
860 937 1017 980 deviant,
1043 940 1194 975 &Sancti

298 983 468 1020 Benedisti
489 987 628 1033 Regulae
647 988 833 1032 capitaliter
853 989 1066 1024 adversantur
1088 1015 1096 1022 .
1135 991 1194 1035 Ipsi

295 1035 400 1070 etiam
426 1037 549 1073 Sanno
575 1038 676 1083 Lupo
701 1039 734 1074 δι
752 1039 888 1075 laudato
902 1039 1104 1084 Radulpho.
1131 1042 1196 1077 Lu·

296 1095 350 1119 cet
373 1097 415 1120 ex
437 1086 530 1122 istius
557 1088 707 1133 Epistola
734 1089 775 1124 ad
801 1089 1035 1135 Imperatorem
1071 1091 1181 1126 Lotha

295 1135 400 1170 rium:
429 1139 544 1172 Cellam
571 1139 673 1173 San&
691 1143 724 1184 J
726 1141 810 1174 udoci
836 1165 847 1180 ‚
873 1153 964 1183 quam
990 1145 1120 1185 Magnus
1135 1146 1192 1174 Ca-

294 1186 375 1219 rolus
396 1190 546 1230 quondam
568 1192 688 1223 Alcuino
700 1191 746 1223 ad
764 1190 970 1234 eleemosinam
993 1192 1194 1225 exhibendam

288 1243 460 1280 peregrinis
495 1238 697 1282 commiserat,
726 1243 819 1274 Pater
846 1241 939 1282 vester
978 1242 1063 1276 nobis
1086 1254 1121 1275 ea
1141 1242 1179 1275 ra

295 1292 374 1321 tione
387 1290 538 1328 conceffit‚
565 1289 1064 1335 utquodeleemojjmaesupereffet,
1091 1298 1123 1325 in
1148 1305 1184 1325 no

287 1335 384 1375 strum
397 1337 482 1380 usum
492 1340 608 1372 cederet
618 1365 625 1371 .
652 1339 779 1373 Lucide*
793 1341 931 1374 affirmat
944 1338 995 1374 isti
1011 1341 1111 1375 Celiae
1121 1342 1194 1375 fuis-

293 1386 327 1418 se
353 1384 393 1418 ad
415 1387 552 1420 fratrum
576 1385 671 1421 isthic
693 1390 975 1425 commorantium
988 1389 1195 1425 sustentatio-

294 1445 370 1469 nem
396 1437 430 1470 ὃς
453 1438 693 1471 transeuntium
715 1450 894 1481 pauperum
928 1440 1085 1475 solatium
1122 1452 1193 1485 pro-

293 1486 363 1528 pria
389 1485 500 1525 bona,
528 1487 563 1520 &
586 1487 653 1520 sola
678 1487 746 1520 istis
770 1489 930 1530 superflua
943 1490 1082 1532 potuisse
1094 1493 1194 1524 trans-

294 1534 387 1568 mitti
411 1535 450 1568 ad
472 1535 654 1569 Abbatiam
676 1536 933 1571 Ferrariensem.
966 1538 1066 1572 Etita
1080 1539 1190 1573 fuitin

294 1584 390 1619 omni
419 1586 545 1628 semper
568 1586 683 1620 Cella.
712 1587 806 1620 Hinc
830 1588 909 1621 dum
935 1588 1124 1623 Monastica
1144 1589 1192 1623 di—

294 1634 430 1678 sciplina
452 1636 606 1670 deficeret
626 1637 661 1669 in
683 1637 792 1670 Sansti
818 1637 974 1679 Dionyfii
1000 1639 1168 1673 Coenobio
1182 1664 1192 1679 ‚

293 1685 446 1718 meliores
464 1687 578 1720 fratres
601 1686 784 1729 migrarunt
806 1691 838 1719 in
856 1688 973 1720 Cellam
994 1691 1117 1729 majoris
1131 1692 1192 1721 Mo-

292 1734 428 1774 nasterii.
458 1735 563 1781 Qod
585 1734 703 1778 nempe
727 1735 796 1768 illic
821 1738 924 1770 essent
947 1738 1076 1781 propria
1089 1738 1189 1771 advi-

292 1784 472 1819 &itandum
497 1786 602 1820 bona.
630 1786 678 1819 Ita
702 1783 802 1820 habes
824 1787 857 1820 in
873 1785 1014 1826 Edicto,
1039 1799 1105 1832 quo
1122 1788 1191 1823 Lu-

289 1835 430 1869 dovicus
461 1834 541 1870 Pius
570 1836 759 1869 reformavit
795 1836 879 1870 istud
914 1837 1158 1872 Monasterium

291 1884 368 1919 Ubi
391 1896 447 1929 per
466 1886 569 1930 majus
592 1885 833 1920 Monasterium
855 1899 1064 1930 nequaquam
1097 1888 1190 1922 intel·

292 1987 414 2026 nense,
444 1985 497 2019 sed
521 1987 627 2029 ipsum
650 1987 757 2021 Sancti
782 1987 958 2031 Dionysii:
984 1987 1087 2036 Qod
1101 2000 1189 2023 nem-

292 2037 332 2079 pe
351 2036 491 2079 quodvis
515 2037 759 2072 Monasterium
779 2038 815 2070 fit
839 2038 940 2081 majus
951 2040 1091 2081 respestu
1122 2040 1189 2072 sua-

292 2097 366 2120 rum
394 2087 563 2122 Cellarum
592 2112 600 2120 .
626 2087 670 2121 Et
692 2088 734 2121 de
755 2088 848 2121 Cella
869 2089 903 2120 in
932 2088 1189 2122 Aldenmunster

291 2136 402 2170 scribit
424 2136 605 2170 Udalricus
627 2138 800 2180 vigesimus
820 2137 959 2179 quintus
973 2137 1085 2170 Abbas
1106 2138 1188 2171 Lau-

290 2185 556 2219 xishamenfium:
585 2190 653 2218 Nos
690 2186 806 2219 Cellam
842 2186 1067 2227 Aldenmunster
1087 2211 1097 2226 ‚
1122 2193 1186 2229 pri-

290 2240 434 2268 mitivam
460 2234 596 2276 Ecclefiae
623 2234 725 2274 nostrae
753 2239 885 2268 Matrem
909 2260 919 2275 ,
945 2237 997 2268 dtu
1023 2236 1188 2279 desolatam

288 2336 403 2381 fratres
426 2333 530 2375 nostrae
547 2334 725 2377 prfiffiom's
750 2335 861 2368 ibidem
883 2336 1075 2368 adunamus.
1103 2338 1185 2379 ‚Quo-

291 2398 357 2421 rum
379 2386 475 2428 ufibus
500 2387 535 2420 e>-
548 2385 758 2429 sustentationl
780 2397 833 2419 nos
843 2393 898 2427 per
918 2392 1017 2418 omnia
1026 2384 1187 2429 prospicere

289 2437 484 2483 satagentes,
505 2444 622 2478 praeter
648 2446 757 2470 caetera
773 2435 908 2478 praefato
942 2435 1032 2476 nostro
1047 2436 1183 2476 Monaste·

294 2494 339 2522 rio
370 2489 504 2526 collata,
541 2491 668 2521 Curiam
693 2486 821 2526 nostram
842 2492 874 2519 in
895 2485 1119 2529 sachsenbeim,
1146 2489 1189 2519 ad

296 2551 349 2572 nos
357 2536 727 2581 solummodospecffantem
740 2561 750 2576 ,
764 2550 830 2572 cum
845 2536 978 2570 omnibus
996 2543 1186 2579 pertinentiis

293 2587 358 2632 suis
379 2589 475 2622 eidem
500 2590 595 2622 Cellae
626 2589 776 2622 tradimus
800 2613 806 2620 .
846 2588 955 2621 Vocat
987 2588 1183 2630 primitivam

296 2638 446 2673 Ecclesiae
483 2639 543 2673 suae
580 2639 722 2674 Matrem
745 2662 755 2678 ,
791 2637 881 2681 quod
920 2636 1016 2671 isthic
1055 2638 1183 2672 fuissent

295 2690 400 2734 prima
427 2689 625 2724 Monasterii
641 2688 793 2723 exordia.
820 2686 1072 2722 Laurishamum
1085 2688 1184 2723 fuerat

296 2741 470 2774 dumtaxat
482 2739 592 2775 Cella.
624 2740 678 2774 Sic
691 2737 931 2785 Monasterium
944 2739 979 2771 in
992 2739 1121 2773 Cellam
1133 2739 1184 2774 de·

296 2790 376 2824 fecit
397 2815 408 2830 ‚
445 2789 539 2824 Cella
560 2790 699 2833 Profecit
719 2790 754 2823 in
780 2788 1022 2823 Monasterium
1044 2814 1050 2821 .
1088 2790 1132 2824 Et
1154 2789 1184 2824 ei

299 2840 506 2878 Udalricus·‚
531 2839 623 2883 quod
643 2841 778 2873 fratrum
806 2838 1039 2874 Claustralium
1067 2839 1187 2882 portio-

298 2901 376 2924 nem
401 2890 505 2924 nollet
525 2888 708 2923 diminuere
727 2912 738 2928 ‚
766 2888 929 2932 adscripsit
950 2900 1125 2932 proventus
1145 2888 1185 2924 de

298 2941 353 2974 sua
375 2941 487 2975 mensa
497 2964 517 2974 .,
533 2939 578 2972 Et
590 2939 717 2973 Calixti
730 2938 863 2973 secundi
876 2938 1071 2973 Tholosana
1083 2940 1185 2982 Syno-

299 2990 359 3024 dus
379 2989 490 3024 laudat
509 2988 627 3023 Cellam
639 2991 676 3023 de
689 2990 869 3022 Gordanlcis
891 3000 956 3022 cum
984 2987 1054 3032 suis
1074 2990 1162 3023 rebus
1176 3016 1183 3022 .

299 3039 407 3084 Ipsam
430 3039 621 3074 Anianense
642 3038 884 3074 Monasterium
911 3039 953 3073 ab
989 3038 1184 3083 Imperatore

300 3088 477 3125 Ludovico
497 3088 561 3122 Pio
584 3113 595 3129 ,
626 3088 823 3124 Arelatensis
849 3089 991 3124 Ecclesia
1010 3090 1028 3124 a
1052 3090 1184 3125 Bosone

303 3138 503 3185 Burgundiae
528 3139 621 3184 Rege
645 3139 822 3180 donatam,
848 3139 932 3174 Casa
959 3140 1024 3174 Dei
1051 3141 1109 3174 fibi
1143 3141 1184 3175 ab

302 3190 416 3225 eadem
440 3189 583 3224 Ecclesia
604 3190 757 3224 afferebat
778 3189 1004 3230 infeudatam‚
1031 3201 1128 3234 atque
1139 3191 1184 3226 ita

301 3251 414 3275 coram
434 3239 558 3274 laudati
583 3238 754 3274 pontificis
773 3251 873 3284 atque
892 3241 993 3274 etiam
1019 3240 1184 3276 Paschalis
1212 3280 1215 3289 ἶ

302 3289 435 3327 secundi
456 3290 554 3324 variis
575 3289 720 3333 Synodis
738 3290 1036 3336 deipsalitigarunt
1049 3318 1056 3325 .
1087 3294 1130 3326 Et
1142 3293 1184 3326 de

302 3340 600 3376 Commendatariis
619 3340 638 3374 a
659 3339 809 3374 Lotharii
832 3352 936 3385 regno
958 3343 1056 3384 usque
1068 3343 1109 3377 ad
1123 3343 1185 3377 Ar-

293 3390 417 3437 nulphi
436 3390 612 3435 Imperium
631 3390 824 3425 Lobbienfis
844 3390 1040 3426 Monasterii
1053 3391 1184 3427 Abbati·

299 3441 361 3477 bus
383 3440 494 3478 scribit
505 3440 750 3478 Gemblacensis
761 3441 957 3478 Monasterii
969 3442 1163 3480 Chronicon
1175 3455 1183 3475 :

291 2296 471 2320 renovamus
493 2308 505 2325 ,
542 2288 577 2319 et
600 2287 643 2317 ad
664 2289 791 2318 Divinae
814 2285 974 2327 Religionis
991 2297 1187 2331 *augmentum

1268 284 1430 323 nolebant,
1456 283 1712 326 &Praepofituras
1723 307 1734 323 ,
1760 294 1834 326 quas
1857 292 1973 321 nomine
1995 288 2030 320 (9⁶
2054 287 2158 319 merito

1266 334 1440 368 obedientia»
1463 333 1609 377 Religiofis
1634 337 1669 368 (τ
1691 339 1844 368 timoratis
1876 339 1952 368 viris
1975 343 2156 371 committere

1266 382 1414 417 debebant
1425 408 1435 423 ‚
1450 382 1536 426 quast*
1542 385 1702 425 rusticanas
1714 386 1911 419 villicationes
1923 392 2081 419 annuatim
2089 396 2156 430 pre-

1266 441 1305 467 tio
1325 435 1487 468 dabant&¹
1499 435 1673 469 adimebant
1693 460 1701 468 .
1736 435 1888 470 Abbatiae
1907 435 1941 469 &
1962 436 2156 478 Praepofitu-

1266 496 1373 520 rarum
1398 485 1486 520 bona
1509 485 1616 520 lucide
1633 486 1826 530 distinguit.
1854 486 1949 520 Hinc
1962 487 1996 521 &
2008 486 2049 520 ad
2062 487 2157 522 Hen-

1265 535 1323 569 rici
1337 535 1443 579 quarti
1458 535 1647 581 Anglorum
1660 537 1762 581 Regis
1774 535 1926 571 Proceres
1939 537 2156 572 concionatur

1264 585 1351 629 apud
1376 584 1548 621 Thomam
1579 587 1895 621 Walsinhamensem
1929 585 2084 622 Thomas
2113 587 2156 622 de

1265 634 1416 671 Arondel
1439 635 1713 681 Archiepiscopus
1736 638 1996 672 Cantuariensis:
2023 642 2080 671 Vos
2093 649 2158 671 con-

1256 685 1356 726 filium
1378 686 1495 727 dedistis
1519 691 1643 721 Domino
1655 689 1745 729 noslro
1760 692 1834 732 Regi
1845 712 1855 727 ,
1882 697 1915 721 ut
1928 686 2094 731 confiscaret
2106 689 2156 722 bo-

1263 748 1303 769 na
1327 738 1479 771 cellarum
1503 762 1514 777 ,
1549 750 1618 780 quae
1655 740 1764 772 Gallici
1787 739 1839 772 vel
1860 740 2060 772 Normandici
2075 740 2156 781 pff-

1261 787 1334 820 dent
1356 794 1390 820 in
1413 789 1539 832 Anglia‚
1564 790 1695 822 dicentes
1717 796 1743 822 ei
1762 796 1818 829 per·
1841 787 1904 821 baec
1917 790 2047 821 divitias
2067 800 2156 822 aecu-

1261 839 1422 872 mulandas
1444 845 1477 872 in
1490 851 1603 883 magna
1621 845 1705 882 copia
1716 865 1723 871 .
1754 840 1907 874 Affirmat
1920 839 2049 883 Regem
2062 838 2156 872 exin-

1261 888 1302 922 de
1329 888 1494 924 devenisse
1515 890 1550 924 in
1572 890 1757 933 pauperiem
1778 916 1785 923 .
1815 890 2037 924 Ecclefiastica
2060 889 2154 925 enim

1261 938 1348 973 bona
1362 964 1371 979 ‚
1398 939 1478 974 dum
1490 939 1690 975 invaduntur
1701 941 1718 975 a
1731 941 1880 984 Regibus
1894 964 1904 979 ‚
1930 939 2074 983 ipsorum
2086 941 2154 973 sac-

1259 1001 1334 1023 cum
1347 990 1472 1024 faciunt
1483 992 1545 1025 effe
1556 992 1720 1034 pertusum
1733 1016 1739 1022 .
1769 991 1810 1024 Et
1822 991 1862 1024 de
1875 991 2014 1024 Hervaeo
2029 1014 2039 1030 ,
2060 1001 2155 1033 quar-

1259 1049 1295 1073 to
1314 1038 1445 1075 decimo
1464 1040 1596 1076 Abbate
1621 1066 1632 1081 ‚
1669 1041 1780 1076 scribit
1803 1040 1933 1084 majoris
1952 1040 2152 1074 Monasterii

1259 1089 1457 1125 Chronicon
1472 1105 1482 1125 .·
1509 1096 1546 1124 In
1568 1091 1656 1132 buJ'us
1679 1100 1808 1134 tempore
1823 1090 1990 1133 acquifitum
1999 1090 2038 1131 est
2061 1090 2152 1123 Lebo-

1257 1139 1347 1183 nense
1371 1141 1542 1174 Coenobium
1563 1152 1629 1173 cum
1652 1143 1735 1175 domo
1758 1141 1917 1176 &balleolo
1930 1166 1939 1181 ‚
1966 1143 2001 1175 ὢ·
2016 1140 2150 1173 omnibus

1258 1192 1327 1223 aliis
1347 1197 1538 1232 pertinentiis
1555 1189 1623 1233 suis
1641 1216 1648 1223 .
1690 1195 1750 1225 Pro
1790 1195 1931 1226 Prioratu
1952 1191 2000 1225 illo
2025 1191 2151 1224 multum

1252 1251 1407 1285 gravatus
1432 1243 1472 1283 est
1491 1248 1524 1275 in
1547 1241 1679 1284 expensis
1703 1247 1814 1285 viginti
1824 1243 1951 1275 millium
1960 1240 2148 1283 solidorum,

1258 1293 1291 1324 (9⁶
1307 1302 1338 1324 eo
1363 1294 1493 1334 amplius
1506 1316 1517 1332 ‚
1542 1298 1614 1334 quia
1636 1293 1787 1336 quidquid
1812 1293 1856 1324 ad
1874 1292 1959 1323 illum
1981 1292 2151 1325 Priotatum

1254 1342 1428 1382 pertinebat
1449 1367 1460 1383 ‚
1500 1343 1637 1381 dirffmo
1655 1347 1770 1386 pignori
1791 1342 1951 1386 obligatum
1970 1350 2037 1374 erat
2058 1366 2065 1373 .
2105 1341 2150 1377 Et

1257 1391 1298 1424 de
1324 1400 1442 1433 quarto
1464 1390 1594 1424 decimo
1617 1391 1658 1425 ad
1670 1392 1820 1425 Sanctum
1837 1390 2005 1425 Albanum
2018 1390 2150 1428 Abbate

1258 1439 1364 1475 Paulo
1389 1439 1500 1475 scribit
1523 1440 1665 1481 ejusdem
1688 1439 2050 1475 CoenobiiMonachus
2060 1440 2151 1477 Mat-

1257 1489 1358 1523 thaeus
1384 1490 1567 1524 Parifienfis
1590 1502 1597 1521 :
1625 1491 1709 1523 Cella
1731 1493 1768 1523 de
1791 1491 1928 1523 Binham
1948 1502 2012 1524 cum
2034 1498 2151 1533 terris,

1258 1541 1388 1571 Decimis
1402 1561 1412 1577 ,
1439 1541 1473 1573 <5
1485 1540 1621 1571 omnibus
1633 1548 1703 1573 tunc
1716 1545 1855 1581 temporis
1867 1541 1912 1572 ad
1921 1551 1987 1573 eam
1995 1545 2150 1581 pertinen·

1255 1594 1307 1621 tiis
1321 1613 1332 1629 ‚
1358 1588 1494 1630 Ecclestae
1505 1589 1608 1623 santii
1625 1589 1753 1629 Albani,
1780 1589 1926 1630 industria
1945 1589 2037 1630 hujus
2051 1591 2149 1624 Abba-

1255 1645 1294 1671 tis
1317 1663 1327 1678 ‚
1355 1638 1393 1678 est
1415 1639 1538 1672 collata.
1567 1639 1612 1672 Et
1634 1640 1676 1673 de
1700 1641 1852 1681 proximo
1874 1640 2062 1674 Successore
2089 1638 2148 1674 Ri-

1255 1687 1380 1722 chardo
1393 1701 1403 1720 .·
1432 1692 1612 1722 Procurante
1634 1688 1779 1722 Richardi
1800 1690 1948 1731 industria
1969 1715 1979 1728 ‚
2006 1690 2082 1722 data
2108 1690 2147 1729 est

1254 1736 1321 1771 huic
1343 1738 1479 1779 Ecclefiae
1501 1738 1628 1780 Ecclefia
1642 1740 1759 1773 Sanc‘lae
1770 1744 1878 1773 Mariae
1891 1741 1928 1772 de
1940 1740 2147 1779 Wymundam

1254 1792 1287 1819 in
1308 1787 1425 1820 cellam
1451 1811 1462 1828 ,
1498 1799 1563 1822 cum
1588 1789 1721 1822 omnibus
1749 1791 1793 1822 ad
1812 1801 1879 1822 eam
1899 1789 2121 1830 pertinentibus
2135 1814 2146 1822 .
2204 1822 2219 1833 s

1258 1838 1299 1871 Et
1321 1836 1362 1871 de
1392 1838 1545 1881 proximo
1557 1839 1743 1873 Successore
1755 1839 1924 1873 Gaufredo
1936 1852 1947 1871 .-
1974 1837 2148 1880 Gaufiedus

1254 1885 1415 1925 construxit
1439 1889 1558 1921 Cellam
1582 1889 1913 1929 Sanffimonialium,
1939 1889 2147 1923 &consuisset

1254 1935 1400 1979 quasdam
1416 1939 1586 1981 possessiones
1607 1942 1641 1973 i&
1663 1940 1801 1977 reditus,
1826 1938 1933 1980 quibus
1954 1944 2057 1972 vitam
2085 1951 2142 1974 va·

1252 1988 1345 2021 lerent
1363 1987 1511 2027 honestam
1533 2012 1543 2027 ,
1569 1988 1624 2030 etfi
1640 1991 1748 2022 exilem
1769 2011 1780 2027 ‚
1800 1987 1983 2031 sustentare.
2012 1988 2055 2022 Et
2079 2000 2143 2023 ter-

1254 2049 1302 2071 ras
1323 2049 1360 2071 ac
1385 2040 1521 2081 pascua,
1547 2039 1587 2072 ad
1610 2039 1719 2072 Sand’ti
1741 2037 1869 2073 Cosmae
1893 2037 2019 2073 Cellam
2034 2039 2142 2083 longo

1255 2088 1499 2131 praescriptionis
1522 2089 1620 2122 titulo
1642 2089 1859 2131 pertinentia,
1888 2088 1999 2123 laudat
2024 2089 2058 2122 ὅτ.
2083 2089 2144 2123 im-

1255 2138 1394 2180 pugnari
1421 2139 1566 2180 queritur
1594 2139 1627 2171 in
1654 2138 1768 2172 litteris
1788 2138 1829 2172 ad
1852 2138 2057 2173 Gaufredum
2078 2151 2145 2173 ma-

1251 2185 1328 2228 joris
1352 2186 1547 2220 Monasterii
1574 2185 1738 2221 Abbatem
1761 2188 1876 2221 Petrus
1889 2188 2062 2223 Blesenfis.
2091 2188 2144 2223 ln·
2158 2199 2215 2237 Epg
2238 2209 2303 2235 117.

1254 2248 1388 2271 numera
1417 2237 1490 2270 sunt
1513 2236 1698 2279 hujusmodi
1725 2237 1934 2272 testimonia.

1304 2287 1346 2320 Et
1370 2283 1449 2318 hinc
1472 2286 1584 2319 Abbas
1607 2288 1764 2330 nequibat
1776 2289 1915 2331 spoliare
1927 2287 2058 2329 Cellas,
2084 2298 2143 2324 aut

1252 2336 1390 2379 ipsarum
1414 2346 1591 2377 proventus
1615 2337 1649 2369 in
1676 2337 1764 2368 suam
1789 2338 1934 2371 mensam
1952 2347 2008 2371 aut
2034 2337 2147 2374 Abba-

1251 2387 1360 2420 tialem
1387 2385 1602 2419 Conventum
1629 2385 1854 2420 transcribere.
1883 2387 2017 2422 Etenim
2029 2387 2072 2424 de
2094 2389 2149 2424 de-

1249 2437 1337 2470 cimo
1358 2447 1449 2469 nono
1471 2434 1604 2469 Abbate
1626 2435 1776 2471 Roberto
1800 2436 1911 2471 scribit
1921 2437 2054 2481 majoris
2067 2439 2146 2474 Mo-

1252 2487 1379 2520 nasterii
1407 2484 1626 2519 Chronicon:
1655 2486 1801 2520 Robertus
1817 2487 1895 2529 fecit
1904 2486 1972 2528 fieri
1983 2490 2143 2531 Capellam

1249 2539 1285 2570 de
1308 2540 1463 2574 Mentenay
1486 2562 1493 2568 .
1538 2539 1583 2568 Et
1606 2538 1645 2568 de
1665 2536 1776 2579 assensu
1804 2537 1942 2579 Capituli
1968 2541 2142 2580 generalis,

1249 2589 1379 2620 durante
1393 2592 1462 2618 vita
1472 2585 1560 2626 ipfius
1573 2611 1582 2626 ‚
1609 2591 1641 2617 in
1651 2586 1911 2628 compensationem
1936 2593 2024 2628 coepit
2036 2591 2143 2621 Mane-

1246 2643 1323 2669 rium
1335 2635 1438 2669 Sanc‘li
1452 2639 1600 2678 Remigii,
1628 2635 1705 2668 ditPo
1730 2638 1882 2669 Prioratui
1903 2637 1940 2669 de
1966 2640 2140 2679 Mentenaya

1244 2692 1419 2729 pertinens.
1452 2689 1499 2719 Et
1517 2685 1571 2718 hac
1594 2686 1630 2718 de
1653 2683 1743 2727 causa
1761 2685 1811 2728 sui
1832 2686 2002 2729 successores
2019 2686 2143 2730 semper

1247 2739 1284 2771 de
1301 2736 1364 2779 post
1386 2746 1489 2770 contra
1512 2741 1659 2770 rationem
1679 2736 1757 2769 illud
1768 2737 1974 2774 detinuerant,
2005 2737 2142 2783 Nempe

1249 2800 1307 2822 nec
1323 2787 1414 2822 istius
1424 2786 1568 2821 Manerii
1581 2787 1722 2827 fruetus,
1750 2785 1848 2819 etiam
1860 2799 1900 2820 ex
1912 2797 2004 2822 tanta
2015 2791 2112 2825 cauta
2124 2814 2138 2830 ‚

1247 2838 1399 2882 potuisset
1424 2838 1492 2872 sine
1513 2836 1674 2881 generalis
1693 2836 1840 2879 Capituli
1860 2838 2055 2873 austoritate
2072 2838 2138 2875 sibi

1245 2888 1413 2922 adsumere
1426 2913 1433 2920 .
1463 2885 1567 2922 Unde
1577 2887 1610 2920 &
1621 2887 1820 2921 Succeffores
1834 2888 1938 2931 ipsum
1951 2899 2018 2922 non
2032 2891 2138 2932 peffe-

1244 2937 1322 2972 diffe
1359 2937 1540 2978 dicuntur,
1567 2936 1619 2970 fied
1654 2935 1843 2971 detinuisse.
1871 2938 2018 2984 Qdam
2047 2940 2137 2975 olim

1242 2988 1481 3032 Hispaniarum
1510 2987 1666 3030 Episcopi
1693 2988 1820 3021 suarum
1848 2987 2043 3032 Pagenfium
2075 2990 2139 3025 Ec-

1244 3040 1408 3074 cleliarum
1427 3038 1554 3072 invasas
1587 3038 1790 3080 pofleffiones
1813 3038 2044 3082 adscripserant
2070 3041 2137 3074 suae

1245 3092 1383 3129 mensae,
1407 3097 1463 3123 aut
1490 3084 1680 3121 Cathedrali
1707 3088 1876 3122 Ecclefiae:
1904 3089 1973 3123 Eos
1985 3091 2136 3132 compes-

1243 3139 1312 3174 cuit
1346 3141 1380 3174 &
1401 3139 1443 3174 ad
1465 3137 1705 3172 restitutionem
1729 3139 1891 3183 compulit
1912 3150 2000 3173 nona
2027 3138 2136 3173 Tole-

1243 3201 1320 3225 tana
1341 3186 1494 3233 Synodus
1522 3213 1528 3220 .
1572 3189 1616 3222 Et
1650 3188 1819 3223 adversum
1842 3189 1990 3222 morosos
2010 3198 2057 3221 ex
2079 3189 2136 3223 tri·

1243 3241 1397 3275 cennaria
1424 3238 1615 3283 poffeffione
1653 3239 1902 3283 praescriptionis
1932 3238 2131 3282 allegatores

1242 3289 1346 3326 edixit
1361 3290 1436 3325 Rex
1448 3287 1609 3323 Wamba:
1636 3291 1840 3333 Cupiditatem
1851 3293 1992 3322 tricennio
1994 3288 2111 3330 fovent
2120 3312 2135 3330 ,

1242 3343 1277 3376 6·
1296 3345 1479 3383 rapacitatis
1494 3338 1597 3379 studia
1620 3349 1785 3383 temporum
1795 3338 2074 3382 praescriptionibus
2084 3351 2136 3373 cu-

1246 3393 1384 3430 mulant,
1410 3392 1504 3432 &qui
1515 3390 1670 3434 admissum
1680 3391 1806 3433 facinus
1820 3389 1865 3421 ad
1881 3399 2063 3422 momentum
2083 3391 2136 3423 de-

1244 3444 1304 3478 lere
1314 3440 1480 3476 debuerant
1493 3465 1505 3484 ‚
1530 3439 1643 3485 annosa
1653 3442 1690 3475 id
1697 3438 1868 3484 oppofitione
1875 3438 2005 3484 solidare
2016 3448 2138 3484 conten-3

1984 3491 2064 3524 durat
2076 3515 2085 3523 .
