2366 3756
47 786 121 823 (ξαρ.
136 789 168 816 8.

886 127 1375 175 Dierna-us.

225 208 262 246 lit
272 208 475 254 Episcopus,
499 217 595 254 atque
606 208 650 244 ita
664 208 790 254 quievit
811 208 880 253 ejus
902 208 1096 252 appellatio.

223 260 371 296 Secunda
396 259 567 296 damnatio
590 260 670 294 faeta
694 260 760 293 fuit
780 258 1073 301 Constantinopoli
1088 283 1098 299 ‚

224 310 291 357 ipse
301 306 509 353 Theophilus
519 320 586 344 non
601 309 770 349 interfuit,
795 307 884 342 aede
905 308 966 341 illo
987 308 1098 342 scribit

224 360 258 394 in
281 358 412 394 laudato
423 360 573 404 Dialogo
592 357 757 393 Palladius
776 357 1096 401 Helenopolitanus:

223 408 398 452 Theophilus
411 415 514 444 venire
523 411 616 444 noluit
629 433 640 450 ,
649 406 722 450 mist't
733 419 832 445 autem
840 416 901 442 tres
914 406 1075 452 Epts'copos
1088 432 1100 448 ,

223 461 328 493 &una
340 464 478 494 Canones
489 458 649 503 quosdam,
669 458 708 491 ab
719 462 838 491 Arianis
860 467 963 492 contra
983 457 1098 501 Beatifi

217 508 323 553 finctum
340 508 530 551 Athanasium
542 509 644 552 fat‘los
668 533 680 550 ‚
716 508 822 551 quibus
847 517 964 542 utentes
978 510 1008 551 J
1012 513 1100 541 oanni

222 561 387 595 calumnias
401 558 565 600 struerent,
591 559 670 602 quod
672 557 734 600 post
758 556 956 600 depofitionem
970 557 1100 602 suamfi-

223 621 261 643 ne
284 607 455 652 Episcopalt‘
476 613 598 646 Dect-eto
627 609 723 642 redire
743 606 833 650 ausus
863 609 928 651 esset
948 634 955 641 .
997 609 1099 641 Erant

222 657 433 693 Antiocheni
459 659 613 694 Canones
632 682 644 699 ,
668 657 709 691 de
730 656 846 701 quibus
867 658 970 702 pergit
995 657 1099 692 Palla-

220 707 314 743 dius:
342 711 483 745 Leontius
502 714 619 752 Ancyrae
638 709 771 743 Galatiae
809 706 974 751 Episcopus
994 733 1005 749 ,
1033 711 1100 740 Am·

220 763 316 793 monio
341 761 507 795 Laodicaeae
529 758 641 799 adustae
662 757 821 799 adjunt‘lus
835 782 846 798 ,
872 757 1007 798 adustam
1021 757 1100 799 fece·

222 818 293 842 runt
316 808 491 850 Ecclesiam,
517 820 574 842 non
600 808 683 841 modo
702 808 776 842 vicli
794 811 965 850 Principum
986 813 1076 840 minis
1089 831 1100 846 ,

220 856 279 904 sed
285 861 388 893 contra
394 857 449 900 spe
460 856 736 900 munerumseduc‘li
744 859 901 902 Regalium
912 882 922 898 ,
949 863 982 889 in
993 856 1102 890 sanda

224 909 329 951 Synodo
339 905 550 950 iniqut'ffimam
562 910 621 941 una
633 919 697 941 cum
713 904 814 941 Acacie
824 910 857 942 (π
870 906 1009 941 Antiocho
1031 905 1102 938 tule-

223 959 295 993 runt
324 955 506 1000 sententiam
525 981 535 998 ‚
573 956 701 992 obtinere
721 956 888 1000 sancientes
915 954 1102 998 indiscretum

223 1006 377 1050 Theophili
380 1008 545 1048 judicium,
575 1016 608 1039 ut
618 1004 855 1050 locus‘p'urgandi
865 1004 897 1048 se
902 1009 934 1050 J
937 1012 1028 1038 oanni
1041 1006 1103 1038 nul-

223 1057 272 1091 lus
285 1061 400 1090 omnino
411 1059 552 1097 daretur,
579 1062 678 1100 vigore
685 1054 795 1098 scilicet
805 1060 961 1089 Canonum
983 1066 1082 1089 eorum
1094 1080 1104 1096 ,

223 1119 295 1151 quos
306 1106 481 1155 Theophilus
494 1105 634 1149 miserat,
661 1107 681 1138 ἃ
693 1107 897 1150 quadraginta
918 1105 1104 1147 complicibus

224 1162 288 1190 Arii
298 1159 392 1190 editos
405 1182 415 1197 ‚
442 1166 532 1200 atque
544 1163 588 1190 ita
598 1162 794 1190 continentes:
822 1156 855 1190 Si
878 1155 951 1198 quis
975 1154 1106 1197 Episco-

222 1218 283 1251 pus
294 1218 350 1244 aut
370 1206 564 1250 Presbyter,
592 1205 710 1248 injuste
733 1206 794 1239 five
817 1204 900 1248 juste
922 1204 1104 1248 depofitus,

222 1268 263 1290 ex
277 1257 509 1299 seipsoabsque
532 1255 672 1296 synodo
696 1255 730 1288 in
753 1254 929 1289 Ecclesiam
948 1254 1079 1289 redierit
1093 1276 1104 1293 ,

223 1306 306 1340 hic
297 1317 363 1350 jam
390 1301 612 1340 excusationis
638 1316 704 1339 non
727 1304 845 1339 habeat
869 1305 981 1339 locum
1002 1329 1012 1345 ,
1051 1305 1121 1344 sed

222 1355 365 1390 omnino
383 1356 594 1418 expellatur.
631 1358 676 1387 Et
696 1354 751 1395 ista
771 1356 890 1398 quidem
910 1355 1049 1398 Regula,
1073 1363 1107 1385 ut

223 1416 348 1448 nequam
367 1407 402 1439 (9·
422 1419 441 1438 a
462 1404 641 1448 nequissimis
657 1408 761 1444 edita,
790 1411 822 1437 in
843 1404 1012 1448 sardicenfi
1030 1408 1118 1436 Con-

223 1457 287 1490 cilio
301 1458 320 1487 ἃ
333 1459 475 1488 Romanis
487 1480 497 1495 ‚
525 1457 560 1489 <5
572 1457 658 1488 Italis
672 1481 682 1498 ‚
708 1454 882 1498 Illyricisque
892 1480 902 1495 ,
929 1456 963 1488 (o'
976 1455 1106 1487 Macedo·

222 1505 334 1545 nibus,
361 1506 395 1539 cb·
418 1508 533 1538 Graect's
557 1506 711 1538 eliminata
730 1504 768 1545 est
782 1528 793 1544 ,
821 1505 939 1547 quando
966 1502 1106 1536 Liberius

221 1559 312 1600 aut]
315 1556 392 1588 ultus
399 1553 456 1598 sub
468 1554 636 1595 constantis
645 1559 773 1597 Imperio
782 1552 970 1594 Athanafium
983 1555 1017 1586 θ
1030 1555 1121 1583 Mare

222 1605 324 1637 cellum
336 1606 478 1637 Galatam
512 1603 629 1645 admlfit
652 1607 696 1637 ad
710 1606 959 1640 communionem,
984 1612 1120 1644 quorum

217 1658 322 1698 gratia
359 1658 451 1686 etiam
487 1657 594 1685 Canon
629 1651 678 1692 ifle
695 1652 801 1692 fuerat
827 1652 927 1683 editus
954 1675 959 1682 .
999 1649 1107 1709 Qod

223 1703 331 1750 ipsum
351 1702 394 1736 de
416 1701 479 1736 isto
498 1700 718 1736 Antiocheno
745 1700 885 1735 Canone
896 1700 1046 1739 censuit,
1073 1700 1107 1733 &

222 1752 372 1797 pluribus
395 1751 436 1785 ad
457 1750 866 1794 Constantinopolitanum
905 1748 1038 1783 Clerum
1068 1759 1105 1782 ac

222 1802 386 1847 populum
413 1800 534 1848 scripsit
560 1801 594 1836 in
622 1800 683 1837 hac
708 1801 803 1837 causa
829 1799 986 1835 Pontifex
1007 1798 1107 1833 Inno—

224 1853 355 1886 centius
367 1877 374 1884 .

273 1902 394 1947 Magni
405 1900 574 1937 Athanasii
588 1903 742 1946 &ejusin
764 1901 976 1937 damnatione
998 1899 1108 1933 Colle-

222 1962 339 1997 garum
364 1953 481 1988 fastam
502 1952 519 1985 ὲ
547 1953 634 1996 Julio
671 1953 836 1987 Pontifice
870 1950 1105 1995 reparationem

222 2001 430 2036 exsufflatum
444 2024 454 2041 ‚
481 2011 536 2036 aut
549 2003 660 2037 saltem
681 2012 844 2036 moratura
867 2003 901 2035 in
927 1998 1109 2034 Antioche-

222 2048 270 2086 no
290 2052 527 2087 Encoeniorum
550 2052 727 2086 Conventu
753 2050 937 2086 Eusebiana
964 2051 1110 2083 Ariano-

222 2113 296 2136 rum
310 2103 409 2137 fastio
422 2127 432 2142 ,
458 2101 582 2135 Divina
607 2102 806 2144 Apostolicae
823 2100 915 2133 Sedis
937 2097 1107 2140 privilegia

223 2150 341 2185 directe
362 2163 431 2184 non
455 2150 648 2193 praesumpfit
673 2159 826 2192 tangere:
855 2148 1001 2180 Noverat
1015 2157 1109 2179 mon·

223 2209 293 2233 tem
305 2200 423 2239 istum,
450 2200 473 2233 fi
487 2208 695 2243 tangeretur,
709 2198 945 2242 fumigaturum
959 2221 966 2228 .
994 2195 1109 2229 Sanxit

224 2248 467 2294 degradatum&
480 2249 593 2292 quavis
604 2248 741 2291 Synodo
756 2248 953 2291 Episcopum
967 2258 1035 2280 non
1052 2246 1108 2279 nisi

224 2298 243 2332 ἢ
255 2297 369 2340 majori
382 2296 520 2341 synodo
532 2297 668 2341 reparari
680 2298 769 2342 posse
783 2322 794 2337 ,
821 2297 854 2330 ὃς
865 2307 1000 2330 ornnem
1017 2295 1110 2330 aliter

224 2347 266 2382 ad
279 2347 453 2382 Ecclesiam
478 2349 568 2381 suam
596 2347 631 2380 δε
655 2346 854 2381 Cathedram
874 2345 978 2380 redire
998 2346 1110 2379 ausum

224 2397 375 2432 excidere
412 2398 505 2432 omni
538 2397 748 2440 reparationis
773 2398 826 2440 spe
845 2421 856 2437 ‚
895 2407 932 2430 ac
957 2395 1111 2438 deinceps

228 2458 290 2481 nec
315 2447 536 2483 audiendum.
563 2447 611 2480 lta
642 2447 811 2481 Romanas
832 2446 1111 2489 appellationes&

226 2495 445 2541 reparationes
462 2498 572 2532 conati
597 2498 671 2532 sunt
694 2509 749 2542 per
766 2497 899 2530 dolosos
914 2506 1014 2540 gyros
1026 2506 1112 2528 ever·

226 2555 295 2580 tere
317 2559 324 2578 :
353 2546 542 2581 Antiochiae
556 2555 725 2583 tentarunt
750 2546 947 2580 clancularie
968 2556 1005 2578 ac
1028 2545 1111 2578 indi-

227 2597 330 2634 refie,
357 2597 446 2640 quod
469 2596 608 2630 revelata
630 2595 839 2637 postmodum
861 2595 945 2629 facie
970 2592 1101 2638 com‘ple

228 2657 343 2680 verunt
364 2647 398 2680 in
421 2646 599 2680 Conventu
623 2644 934 2690 Philippopolitano
958 2671 964 2677 .
1005 2643 1111 2679 Porro

230 2695 352 2730 inflicta
375 2697 493 2731 Sansto
518 2696 635 2738 Joanni
660 2696 747 2740 apud
759 2697 928 2742 Qflercum
940 2693 1110 2729 damnatio

229 2757 300 2780 non
320 2757 375 2787 per
398 2746 555 2788 majorem
574 2745 744 2789 Synodum
759 2771 770 2786 ,
797 2747 850 2780 sed
873 2747 1044 2779 dumtaxat
1058 2757 1111 2788 per

231 2795 597 2837 Constantinopolitani
618 2797 731 2840 populi
754 2796 932 2838 tumultum
942 2796 1109 2830 exsufflata

230 2846 359 2885 fuerat,
386 2844 549 2879 acitaille
571 2855 740 2880 revocatus
761 2858 797 2879 ac
820 2847 976 2889 repositus
999 2847 1032 2879 in
1060 2847 1109 2879 Se-

230 2895 324 2930 dem.
354 2895 448 2928 Hine
470 2905 653 2929 memorato
675 2897 863 2930 Eusebianae
883 2896 1035 2930 factionis
1046 2897 1110 2930 Ca-

230 2956 323 2979 none
344 2945 449 2988 ipsum
474 2945 614 2991 aggressa
635 2945 680 2978 est
707 2945 896 2991 Theophili
924 2947 1021 2980 factio
1041 2969 1051 2985 ‚
1075 2945 1109 2979 &

230 3003 311 3031 tunc
333 2994 444 3028 denuo
458 2995 601 3038 Ioannes
621 2995 793 3038 appellavit
805 3022 812 3029 .
839 2995 992 3030 Omnino
1005 2997 1109 3030 fateor

230 3056 301 3079 non
314 3043 354 3076 ad
367 3043 594 3085 Apostolicam
607 3043 743 3085 sedem,
769 3047 821 3080 sed
832 3046 872 3080 ad
886 3045 1039 3089 majorem
1052 3048 1107 3089 Sy-

230 3094 359 3129 nodum
370 3094 576 3136 provocasse.
603 3094 817 3129 Cedendum
811 3097 923 3139 iniquo
945 3097 1109 3139 tempori,

229 3145 264 3178 δε
291 3143 443 3177 adductos
470 3142 625 3178 Canones
651 3154 717 3177 non
742 3144 807 3187 jam
845 3146 1109 3204 impugnandos,

229 3193 283 3228 sed
308 3193 538 3237 dispensatorie
561 3192 782 3229 admittendos
806 3195 923 3237 duxit,
949 3198 982 3231 ὅ(
1003 3207 1044 3230 ex
1066 3197 1110 3240 ip-

229 3244 338 3278 sorum
364 3243 551 3286 Praescripto
572 3243 727 3286 majorem
749 3246 922 3288 Synodum
958 3248 1111 3281 invocan-

231 3293 323 3328 dam.
352 3293 477 3327 Verum
489 3292 573 3336 apud
585 3292 682 3327 hosce
704 3295 858 3329 Canones
879 3298 942 3331 sera
966 3308 1033 3332 erat
1051 3296 1108 3331 ista

232 3343 416 3381 invocatio.
447 3342 595 3377 Admiffa
618 3343 776 3384 nonfuit,
803 3346 1108 3391 necauditusJoan-

232 3403 311 3434 nats,
338 3395 387 3427 sed
404 3403 570 3437 tamquam
582 3393 729 3427 turbidus
742 3394 961 3431 Antiochense
983 3398 1107 3440 Synodi

332 3443 524 3486 christ.Lup1‘
539 3447 743 3486 Opcr.T0m.V.

1116 1337 1121 1426 l

1117 1576 1122 1620 ι

1117 1638 1124 1698 l

1878 137 1969 181 26‘9

1160 210 1379 254 praevaricator
1389 208 1553 252 conjestus
1573 208 1609 244 ln
1629 209 1737 244 navim
1750 234 1761 251 ,
1786 209 1819 244 ὃς
1841 208 1874 242 in
1896 209 2034 244 exilium

1159 259 1342 303 deportatus
1351 286 1358 293 .
1387 261 1431 295 Et
1442 271 1521 295 tunc
1531 260 1672 304 primum
1683 259 1857 304 appellavit
1870 260 2034 294 innocen-

1160 308 1242 344 tium
1255 309 1452 344 Pontificem
1464 335 1474 349 ,
1502 322 1539 344 ac
1552 322 1619 345 non
1634 322 1688 354 per
1698 310 1868 353 Synodum
1880 333 1891 350 ,
1917 309 1969 344 sed
1980 320 2036 353 per

1161 359 1261 402 ipsum
1275 359 1465 404 supplicavit
1478 383 1489 399 ‚
1517 359 1631 402 injecta
1644 360 1698 394 fibi
1712 372 1767 404 per
1779 359 1950 394 factionem
1970 359 2038 393 vin-

1160 409 1232 443 cula
1246 410 1353 450 solvi,
1379 420 1416 443 ac
1426 409 1539 452 reponi
1553 410 1587 442 in
1609 410 1861 453 Episcopatum.

1209 459 1292 506 Qae
1304 460 1416 494 omnia
1428 458 1526 493 tradit
1536 459 1634 492 etiam
1648 459 1800 494 Hermias
1811 462 2037 494 Zozomenus:
2063 455 2124 488 Lib,
2144 459 2170 486 8-
2189 463 2215 485 c·

1162 510 1251 542 Porro
1281 513 1313 554 J
1315 521 1426 542 oannes
1459 508 1739 551 Constantinopolim
1770 509 1907 553 reversus
1942 515 2039 554 magis
2066 510 2109 535 ¹9·

1160 563 1307 591 eiamnum
1324 560 1429 601 populo
1443 568 1552 602 gratus
1564 564 1723 601 apparuit.
1750 562 1795 590 Et
1808 569 1870 591 cum
1889 570 1918 591 eo
1933 568 2043 601 tempo-

1162 619 1193 641 re
1204 607 1482 650 Constantinopolim
1497 610 1689 652 convenissent
1701 613 1812 642 circiter
1821 607 1986 652 sexaginta
1997 612 2043 641 E-

1158 655 1269 700 piscopi
1278 682 1290 699 ,
1315 659 1462 691 decretum
1468 666 1523 700 per
1530 670 1575 692 eos
1587 658 1624 698 est
1636 683 1647 699 ‚
1675 667 1707 692 ut
1718 659 1852 692 &irrita
1863 657 2042 692 haberentur

1162 719 1197 740 ca
1220 719 1289 750 quae
1309 709 1354 740 ad
1361 709 1510 753 ‚Ques-cum
1531 707 1789 750 babitafuerant‚
1817 710 1892 742 &ut
1898 713 1930 753 J
1932 719 2043 742 oannes

1163 758 1370 801 Episcopatum
1381 764 1539 792 retineret.
1566 762 1671 800 ltaque
1683 759 1733 791 ille
1746 766 1779 790 in
1802 759 1887 799 officio
1906 759 2045 791 Sacerdo-

1163 809 1216 840 tali
1223 806 1459 851 perseveravit,
1484 809 1517 841 6·
1536 809 1707 841 Sacerdotes
1731 809 1909 846 ordinavit,
1935 818 1968 839 ac
1990 819 2044 840 cae·

1164 866 1248 898 tera,
1274 865 1349 891 utin
1361 857 1494 900 Ecclefiis
1523 856 1672 897 Anti-litte:
1696 865 1827 899 oportet,
1855 856 2044 896 administra-

1165 912 1228 939 vit.
1253 907 1348 942 Facta
1361 907 1426 942 haec
1438 909 1515 942 sunt
1534 909 1640 942 statim
1668 907 1737 951 post
1762 907 1898 951 primam
1914 906 2047 940 damna-

1165 957 1291 991 tionem
1316 983 1323 989 .
1365 958 1479 992 Latius
1500 970 1537 992 ac
1560 957 1699 992 lucidius
1718 956 1857 1000 exponit
1879 959 2024 990 Socrates
2038 970 2065 987 .-

1167 1006 1315 1048 Exponit
1326 1008 1438 1050 populi
1454 1020 1511 1050 pro
1524 1009 1650 1051 Ioanne
1661 1007 1840 1042 tumultum
1852 1031 1862 1046 ,
1873 1018 1911 1041 ac
1923 1006 2049 1050 pergite

1166 1058 1358 1098 ,Quapropter
1362 1060 1395 1100 J
1396 1069 1504 1090 oannes
1517 1057 1680 1100 necessitate
1691 1058 1837 1091 adduc‘lus
1850 1063 1883 1090 in
1893 1056 1994 1089 urbem
2006 1065 2051 1088 re-

1167 1112 1314 1139 vertitur.
1342 1108 1503 1139 Multitudo
1512 1109 1615 1148 prodit
1627 1109 1673 1140 illi
1681 1108 1824 1148 obviam,
1848 1118 1913 1140 cum
1930 1105 2051 1148 summa

1166 1162 1336 1189 reverentia
1344 1157 1388 1189 ad
1396 1156 1552 1197 Ecclsfiam
1564 1156 1642 1189 rec'la
1656 1158 1774 1188 deducit
1787 1181 1797 1196 ‚
1824 1165 1888 1188 orat
1904 1165 1938 1188 ut
1949 1154 2053 1198 sedem

1169 1209 1198 1238 E
1197 1204 1372 1248 pist-opalem
1382 1206 1511 1249 capessat
1523 1231 1534 1246 ‚
1556 1217 1692 1248 moreque
1701 1204 1832 1248 consueto
1840 1213 1945 1246 pacem
1963 1212 2056 1246 popu·
2069 1224 2071 1227 -

1167 1257 1193 1289 lo
1200 1265 1353 1298 precetur.
1379 1259 1457 1289 Cum
1469 1257 1518 1289 ille
1541 1254 1711 1297 recusaret,
1737 1257 1901 1297 diceretque
1924 1253 1975 1288 boc
1999 1265 2056 1286 non

1168 1316 1240 1339 ante
1242 1305 1419 1348 faciendum
1435 1306 1485 1348 effe
1506 1330 1516 1346 ,
1542 1308 1634 1348 quam
1647 1315 1711 1338 tum
1719 1304 1807 1347 causa
1817 1307 1880 1345 ejus
1887 1306 2001 1345 judicio
2013 1301 2059 1346 ‘es-
2081 1312 2141 1343 [ὼ.
2158 1318 2189 1346 6,
2212 1324 2239 1344 ς,

1164 1354 1211 1399 set
1221 1354 1384 1398 disceptata
1395 1379 1406 1395 ,
1432 1364 1496 1388 tum
1507 1355 1539 1387 bi
1553 1354 1607 1396 ipfi
1618 1361 1671 1397 qui
1681 1354 1776 1398 ipsum
1787 1355 2059 1387 condemnaverant
2086 1364 2128 1388 14·

1169 1416 1285 1440 mutata
1292 1404 1443 1449 sententia
1455 1403 1642 1448 absolverent
1660 1427 1670 1443 ,
1699 1410 1794 1448 magis
1806 1405 1923 1436 incendi
1948 1409 2055 1445 capit.
2072 1423 2075 1427 Δ

1169 1460 1270 1489 Tanta
1280 1461 1358 1488 enim
1367 1456 1516 1499 cupiditas
1531 1466 1596 1487 eum
1608 1456 1641 1487 Θ
1652 1461 1684 1486 in
1695 1453 1764 1496 sede
1775 1455 1940 1487 collocatum
1953 1455 2074 1487 viden-1

1171 1507 1203 1537 di
1217 1529 1226 1543 ,
1253 1507 1288 1537 ὑ·
1303 1506 1339 1536 de
1353 1510 1465 1546 integro
1475 1509 1690 1535 concionantem
1718 1505 1883 1542 audiendi,
1913 1504 1995 1535 illam
2015 1509 2061 1535 tn-

1170 1553 1304 1594 cefferat.
1332 1556 1437 1593 Itaque
1454 1553 1558 1593 populi
1575 1550 1702 1594 impulsio
1724 1563 1772 1584 res
1790 1550 1827 1592 fic
1847 1552 1979 1593 confella
2002 1552 2040 1594 est
2053 1576 2060 1582 .

1171 1607 1248 1635 Cum
1252 1605 1285 1646 J
1287 1612 1397 1635 oannes
1408 1601 1473 1644 esset
1483 1607 1514 1633 in
1523 1600 1596 1644 sede
1611 1605 1639 1633 E
1639 1600 1759 1643 piscopa
1766 1604 1787 1635 lt
1808 1603 1918 1634 locatus
1934 1626 1944 1641 ,
1980 1603 2014 1634 (Ὗ
2026 1603 2064 1634 de

1170 1664 1248 1685 more
1252 1661 1358 1693 pacem
1368 1652 1476 1698 populo
1485 1659 1628 1693 precatus
1636 1652 1740 1694 futffit
1752 1677 1761 1691 ‚
1788 1653 1902 1684 coac‘lus
1916 1649 2077 1693 necessita-2

1171 1713 1201 1735 te
1210 1707 1303 1735 etiam
1313 1706 1496 1734 concionatus
1507 1699 1545 1740 est
1557 1726 1564 1734 .
1592 1703 1674 1744 ,ραι
1698 1713 1749 1735 res
1774 1699 1961 1744 adversariis
1987 1703 2060 1734 alte·
2074 1728 2077 1733 .

1171 1758 1235 1784 rius
1264 1757 1477 1784 criminationis
1504 1758 1662 1784 materiam
1667 1750 1877 1794 suppeditavit
1891 1777 1897 1783 .
1925 1751 2061 1794 Joannis
2075 1770 2078 1775 ι

1172 1801 1325 1836 adversus
1341 1802 1500 1835 Eudoxiae
1511 1803 1648 1836 statuam
1662 1803 1741 1835 Acta
1755 1802 1911 1845 exponit,
1940 1812 1977 1834 ac
1992 1812 2078 1844 pto-2

1172 1853 1315 1895 sequitur
1326 1852 1366 1885 de
1381 1862 1556 1886 memorata
1573 1863 1665 1886 novae
1694 1851 1935 1885 criminationis
1960 1860 2075 1885 mate->-

1171 1903 1214 1935 ria
1229 1915 1235 1933 ε
1266 1903 1359 1935 Paulo
1369 1901 1431 1942 post
1445 1901 1587 1945 Episcopi
1599 1904 1807 1936 adventarunt
1820 1927 1831 1943 ‚
1859 1906 1999 1934 Leontius
2014 1904 2061 1932 Ε-

1166 1949 1302 1994 piscopus
1316 1956 1437 1990 Ancyrae
1462 1963 1528 1993 quae
1554 1952 1634 1991 estin
1643 1961 1746 1992 parva
1774 1953 1918 1990 Galatia,
1947 1956 2082 1983 Ammo-v

1171 2007 1239 2035 nius
1253 2002 1419 2034 Laodicaeae
1431 2012 1499 2043 quae
1511 2001 1548 2040 esl
1561 2007 1593 2033 in
1608 2001 1728 2042 Pisidia,
1744 2000 1831 2044 Briso
1846 2001 1979 2042 Philippi
1992 2013 2060 2043 quae
2078 2012 2080 2019 ’

1172 2051 1211 2090 est
1222 2055 1254 2081 in
1265 2050 1396 2082 Thracia
1407 2074 1418 2089 ‚
1446 2055 1565 2083 Acacius
1580 2051 1736 2085 Berrbaeae
1747 2063 1814 2093 quae
1825 2051 1862 2091 est
1874 2056 1907 2083 in
1918 2053 1938 2084 5
1936 2056 1999 2091 yria
2009 2075 2018 2090 ‚
2029 2051 2064 2083 Θ

1172 2100 1226 2131 alii
1247 2099 1398 2130 nonnulli.
1427 2102 1537 2130 Coram
1557 2100 1619 2137 istis
1643 2100 1825 2141 accusatores
1839 2125 1850 2140 ‚
1879 2108 1931 2142 qui
1952 2102 2065 2134 dudum

1165 2152 1198 2193 J
1201 2158 1323 2180 oannem
1337 2152 1370 2179 in
1373 2146 1523 2186 judicium
1533 2157 1719 2180 vocaverant
1735 2171 1745 2187 ,
1772 2150 1810 2180 de
1824 2154 1936 2192 integro
1954 2152 2064 2190 produ-

1172 2207 1297 2231 cuntur.
1315 2200 1460 2242 Joannes
1486 2195 1599 2239 istorum
1623 2196 1838 2239 Episcoporum
1848 2199 2079 2241 aequitatefrc-=

1173 2257 1222 2281 tus
1241 2271 1251 2287 ‚
1273 2246 1402 2289 postulat
1410 2254 1443 2278 ut
1454 2247 1492 2278 de
1517 2247 1686 2279 criminibus
1709 2255 1884 2289 quaeratur.
1913 2252 1989 2281 Cum
1992 2250 2066 2289 jam

1173 2297 1302 2330 Natalis
1318 2297 1381 2329 dies
1408 2297 1580 2330 servatoris
1588 2297 1783 2330 celebraretur
1795 2323 1805 2338 ,
1832 2301 1995 2338 Imperator
2022 2300 2078 2332 ad·

1173 2346 1331 2388 Ecclesiam
1342 2371 1351 2385 ‚
1379 2355 1412 2379 ut
1420 2347 1536 2390 affola,
1562 2358 1619 2379 non
1630 2345 1741 2390 acceffit
1754 2372 1763 2386 ‚
1785 2347 1844 2391 sed
1846 2351 1877 2392 J
1880 2355 1968 2381 oanni
1976 2349 2065 2393 figni-

1171 2397 1280 2440 ficavit
1290 2421 1300 2436 ,
1322 2394 1356 2438 se
1372 2408 1429 2429 non
1437 2402 1523 2438 prius
1533 2407 1598 2430 cum
1609 2408 1641 2430 eo
1651 2404 1946 2439 communicaturum,
1973 2401 2064 2441 quam

1173 2451 1301 2481 crimina
1312 2451 1338 2479 ei
1360 2447 1448 2478 illata
1470 2448 1596 2490 diluisset
1609 2472 1616 2479 .
1645 2449 1778 2490 Cumque
1799 2448 1976 2491 accusatores
1994 2458 2079 2492 pro--

1174 2507 1220 2531 ter
1227 2501 1257 2542 J
1262 2501 1365 2529 oannis
1378 2496 1588 2538 confidentiam
1612 2502 1721 2531 antmi's
1743 2500 1849 2532 cadere
1866 2501 2039 2533 viderentur
2051 2523 2061 2539 ,

1175 2546 1313 2589 Episcopi
1324 2551 1374 2588 qui
1386 2547 1514 2579 aderant
1527 2559 1585 2580 non
1595 2549 1632 2581 de
1642 2549 1700 2582 alto
1721 2555 1840 2581 crimine
1863 2555 1959 2591 quaeri
1972 2575 1981 2589 ,
2003 2549 2063 2593 sed
2073 2571 2078 2574 <

1175 2597 1223 2630 boc
1233 2596 1328 2640 solum
1339 2597 1526 2637 injudicium
1539 2599 1647 2631 adduci
1671 2607 1798 2640 oportere
1824 2601 1987 2640 dixerunt,
2014 2604 2059 2633 ni·

1173 2653 1279 2681 mirum
1290 2647 1370 2688 quod
1374 2646 1435 2688 post
1450 2647 1667 2681 abdicationem
1678 2647 1786 2691 absque
1799 2650 1923 2682 concilii
1940 2647 2059 2691 sentem
2076 2678 2078 2681 .

1172 2704 1216 2730 tta
1226 2695 1259 2741 se
1272 2695 1332 2738 ipse
1348 2702 1381 2728 ln
1397 2695 1467 2739 sede
1492 2696 1663 2740 Episcopali
1688 2700 1896 2731 collocaverat.
1924 2699 1979 2732 Ubi
1999 2701 2030 2742 J
2031 2711 2076 2732 o·v

1173 2759 1266 2781 annes
1278 2744 1430 2789 respondit
1455 2752 1676 2792 quinquaginta
1706 2746 1884 2790 Episcopos‚
1913 2754 1967 2791 qui
1991 2761 2057 2783 cum

1174 2796 1232 2840 ipso
1242 2802 1531 2831 communicaverant
1545 2821 1556 2837 ‚
1580 2803 1647 2830 etin
1661 2797 1717 2832 bac
1732 2810 1762 2831 re
1782 2797 1964 2842 suffragatos
1982 2798 2058 2842 fuis-

1167 2847 1222 2890 se,
1244 2851 1384 2880 Leontius
1410 2856 1512 2880 contra
1537 2859 1543 2879 :
1568 2852 1607 2880 At
1630 2849 1731 2889 plures
1754 2872 1764 2888 ‚
1795 2854 1914 2890 inquit,
1942 2849 1998 2881 tibi
2022 2855 2055 2882 in

1171 2899 1298 2930 Concilio
1321 2895 1469 2940 refragati
1479 2895 1571 2940 sunt.
1601 2896 1717 2940 Rursus
1743 2909 1810 2931 cum
1815 2902 1847 2943 J
1851 2909 1960 2930 oannes
1980 2900 2053 2932 dice-

1171 2955 1216 2981 ret
1232 2946 1308 2981 hunc
1330 2951 1483 2980 Canonem
1511 2959 1568 2980 non
1594 2948 1637 2979 acl
1656 2948 1772 2981 illorum
1797 2947 1976 2989 Ecclesiam,
1997 2946 2056 2990 sed

1171 2999 1215 3030 ad
1238 2996 1393 3039 Ecclefiam
1421 3001 1596 3030 Arianorum
1620 3003 1770 3038 pertinere
1791 3020 1802 3036 ,
1839 2997 1947 3038 rejecto
1974 2999 2053 3031 illius

1171 3046 1318 3090 Responsa
1329 3072 1340 3087 ,
1365 3056 1469 3080 contra
1495 3058 1560 3080 eum
1582 3045 1768 3089 sententiam
1789 3055 2029 3088 pronuntiarunt
2041 3073 2051 3088 ,

1172 3098 1245 3130 illud
1269 3102 1441 3138 neutiquam
1466 3102 1576 3130 animis
1603 3098 1746 3137 complexi
1766 3119 1776 3135 ‚
1812 3100 1892 3139 quod
1915 3103 1966 3139 qui
1999 3097 2052 3129 boc

1172 3151 1291 3179 canone
1317 3146 1359 3187 usi
1372 3146 1500 3188 fuissent
1522 3172 1531 3187 ,
1553 3152 1644 3180 etlam
1673 3146 1864 3188 Athanasium
1889 3148 2068 3180 abdicata--

1171 3206 1242 3229 rant
1255 3221 1262 3228 .
1290 3200 1452 3238 Imperator
1463 3197 1551 3241 igltm
1569 3200 1602 3241 J
1605 3203 1694 3230 oanni
1709 3195 1854 3240 figmficat
1875 3202 1902 3229 ei
1923 3208 1981 3229 non
2000 3196 2051 3239 esse

2086 2349 2158 2387 Cap·
2178 2352 2220 2379 16.

1165 3249 1235 3286 jam
1243 3245 1414 3288 potestatem
1433 3252 1464 3279 in
1476 3246 1631 3288 Ecclesiam
1641 3248 1823 3291 ingrediendi
1846 3271 1856 3286 ,
1882 3247 1964 3288 quod
1982 3248 2051 3279 duo‘

1172 3297 1223 3328 bus
1236 3296 1373 3328 conciliis
1383 3307 1449 3329 erat
1460 3298 1672 3330 condemnatus
1687 3322 1693 3328 .
1723 3298 1852 3329 Proinde
1857 3299 1889 3340 J
1892 3307 2000 3328 oannes
2010 3295 2048 3327 ab

1173 3344 1361 3386 Ecclesiastico
1371 3357 1490 3380 munere
1500 3348 1636 3389 deinceps
1660 3352 1784 3380 vacavit
1800 3370 1811 3386 ,
1837 3357 1928 3386 neque
1950 3345 2065 3377 Eccle-⁴

1167 3396 1241 3438 fiam
1255 3397 1348 3429 adiit.
1383 3397 1433 3429 Ad
1448 3395 1580 3439 spatium
1604 3398 1726 3429 duorum
1742 3394 1876 3436 mensium
1897 3405 2047 3434 nunquam

1571 3446 1600 3478 Z
1649 3453 1672 3490 3
1926 3452 1997 3487 pro-
