2366 3756
130 2998 187 3028 An.
212 2997 277 3025 881.

356 161 422 220 78
495 159 905 205 Nrco'tixx

975 168 1369 202 SECUNDI

1439 158 2000 207 1³0N⁷r1p1cxs

289 247 415 277 Fecerat
441 243 477 274 id
500 241 672 274 Ludovicus
686 266 696 282 ‚
723 246 781 274 nort
802 236 944 281 superbier
968 244 1065 269 motus
1090 259 1102 276 ,
1121 234 1179 279 sed
1236 248 1332 273 mana
1352 237 1489 281 synodo
1509 241 1650 284 Joannes
1673 249 1800 273 nonus.-
1826 243 1909 285 ,Quia
1929 244 2038 277 samua
2058 248 2114 276 Ro-

289 304 327 325 ne
340 295 417 334 jura
442 295 564 331 Imperii
591 297 740 324 amitteret
754 314 761 321 .
799 286 927 321 Verum
949 297 1021 330 quae
1042 285 1174 330 Imperii
1192 295 1194 297 '

288 342 355 384 jura
378 341 395 370 ἒ
422 339 521 374 Adeo
542 339 627 374 nihil
650 340 728 383 juris
753 335 808 372 hic
831 335 948 373 habuit
970 336 1174 372 Francorum

289 390 464 432 Imperium
475 413 486 429 ,
511 402 547 425 ut
561 388 717 434 Gregorii
739 388 957 423 Succefforem
969 388 1119 432 Sergium
1132 388 1171 422 se·

286 441 434 474 cundum
454 440 520 473 fine
541 438 704 483 Principis
725 437 860 473 licentia
884 437 997 472 denuo
1010 440 1175 472 consecra-

286 490 351 524 rint
374 489 541 531 Romani,
567 489 708 535 ideoque
735 491 852 523 factum
874 488 911 522 fit
934 488 1025 532 quod
1047 488 1081 522 in
1105 489 1174 533 ejus

286 541 351 573 vita
375 538 469 572 refert
493 540 680 574 Anastasius
691 538 986 574 Bibliothecarius:
1016 540 1114 580 Hujus
1123 537 1175 583 sa-

270 584 445 628 'eratiffimae
467 589 693 634 consecrationis
711 602 779 625 cum
800 591 844 622 ad
867 601 956 625 aures
994 589 1172 630 invie‘liffimi

287 638 403 683 Augusti
425 640 565 674 Lotharii
584 652 682 675 rumor
702 640 900 684 pervenisset,
925 644 1088 683 Imperator
1100 643 1175 673 Dro-

279 700 404 733 gonem,
433 692 526 724 suum
551 703 592 725 ex
614 691 800 727 concubina
818 690 977 724 Patruum
999 690 1172 732 „Metenfis

285 738 419 779 Ecclefiae
444 740 722 785 Archiepiscopum,
747 752 815 776 cum
839 742 1064 782 excellentiffimo
1077 742 1172 774 Luda-

285 796 351 822 vico
369 788 432 830 filio
450 789 524 833 suo,
554 805 664 837 magno
682 805 748 827 cum
776 797 962 826 Francorum
974 798 1104 825 exercitu
1118 795 1174 824 Ro-

283 850 366 871 mam
386 841 523 882 direxit,
550 844 637 887 quali
661 845 752 878 suam
765 842 917 886 injuriam
929 840 1172 876 vindicaturos.

284 888 477 927 Horrendas
498 894 643 930 fecerunt
659 894 762 928 caedes
773 894 807 928 ὅ(
820 892 937 937 strages
949 916 963 933 ,
990 892 1102 927 verum
1113 891 1172 928 Pa-

284 939 363 982 palis
392 942 560 977 eletiionis
587 943 767 979 libertatem
791 944 920 978 Divina
942 941 1066 986 justitia
1088 951 1172 978 tuta-

278 998 315 1023 ta
330 991 380 1024 -est
406 1015 418 1033 ,
457 994 688 1029 serenissimum
711 995 848 1029 Coelum
871 991 980 1029 subito
1002 992 1170 1030 obducens

282 1040 402 1077 nubilo
427 1068 439 1084 ,
465 1045 656 1089 vibransque
678 1046 842 1085 fulmina,
867 1043 987 1088 quibus
1009 1044 1110 1078 etiam
1130 1055 1171 1078 ex

281 1089 479 1128 Primatibus
508 1095 679 1141 Drogonis
706 1095 912 1131 Confiliariis
937 1094 1040 1138 aliqui
1071 1094 1171 1137 perie-

282 1152 358 1175 runt
378 1168 386 1175 .
424 1145 467 1179 Et
492 1145 572 1181 hinc
598 1146 642 1182 de
664 1146 768 1190 Sergii
807 1144 963 1188 proximo
989 1145 1171 1180 Successore

280 1190 396 1227 Leone
422 1206 540 1238 quarto
566 1196 671 1241 pergit
690 1195 840 1232 laudatus
852 1195 1042 1230 Anastafius
1073 1206 1080 1228 :
1108 1199 1172 1228 No-

281 1248 315 1274 vi
338 1243 473 1278 elatione
494 1248 649 1290 Pontifieis
670 1247 889 1291 congaudentes
919 1248 1047 1280 Romani
1079 1253 1170 1286 caepe-

278 1303 351 1326 runt
371 1300 476 1328 iterum
498 1308 556 1330 non
577 1298 759 1331 mediocriter
771 1295 958 1337 contristari,
984 1307 1015 1331 eo
1025 1296 1105 1337 quod
1107 1293 1170 1336 fine

278 1345 434 1383 lmperialt
457 1358 517 1378 non
537 1346 690 1380 audebant
715 1346 895 1381 auHoritate
916 1344 1059 1385 futurum
1079 1342 1170 1385 conse-

276 1402 359 1426 crare
377 1394 570 1436 Pontificem,
590 1395 812 1438 periculumque
832 1397 980 1427 Romana.-
1000 1392 1085 1427 urbis
1108 1404 1169 1424 ma·

278 1444 358 1476 xime
380 1445 549 1479 metuebant
565 1469 576 1485 ,
601 1456 638 1478 ne
663 1451 790 1484 iterum,
815 1452 849 1476 ut
873 1444 941 1475 olim
967 1443 1039 1486 post
1067 1441 1170 1485 Sergii
1194 1472 1196 1474 .

277 1495 560 1527 consecrationem
575 1517 586 1532 ,
611 1494 650 1526 ab
671 1492 796 1533 hostibus
813 1491 918 1533 fuiffet
930 1490 1054 1533 obseffa.
1081 1491 1169 1523 Eum

279 1553 389 1577 tamen
413 1542 474 1585 fine
501 1545 650 1584 Principis
670 1541 806 1585 permiffu
829 1539 973 1575 omnino
1005 1539 1169 1573 consecra·

277 1604 374 1627 runt.
403 1593 447 1627 Et
470 1594 582 1627 ausum
606 1591 745 1628 feliciter
773 1589 948 1626 succeffiffe
958 1589 1070 1625 suadet
1081 1588 1167 1632 apud

278 1643 477 1678 Gratianum
488 1643 620 1678 exstans
633 1641 756 1676 laudati
770 1639 892 1675 Leonis
905 1639 1081 1674 Pontificis
1091 1650 1165 1673 cum

276 1694 395 1731 eodem
415 1693 569 1738 Augusto
586 1690 750 1727 <Lochario
776 1703 814 1725 ac
835 1690 905 1733 ejus
926 1689 997 1724 filio
1022 1687 1168 1723 Ludovi-

277 1756 318 1778 co
345 1743 620 1778 Concordatum:
654 1746 737 1775 Inter
764 1752 814 1773 nos
840 1741 875 1774 (9
901 1750 958 1773 vor
980 1738 1068 1780 pae‘li
1093 1735 1168 1780 serie

271 1795 415 1836 statutum
439 1792 477 1833 est
500 1795 534 1828 (τ
561 1792 781 1835 confirmatum,
813 1789 894 1833 quod
911 1789 1010 1827 elefflo
1030 1785 1168 1830 &conse-

276 1852 370 1879 cratio
383 1845 485 1887 futuri
506 1848 633 1878 Romani
657 1840 809 1884 Pontificis
832 1838 948 1882 nonnisi
960 1838 1041 1880 juste*
1061 1840 1168 1872 &Ca—

278 1898 379 1929 mmice³
394 1896 462 1938 fieri
486 1895 590 1929 debeat
606 1918 613 1926 .
639 1894 717 1930 Hoc
738 1891 784 1926 est
802 1915 814 1931 ,
839 1891 905 1925 fine
918 1889 1029 1934 ptaevia
1041 1887 1167 1922 Princi-

278 1948 327 1991 pis
348 1946 482 1980 licentia
505 1970 514 1980 .
542 1946 590 1980 lta
613 1944 704 1979 enirn
733 1942 888 1977 Canones
910 1938 1053 1975 omnino
1078 1949 1166 1973 man-

278 1995 359 2031 dant
380 2022 388 2029 .
414 1995 503 2030 Istud
525 2006 634 2031 tamen
656 1991 904 2028 Concordatum
927 1990 945 2025 a
970 1988 1166 2034 quibusdam

280 2047 442 2092 relegatur
464 2046 505 2080 ad
525 2046 654 2091 paleas:
681 2043 736 2078 Ne
777 2043 845 2076 fine
856 2040 1095 2076 fundamento.
1123 2039 1166 2073 E-

280 2100 387 2133 tenim
411 2098 452 2132 de
474 2096 643 2133 Benedisti
666 2094 752 2130 tertii
764 2093 924 2128 elestione
937 2089 1046 2125 scribit
1059 2088 1167 2127 lauda7

279 2159 331 2184 tus
353 2148 538 2183 Cardinalis
561 2148 706 2180 :eleros
727 2146 761 2181 <5
785 2142 881 2176 cuncti
906 2143 1044 2174 Proceres
1066 2143 1166 2173 Decre-

279 2208 344 2233 tum
362 2208 585 2242 componentes,
607 2201 740 2241 propriis
763 2193 902 2228 manibus
925 2191 1141 2226 roboraverunt
1155 2213 1166 2230 ,

279 2253 314 2284 (Ὗ
333 2248 503 2292 consuetudo
520 2247 621 2292 prisca
633 2256 666 2280 ut
673 2245 769 2287 poſsit
782 2268 792 2283 ,
820 2242 1014 2280 invtt‘hffimis
1027 2239 1168 2271 Lotbario

282 2313 316 2334 ac
335 2301 486 2332 Ludovico
507 2297 727 2336 destinaverunt
750 2289 886 2333 Augustis
900 2312 907 2320 .
938 2287 1070 2328 Utique
1091 2298 1168 2320 con·

282 2349 480 2386 firmandum
495 2371 502 2379 .
525 2346 619 2378 Hinc
636 2343 654 2376 a
673 2340 867 2385 quibusdam
879 2336 1100 2373 Schismaticis
1110 2336 1169 2369 cir-

281 2398 469 2441 cumscripti
493 2396 661 2438 Principes
683 2394 757 2426 sunt
777 2386 1166 2443 conatielestionetncas-

282 2453 366 2486 sare.
394 2447 528 2486 Voces,
554 2443 737 2487 Consuetudo
757 2438 856 2483 prisca
873 2446 905 2471 ut
925 2434 1017 2480 poscit
1041 2461 1052 2477 ,
1077 2447 1164 2470 evin·

283 2512 364 2536 cunt
385 2494 635 2534 Concordatum
663 2491 747 2526 istud
770 2490 833 2524 ess'e
855 2488 895 2523 de
914 2487 1007 2531 palea
1029 2486 1168 2530 graviter

282 2552 479 2597 fixspectum.
508 2548 547 2580 In
569 2543 670 2579 Notis
690 2541 730 2576 ad
754 2538 924 2584 Agobardi
938 2535 1167 2582 Lugdunensis

283 2600 439 2647 Episcopi
463 2607 559 2642 opera
581 2592 764 2638 Stephanus
782 2589 930 2623 Baluzius
943 2587 1009 2621 fine
1020 2585 1182 2631 legitimo-

285 2651 507 2687 fundamento
534 2646 629 2680 istam
653 2640 813 2677 Anastaffi
841 2638 1057 2673 narrationem
1079 2643 1172 2671 vocat

287 2704 324 2737 in
346 2699 565 2745 suspicionem
585 2694 675 2729 falfi.
706 2689 879 2738 Qidquid
901 2689 960 2745 stt,
987 2686 1182 2743 inchoatam·

289 2752 400 2788 nescio
422 2762 490 2793 quo
514 2746 628 2790 spiritu
650 2743 668 2777 ὲ
694 2741 867 2776 Ludovico
889 2738 953 2772 Pio
981 2737 1174 2771 violentiam
1198 2748 1202 2790 Ἰ

291 2802 411 2847 posteri
432 2799 500 2842 ejus
513 2795 638 2830 dudum
649 2793 885 2827 continuarunt
896 2813 904 2821 .
933 2785 1063 2829 Nempe
1077 2788 1176 2830 usque

292 2852 335 2886 ad
357 2850 528 2884 Marinum
562 2842 763 2879 Pontificem
787 2842 821 2875 &
848 2838 1007 2874 Carolum
1029 2836 1185 2871 Crassum·

294 2903 526 2945 Imperatorem
547 2920 558 2936 ,
594 2894 643 2929 de=
671 2891 789 2934 quibus
823 2889 966 2923 scribunt
1000 2886 1176 2921 Fuldenses

294 2940 497 2986 Francorum
520 2944 691 2979 Annales:
718 2946 806 2974 Omni
814 2940 920 2982 populo
934 2941 1061 2970 Romano
1071 2944 1174 2970 unani-

295 3008 383 3038 miter
404 2999 588 3041 confortante
603 3019 613 3035 ,
640 2997 779 3026 Marinus
792 3015 803 3031 ‚
828 2994 879 3032 qui
906 2994 938 3021 in
960 2990 1096 3019 Romana
1107 2988 1177 3021 urbe

298 3051 529 3087 archidiaconus
557 3043 729 3083 tenebatur,
757 3042 891 3075 ordinari
911 3037 1093 3079 compartum
1118 3037 1175 3078 est.

298 3104 466 3148 imperator·
482 3098 603 3130 obviam
627 3097 722 3135 Papae
740 3097 860 3136 pergit,
889 3089 1016 3122 &illum
1029 3086 1177 3130 honorifice

295 3153 424 3198 suscepit
444 3175 452 3183 .
487 3147 532 3181 Et
555 3143 634 3179 hinc
654 3143 825 3178 memorati
847 3139 1008 3181 Principis
1032 3138 1177 3172 bonitate

301 3207 399 3238 fretus
430 3199 594 3233 Adrianus
616 3195 729 3228 tertius
751 3193 828 3227 fecit
852 3188 942 3234 quod
977 3187 1075 3222 habet
1097 3188 1178 3222 liber

301 3250 528 3288 Pontificalis:
554 3248 599 3279 De
619 3244 753 3278 electione
786 3240 936 3283 Pontifici:
957 3243 1103 3271 Adrianus
1129 3240 1177 3271 de-

300 3307 397 3338 crevit
421 3325 432 3341 ,
459 3311 494 3333 ne
514 3303 546 3330 in
569 3294 631 3339 ipso
651 3295 775 3328 creando
797 3296 989 3332 Imperatoris
1013 3289 1174 3322 auHoritas

301 3352 538 3397 exspedlaretur,
565 3347 653 3389 idque
673 3345 736 3378 ideo
760 3352 793 3376 ut
815 3342 896 3375 Cleri
916 3342 949 3374 (θ’
965 3341 1065 3382 populi
1084 3339 1177 3373 libera

293 3406 355 3446 fiat
372 3401 535 3445 suffragia.
580 3407 591 3430 ,“

350 3453 534 3496 Antiquam
559 3443 831 3492 consuetudinem
852 3440 979 3479 reduxit
995 3440 1029 3476 in
1041 3442 1096 3478 sua
1110 3440 1179 3476 Ro-

1237 300 1328 322 mana
1353 289 1479 332 Ecclesia
1500 291 1652 332 plurimas
1663 295 1784 332 patitur
1810 291 1966 326 violentias
1990 295 2114 336 Pontifi-

1237 351 1267 373 ce
1293 339 1412 374 obeunte
1427 364 1439 380 ,
1462 350 1531 383 quae
1555 340 1591 374 ob
1616 340 1670 376 hoc
1695 339 1886 382 inferuntur,
1909 349 1979 385 quta
2003 343 2115 388 absque

1236 394 1428 431 Imperatoris
1455 396 1562 424 notitia
1580 415 1591 433 ‚
1623 392 1658 426 elo·
1689 389 1808 434 suorum
1833 394 2010 436 Legatos-um
2033 402 2115 437 prae-

1231 438 1333 483 sentia
1351 440 1507 483 Pontificis
1529 439 1567 484 fit
1590 439 1782 484 consecratio,
1808 452 1860 476 nec
1884 445 2030 478 canonico
2053 450 2115 477 ritu

1235 492 1269 524 (θ’
1298 490 1502 534 consuetudine
1534 490 1574 525 ab
1609 495 1789 535 Imperatore
1827 492 1933 526 directi
1968 492 2114 536 intersunt

1235 545 1368 582 Nuntii,
1393 546 1445 584 qui
1472 541 1644 576 violentiam
1669 543 1703 576 (9⁶
1723 540 1872 584 seandala
1898 547 1930 576 in
1951 545 2014 584 eius
2023 543 2116 587 conse·

1234 597 1364 625 eratione
1387 603 1445 625 non
1466 600 1647 635 permittant
1668 593 1757 636 fieri,
1783 591 1919 626 volumus
1943 594 1979 626 id
1992 604 2024 627 ut
2034 595 2116 627 dein-

1233 650 1299 684 ceps
1321 642 1477 676 abdicetur
1500 668 1507 675 .
1546 642 1688 677 Mandat
1710 653 1749 677 ut
1769 643 1898 677 Electus
1914 642 2114 687 praesentibus

1237 696 1361 736 Legatis
1388 693 1595 735 imperialibus
1607 691 1804 737 consecretur.
1833 692 1959 727 Verum
1969 695 2040 737 quis
2054 695 2116 728 Ca-

1236 755 1305 777 non
1329 742 1482 788 Augusto
1502 742 1647 788 Principi
1670 743 1765 778 istam
1780 753 1934 787 umquam
1946 745 2115 781 austerita-

1235 803 1302 828 tem
1326 793 1475 828 tribuerit
1502 818 1513 835 ,
1539 795 1660 840 ignoro
1681 820 1688 826 .
1712 791 1831 838 Longe
1854 793 1963 828 minus
1983 804 2116 837 oportet

1234 843 1303 887 ejus
1323 844 1466 889 Legatos
1489 845 1633 879 interesse
1655 844 1833 879 Eleaioni.
1861 843 1995 878 Etenim
2016 843 2056 878 de
2070 843 2120 876 A-

1234 895 1351 929 driani·
1367 893 1499 930 secundi
1525 895 1684 930 elestione
1704 894 1812 929 scribit
1832 893 2030 928 Guilielmus
2063 894 2126 927 Bi-.

1234 943 1468 980 biliothecarius
1483 970 1490 978 .
1519 947 1615 990 ,Quod
1631 947 1786 979 audientes
1802 969 1813 985 ‚
1838 953 1907 978 tunc
1928 945 2002 985 Miffl
2025 947 2117 977 Prin-

1232 1001 1308 1037 cipis
1334 996 1447 1037 molesti?
1473 998 1565 1030 tulere
1579 1021 1588 1036 ,
1615 996 1767 1040 indignati
1782 993 1892 1038 scilicet
1914 1020 1924 1036 ,
1951 1006 2009 1028 non
2035 995 2119 1037 quod

1232 1053 1351 1079 tantum
1373 1051 1475 1080 virum
1496 1048 1605 1080 nollent
1628 1046 1794 1089 Pontificem
1816 1071 1827 1087 ‚
1861 1056 1945 1088 quem
1971 1045 2127 1078 nimirum-

1232 1097 1324 1130 anxi?
1346 1097 1502 1138 cupiebant
1513 1110 1527 1138 ;
1549 1095 1606 1139 sed
1622 1099 1705 1139 quod
1723 1095 1756 1140 se
1771 1120 1782 1136 ,
1807 1097 1882 1129 dum
1898 1093 2063 1138 praesentes
2074 1092 2129 1137 es·-

1227 1144 1318 1188 Jettt,
1344 1149 1482 1190 ,Quirites
1505 1158 1562 1179 non
1588 1152 1815 1187 invitaverint,
1842 1157 1894 1180 nec
1916 1154 2029 1192 optatae
2052 1147 2072 1177 ἃ
2083 1143 2116 1187 se

1224 1195 1329 1237 futuri
1352 1195 1494 1240 Praesulis
1518 1196 1649 1231 electioni
1669 1197 1798 1240 intereffe
1821 1196 2003 1239 concesserint
2016 1219 2024 1228 .
2051 1197 2116 1238 ,Qut

1231 1253 1350 1288 accepta
1372 1253 1489 1280 ratione
1514 1271 1526 1288 ,
1546 1249 1643 1289 »quod
1665 1259 1722 1280 non
1745 1245 1862 1289 Augusti
1884 1244 1973 1288 eausa
1990 1252 2117 1277 contem-

1228 1304 1326 1337 ptus,
1351 1295 1407 1339 sed
1414 1296 1519 1338 futuri
1546 1302 1688 1340 temporis
1713 1296 1765 1330 boc
1787 1295 2016 1339 omiffumfuertt
2026 1299 2124 1326 omni-

1231 1348 1269 1378 no
1286 1345 1444 1388 prosperffu
1472 1370 1484 1385 ,
1519 1358 1555 1379 ne
1576 1348 1713 1381 videlieet
1734 1350 1861 1390 Legatos
1885 1348 2059 1386 Principum
2078 1350 2118 1378 ‹in

1230 1394 1367 1428 cicerone
1387 1397 1586 1427 Romanorum
1608 1393 1772 1435 Praesulum
1791 1405 1853 1426 mos
1864 1394 2120 1436 exspetffandiper·

1231 1442 1395 1487 huiusmodi
1408 1443 1550 1487 fomitem
1569 1441 1730 1486 inolesceret
1753 1467 1764 1483 ,
1790 1454 1905 1477 omnem
1922 1441 1988 1486 suae
2009 1448 2128 1476 mentis·

1232 1494 1469 1534 indignatIonem
1489 1493 1662 1526 medullitus
1685 1491 1828 1534 filavere
1840 1515 1851 1531 ,
1878 1503 1912 1525 ae
1924 1494 1968 1524 ad
1984 1491 2121 1535 salutan-

1232 1541 1304 1573 dum
1325 1540 1463 1574 Eleeium
1485 1546 1576 1574 etiam
1598 1539 1656 1583 ipfi
1672 1540 1822 1573 humiliter
1841 1541 1987 1583 act-effere.
2015 1541 2121 1586 Lega-

1231 1601 1305 1631 tos,
1332 1591 1410 1625 licet
1431 1590 1466 1624 in
1497 1590 1597 1626 Urbe
1607 1591 1798 1634 praesentes,
1823 1602 1885 1625 nec
1899 1591 2121 1635 vocariopor-

1231 1650 1278 1674 tet
1290 1659 1302 1680 ,
1329 1651 1390 1676 nec
1416 1640 1542 1675 adeffe.
1570 1640 1624 1675 Ex
1647 1641 1709 1675 isto
1729 1641 1862 1685 interim
1883 1641 2020 1685 Ioannis
2035 1641 2118 1675 noni

1231 1691 1376 1725 Deci-eto
1400 1690 1571 1733 proceffit,
1593 1690 1682 1735 quod
1703 1691 1763 1725 sub
1774 1691 1900 1735 Ioanne
1918 1690 2118 1726 duodecimo

1231 1740 1350 1773 factum
1371 1739 1484 1775 scribit
1505 1739 1729 1785 Luitprandus
1750 1742 1938 1775 Ticinenfis
1965 1742 2117 1786 Ecclefiae

1231 1789 1404 1824 Diaconus
1425 1803 1434 1824 :
1470 1794 1566 1825 Cives
1591 1794 1717 1825 Romam
1737 1792 1880 1825 santium
1906 1795 2118 1833 Imperatorem

1229 1838 1405 1875 Othonem
1435 1839 1577 1884 primum
1606 1852 1672 1875 cum
1693 1841 1828 1874 omnibus
1856 1839 1921 1884 fitis
1949 1847 1983 1874 tn
2009 1842 2118 1875 Urbem

1230 1895 1374 1932 recipiunt
1388 1915 1399 1930 ‚
1423 1890 1661 1934 fidelitatemque
1681 1896 1887 1935 promittunt,
1914 1891 1977 1924 haec
2002 1892 2130 1924 adden--

1229 1948 1295 1980 tes,
1324 1943 1359 1975 (tt
1379 1939 1508 1983 firmiter·
1528 1944 1674 1983 ⁸iurantes
1698 1966 1710 1982 ‚
1744 1953 1908 1984 numquam
1937 1939 1972 1984 se
1998 1944 2118 1983 Papam

1228 1990 1371 2025 eledluros
1396 2001 1450 2025 aut
1477 1994 1664 2026 ordinaturos
1685 2000 1800 2034 praeter
1826 1989 1991 2034 consensum
2025 1999 2117 2033 atque

1228 2041 1396 2076 elec‘lionem
1423 2045 1546 2075 Domini
1571 2046 1763 2084 Imperatoris
1774 2040 1900 2075 Othonis
1913 2039 2044 2084 Caesaris
2057 2046 2116 2074 Au·

1222 2089 1300 2134 gustt
1314 2115 1325 2132 ,
1347 2092 1463 2136 filiique
1487 2091 1574 2134 ipsius
1600 2096 1691 2136 Regis
1718 2091 1844 2125 Othonis
1865 2116 1872 2124 .
1911 2090 2039 2126 Laudat
2061 2091 2115 2125 da-

1229 2146 1326 2181 tum,
1349 2151 1408 2176 aut
1428 2142 1516 2176 certe
1539 2142 1735 2177 innovatum
1753 2141 1772 2174 ὲ
1798 2141 1915 2175 Leone
1926 2142 2041 2175 ostavo
2053 2140 2116 2184 pti«

1231 2189 1392 2235 vilegium
1404 2213 1425 2230 ‚.
1439 2189 1482 2225 de
1507 2201 1576 2234 quo
1601 2201 1762 2233 magnum
1774 2189 1880 2234 Belgii
1895 2189 2090 2224 Chronicon
2102 2204 2114 2224 .-

1229 2243 1288 2272 Leo
1312 2241 1438 2273 oe‘lavus
1460 2248 1584 2282 propter
1610 2243 1810 2273 Romanorum
1846 2239 1995 2271 malitiam
2017 2263 2030 2279 ,
2065 2244 2116 2282 qui

1223 2287 1292 2331 suos
1317 2288 1513 2320 intrudebant
1533 2312 1545 2327 ,
1563 2289 1673 2328 statuit
1697 2299 1731 2321 ut
1757 2291 1855 2321 nullus
1883 2291 1973 2329 Papa
2001 2286 2058 2328 nisi*
2079 2290 2117 2322 de

1228 2335 1338 2379 assensu
1366 2340 1559 2378 Imperatoris
1580 2336 1668 2378 fieret
1689 2360 1695 2368 .
1735 2335 1841 2370 Addit
1879 2336 1997 2370 eodem
2024 2338 2116 2372 sensu

2136 1841 2198 1871 1..6.
2217 1849 2242 1872 c.
2261 1845 2289 1872 6.
2308 1824 2311 1827 ’

2132 2224 2190 2258 Fol.
2218 2229 2267 2263 8¹4·

1228 2385 1477 2429 accipiendum,
1502 2386 1591 2429 quod
1620 2385 1662 2419 ab
1689 2383 1837 2419 Adriano
1864 2386 1971 2428 primo
1995 2384 2133 2422 dieitur-

1234 2436 1358 2470 Carolo
1384 2436 1516 2481 Magno
1540 2435 1653 2470 datum
1674 2435 1905 2479 privilegium,
1930 2446 1968 2470 ut
1993 2436 2118 2473 scilicet

1234 2497 1441 2530 nequaquam
1483 2485 1679 2520 nominandi
1714 2484 1889 2519 Pontificis
1925 2486 2117 2523 facultatem

1232 2537 1354 2571 tribuat
1374 2560 1384 2576 ,
1417 2535 1470 2570 sed
1497 2535 1601 2570 solum
1626 2535 1676 2578 jus
1701 2534 1804 2579 Regii
1830 2536 1970 2570 assensus
1994 2561 2002 2568 .
2031 2537 2114 2572 Eam

1232 2586 1323 2621 fuisse
1350 2587 1474 2621 Leonis
1493 2596 1638 2620 mentem
1658 2609 1670 2625 ,
1704 2584 1793 2619 lucet
1816 2595 1858 2618 ex
1895 2585 1963 2628 ejus
1989 2585 2025 2620 in
2054 2586 2115 2621 Be-

1235 2636 1398 2670 aedictum
1422 2636 1576 2680 quintum
1611 2635 1812 2679 Antipapam
1849 2633 1989 2677 Synodo
2009 2661 2020 2677 ,
2057 2636 2115 2671 ubi

1234 2685 1324 2720 hunc
1352 2685 1543 2720 Benedieius
1569 2686 1727 2721 Romanae
1753 2684 1904 2720 Ecclefiae
1942 2684 2116 2721 Archidia-

1231 2747 1336 2771 conus
1364 2737 1544 2781 interrogat
1570 2749 1578 2769 :
1602 2740 1691 2770 Num
1715 2735 1842 2778 inficiari
1864 2743 1950 2777 potes
1969 2735 2116 2780 praefi-nti

1233 2790 1358 2820 Domino
1394 2790 1572 2829 Imperatori
1605 2789 1778 2829 juramento
1810 2784 1965 2830 promififfe
1985 2811 1997 2827 ,
2031 2798 2116 2820 nurn-

1233 2849 1323 2880 quam
1347 2844 1376 2870 te
1401 2848 1466 2870 cum
1490 2842 1608 2871 caeteris
1633 2841 1776 2870 Romanis
1803 2839 1922 2878 Papam
1957 2836 2116 2871 elellurum

1233 2896 1286 2921 aut
1309 2889 1518 2920 ordinaturum
1535 2886 1598 2929 fine
1624 2889 1704 2921 illius
1718 2911 1729 2926 ,
1749 2887 1863 2929 filiique
1884 2885 1934 2930 sui
1958 2890 2048 2931 Regis
2075 2891 2116 2920 0·

1233 2937 1330 2972 tbonis
1356 2936 1519 2980 consensu?
1544 2937 1612 2972 Sub
1624 2937 1741 2972 Leone
1766 2937 1887 2980 quippe
1913 2940 2032 2972 octavo
2057 2937 2117 2970 Be-

1236 2986 1379 3030 nedictus
1405 2988 1463 3022 iste
1488 2989 1593 3022 fuerat
1615 2986 1800 3022 Cardinalis
1827 2985 1996 3021 Diaconus
2022 3013 2028 3020 .
2071 2987 2117 3021 Et

1235 3037 1268 3072 in
1295 3037 1412 3073 Edisso
1435 3062 1446 3079 ,
1481 3049 1549 3082 quo
1575 3038 1735 3072 Romanae
1774 3035 1920 3071 Ecclesia:
1945 3037 2014 3081 jura
2040 3048 2118 3071 con-

1237 3087 1375 3123 firmavit
1411 3087 1560 3123 laudatus
1585 3088 1681 3124 Otho
1700 3113 1711 3129 ,
1751 3086 1887 3121 liberam
1921 3086 2115 3122 electionem

1206 3155 1213 3167 τ
1238 3148 1382 3181 patenter
1402 3139 1563 3180 restituit,
1590 3139 1762 3180 solumque
1786 3137 1846 3172 fibi
1871 3136 2040 3172 reservavit
2051 3136 2117 3169 Re-

1237 3190 1329 3236 gium
1356 3190 1514 3224 assensum
1535 3215 1544 3222 .
1571 3190 1664 3223 Hinc
1699 3188 1802 3223 etiam
1837 3188 1871 3222 in
1897 3185 2116 3229 Diplomate,

1238 3245 1302 3285 quo
1325 3239 1481 3283 Sylvestri
1518 3239 1648 3274 secundi
1679 3239 1874 3273 elestionem
1907 3234 2117 3269 confirmavit

1239 3288 1332 3324 Otho
1358 3290 1494 3330 tertius,
1521 3289 1679 3324 habemus
1705 3287 1774 3323 haec
1793 3285 1906 3321 verba:
1935 3287 1995 3318 Pro
2018 3295 2117 3317 amore

1239 3340 1339 3374 sandix·
1366 3343 1451 3373 Petri
1477 3343 1634 3372 Dominum
1659 3337 1852 3379 sylvestrum,
1878 3334 2049 3378 Magistrum
2067 3345 2116 3366 no·

1235 3391 1347 3432 strum,
1377 3392 1494 3431 Papam
1514 3391 1650 3434 elegimus
1667 3415 1678 3431 ‚
1703 3391 1739 3422 ά·
1767 3390 1826 3419 Deo
1850 3385 1994 3424 volente,
2017 3381 2116 3426 ipsum

1240 3440 1447 3482 sereniffimum
1471 3442 1680 3476 ordinavimus
1703 3439 1738 3473 <it
1762 3441 1948 3473 creavimus.
1975 3435 2049 3518 lige
2070 3433 2120 3479 so·⁴

2035 3492 2067 3516 m
