2366 3756
426 178 960 220 CONCILluM
1030 175 1805 229 AMALpntrANuM.

1887 195 1981 233 119

217 269 303 304 dales
323 265 502 308 penderent
536 277 680 300 annuam
710 266 894 308 penfionem
914 288 920 295 .
955 263 1117 298 Robertil
1167 264 1293 305 nenda,
1324 266 1375 301 cui
1392 265 1506 307 Petrus
1528 265 1674 307 adsedit,
1701 267 1930 306 Beneventana
1941 267 2048 311 Syno-

217 317 366 362 profesfio
378 317 418 350 fic
431 316 549 360 incipit
562 331 573 350 ,·
602 321 668 360 Ego
676 316 821 356 Robntus
835 338 846 354 ‚
872 315 928 347 Dei
950 315 984 347 (5
996 314 1099 347 sanc‘lt

216 371 300 402 Petri
304 373 433 410 gratia,
461 371 530 400 Dux
542 367 659 409 Apul1'ae
681 367 715 399 ό·
729 364 899 404 C'alabriae,
930 365 1097 406 &utroque

211 416 429 462 subveniente,
449 417 571 459 futurus
595 417 717 450 siciltae.
745 414 811 452 Isto
833 415 924 452 enim
950 423 1097 457 tempore

214 468 363 503 Siciliam
388 468 506 511 partim
520 466 623 506 Graeci
634 464 791 500 tenebant
805 489 816 504 ‚
842 465 960 508 partim
970 464 1098 506 Sarace-

214 518 271 551 ni:
299 517 428 552 Ambos
449 516 563 559 ejicere
584 514 727 559 promisit
740 513 905 555 Robertus
926 513 1055 557 adjutus
1080 516 1097 549 ὲ

214 566 368 602 Romana
390 567 551 606 Ecclesia,
580 565 698 608 ejecit,
724 575 820 608 atque
842 565 886 598 ita
906 566 1007 598 etiarn
1019 566 1099 599 Sici-

213 618 292 651 liam
315 617 440 660 accepit
460 616 496 650 in
516 615 668 650 feudum.
696 614 779 648 Bina
801 614 868 657 ejus
889 614 1014 659 integra
1026 627 1098 658 pro·

212 667 304 702 feffio
322 667 426 701 exstat
449 667 483 704 in
500 666 664 701 Vaticano
676 665 824 706 Codice,
850 664 907 709 qui
928 663 1095 707 dicitur-li-

216 716 272 751 ber
282 718 439 751 censuum
452 741 459 748 .

263 767 413 802 Eandem
435 765 606 810 Synodum
618 763 728 799 laudat
749 765 784 799 in
796 765 912 799 litteris
929 765 971 800 ad
983 765 1098 800 Cardi-

213 818 303 852 nales
325 817 504 860 Episcopos
526 816 659 850 Sanctus
673 815 787 856 Petrus
800 816 979 850 Damiani:
1007 820 1095 848 Nun-

211 879 304 910 quam
323 869 398 900 certe'
418 867 521 908 vidisse
543 878 589 900 me
615 871 736 899 memini
764 866 957 908 Pontificales
979 865 1096 900 baculos

213 927 279 951 tam
299 918 433 955 continuo
445 917 597 948 radiantis
607 916 720 956 metallts
731 922 829 949 nitore
840 917 1007 955 comeam,
1027 914 1098 956 ficut

213 977 300 1001 erant
320 973 370 1009 qui
390 966 429 1003 ab
440 964 588 1009 Esculano
614 968 648 999 (5
660 966 803 1007 Tranensi
815 965 1009 1010 gestabantur
1022 969 1099 1007 Epi-

208 1014 327 1061 scopis.
355 1021 478 1058 Uterque
489 1024 610 1054 tamen,
636 1018 754 1056 alter-in
766 1017 871 1058 Apulis
882 1015 990 1057 finibus
1004 1040 1016 1056 ,
1041 1019 1100 1048 Ni-

213 1061 490 1108 colaopraefidente‚
517 1068 595 1100 alter
608 1071 640 1099 in
652 1065 850 1106 Lateranenfi
854 1065 982 1107 Ecclesia
1003 1077 1099 1098 coram

214 1118 384 1150 Alexandro
408 1119 516 1158 Papa,
537 1114 612 1159 sunt
639 1116 765 1157 dejedli.
794 1116 921 1151 Verum
935 1127 972 1150 ac
985 1117 1099 1159 prima-

213 1167 298 1201 rium
310 1164 405 1210 hujus
416 1166 545 1210 Synodi
559 1167 693 1210 scopum
708 1168 828 1211 ignoro
843 1179 851 1199 :
916 1167 975 1199 uin
988 1177 1098 1200 tamen

214 1217 255 1251 ad
273 1216 475 1261 purgandam
497 1216 515 1253 a
528 1216 715 1257 Graecorum
731 1215 913 1251 Schismate
936 1215 1094 1259 Apuliam

214 1277 313 1310 atque
334 1266 522 1307 Calabriam
542 1266 640 1307 fuerit
670 1266 791 1300 indicta
813 1291 824 1307 ,
851 1266 1006 1300 existimo
1031 1277 1098 1300 non

213 1316 449 1351 dubitandum.
477 1317 619 1359 Joannes
640 1316 817 1357 Tranenfis
841 1317 1022 1360 Episcopus
1033 1317 1101 1350 fuer

214 1377 263 1401 rat
283 1364 459 1399 Michaelis
480 1365 642 1407 Cerularii
664 1366 860 1407 Syncellus,
887 1368 922 1400 &
943 1366 1098 1399 Minister

214 1417 316 1451 totius
336 1414 553 1454 Schismaticae
564 1414 745 1448 violentiae.
776 1416 855 1449 Erat
882 1416 917 1448 &
931 1415 1014 1448 varie
1035 1427 1100 1448 ma-

214 1467 345 1501 culosus
357 1490 365 1498 .
393 1465 485 1498 Hinc
506 1466 609 1508 ipsum
632 1464 821 1509 degradavit
835 1465 999 1499 Nicolaus
1012 1465 1099 1498 Pon-

213 1517 298 1550 tifex
317 1537 328 1553 ,
353 1515 386 1547 δε
408 1514 530 1547 caeteris
550 1514 681 1547 istarum
699 1514 899 1556 'Regionum
927 1515 1099 1554 Episcopis

212 1564 305 1598 dedit
338 1563 372 1596 in
393 1561 582 1605 exemplum
602 1585 609 1593 .
638 1561 742 1594 Haud
765 1561 865 1595 dubie
884 1562 1017 1594 traEtata
1045 1560 1117 1594 hic·

212 1615 289 1647 sunt
310 1611 416 1647 &alia
439 1612 573 1655 negotia
597 1623 604 1643 ε
631 1610 758 1645 Verum
779 1611 862 1644 Asta
890 1610 1017 1648 latent,
1042 1619 1099 1654 aut

211 1664 375 1708 perierunt
384 1686 391 1693 .
424 1661 535 1702 Plures
546 1660 617 1695 istic
629 1659 779 1694 Ecclesiae
791 1659 1006 1703 sequebantur
1016 1661 1100 1693 Grae·

210 1724 327 1748 corum
338 1714 417 1746 ritus
428 1736 439 1752 ,
452 1710 591 1745 schisma
605 1735 615 1751 ‚
641 1711 786 1744 exceffus
802 1724 812 1743 :
840 1711 1018 1745 Praesertim
1028 1711 1098 1754 post

213 1773 427 1799 memoratam
449 1760 626 1795 Michaelis
648 1761 683 1795 in
695 1760 834 1795 Latinos
857 1761 938 1795 ritus
955 1759 1101 1803 tyranni-

214 1814 292 1849 dem
315 1838 322 1847 .
344 1812 437 1859 Qin
462 1811 520 1845 ista
539 1811 654 1853 omnia
679 1812 904 1853 composuerit
923 1811 1099 1855 synodus,

214 1875 286 1898 non
309 1863 354 1897 est
375 1861 629 1907 ambigendum.
657 1860 719 1895 Per
741 1862 873 1897 Graecos
886 1886 897 1902 ,
925 1871 982 1896 aut
993 1862 1098 1895 forsan

214 1925 270 1958 per
293 1913 521 1952 Nortmannos
551 1912 669 1955 ejestus
692 1911 804 1946 Petrus
840 1910 1099 1956 Amalphitanus

214 1962 486 2007 Archiepiscopus
508 1961 636 1996 videtur
656 1961 722 1996 huc
748 1964 846 2007 usque
858 1974 928 1997 non
948 1961 1042 1996 suifle
1055 1972 1101 1996 re-

212 2012 334 2064 positus
346 2025 353 2046 :
381 2012 488 2048 Fuisse
498 2010 552 2055 hic
561 2013 734 2059 repositum
751 2011 987 2058 suadetliatim
1000 2023 1100 2057 expo-

1163 315 1223 349 dus
1242 340 1248 348 .
1278 317 1322 350 Et
1344 317 1411 359 ejus
1439 316 1595 359 repositio
1620 318 1682 350 fuit
1703 317 1810 357 forsan
1821 329 1887 351 una
1909 329 1951 351 ex
1971 329 2048 352 cau-

1164 366 1221 404 sis,
1252 366 1299 400 ob
1309 377 1389 410 quas
1404 363 1472 407 haec
1484 367 1640 408 synodus
1652 367 1714 409 fuit
1734 368 1814 410 facta
1833 366 1918 411 apud
1928 367 2046 409 'Amal-

1164 413 1254 458 phim
1271 441 1278 447 .
1473 455 1474 459 Ἰ
1510 414 1514 417 ’
1858 416 1861 419 ’

1213 465 1256 499 Et
1271 465 1399 509 Papalis
1420 464 1461 498 de
1474 463 1680 499 Nortmanni
1703 468 1770 509 spes
1783 479 1850 503 non
1866 469 1930 503 fuit
1943 479 2024 503 vana
2038 493 2049 501 .

1164 514 1276 559 Pergit
1288 516 1378 550 enim
1391 514 1521 556 laudata
1534 514 1765 548 Romanorum
1779 518 1981 553 Pontificum
1998 530 2049 553 ve-

1163 575 1215 598 tus
1241 565 1412 600 Historia.-
1440 564 1506 604 Post
1526 563 1590 597 haec
1614 566 1760 597 ordinatis
1784 567 1817 598 <¹5
1831 565 1973 608 dispofiti's
1991 580 2049 601 om-

1162 614 1251 647 nibus
1265 640 1275 655 ,
1302 628 1370 658 quae
1394 616 1439 647 ad
1456 616 1702 647 Beneventanum
1719 621 1937 657 patrimonium
1955 626 2051 658 perti-

1163 664 1272 698 nebant
1283 689 1293 705 ‚
1325 670 1361 698 N
1363 666 1470 699 icolaus
1486 668 1575 706 Papa
1584 663 1721 707 reversus
1734 665 1772 704 est
1783 669 1909 698 Romam
1919 692 1926 698 .
1955 671 1989 698 N
1992 676 2051 700 ort·

1161 720 1264 747 manni
1285 717 1331 748 ad
1350 715 1434 758 ipsius
1446 721 1695 753 commonitionem
1705 716 1816 755 collello
1847 716 2053 760 exercitusub·

1157 764 1249 808 ftcuti
1267 763 1340 808 fient
1374 769 1438 807 ejus
1458 765 1582 809 vestigia
1600 790 1608 797 .
1640 768 1685 796 Et
1707 764 1893 808 transeuntes
1920 772 2053 809 campa-

1161 821 1244 848 niam
1257 839 1267 855 ‚
1297 814 1543 855 Praenestt'norurn
1555 840 1566 856 ‚
1590 812 1822 858 [Tuftulanorum
1835 841 1846 858 ‚
1873 818 1907 850 (9⁵
1919 821 1953 849 N
1956 829 2052 851 omen-

1162 874 1300 907 tanorum
1322 875 1421 906 terras
1450 865 1590 907 hostiliter
1610 866 1792 899 invadentes
1803 889 1814 905 ,
1840 872 1883 899 eis
1896 876 2051 909 tamquam

1160 916 1380 955 contumacibus
1394 941 1405 958 ,
1431 918 1496 949 &a
1520 919 1646 949 Domino
1662 915 1716 958 suo
1728 939 1738 954 ‚
1765 924 1868 958 nempe
1888 917 2054 958 Pontifice,

1162 965 1394 1006 rebellantibus,
1423 967 1539 999 damna
1557 966 1732 1010 gravissima
1744 967 1933 999 intulerunt.
1963 969 2057 999 Dein-

1162 1017 1200 1049 de
1206 1015 1336 1055 fluvium
1351 1018 1467 1054 Tyberis
1480 1028 1545 1048 cum
1566 1014 1708 1060 immensa
1720 1016 1830 1048 militia
1853 1015 2059 1056 &fortitudia

1143 1077 1199 1110 {ne
1221 1075 1407 1098 armatorum
1430 1067 1567 1107 peditum
1593 1091 1603 1106 ‚
1631 1070 1665 1100 (ἐν
1680 1065 1908 1110 sagittariorum
1940 1064 2054 1110 copiosa

1144 1116 1353 1167 jmultitudine
1363 1114 1542 1157 transeunt,
1571 1116 1718 1158 Galefiam
1744 1114 1933 1160 &universa
1955 1121 2054 1150 Comi·

1163 1172 1204 1198 tis
1226 1167 1358 1199 Gerardi
1373 1164 1501 1205 Castella
1512 1164 1604 1208 usque
1626 1168 1671 1198 ad
1683 1169 1814 1199 Sutrium
1839 1166 2050 1207 devastarunt.

1164 1213 1228 1258 Post
1240 1216 1335 1250 multa
1353 1217 1478 1257 denique
1503 1217 1618 1248 damna
1641 1215 1908 1258 &exspoliationes
1925 1241 1936 1256 ,
1963 1221 2058 1258 Capt-

1164 1275 1316 1307 taneorum
1338 1266 1536 1307 cervicositate
1559 1266 1653 1299 valde
1679 1265 1842 1306 delirum,
1876 1267 1920 1298 ad
1929 1267 2060 1298 manda-

1164 1325 1226 1354 tum
1251 1317 1286 1350 <9⁸
1294 1314 1505 1358 subieblionem
1531 1319 1652 1348 Domini
1678 1316 1832 1358 Pontificls
1856 1318 1953 1350 redire
1965 1316 2056 1349 coac‘lz'

1160 1363 1255 1408 sunt,
1281 1365 1414 1398 liberata
1438 1366 1511 1399 urbe
1520 1365 1559 1397 ab
1585 1376 1682 1398 eorum
1705 1367 1883 1406 tyrannide,
1910 1367 1943 1399 &
1958 1366 2059 1406 insta-

1164 1411 1226 1456 'tum
1240 1412 1327 1458 suum
1343 1414 1469 1455 Ecclesia
1491 1414 1643 1454 restituta.
1672 1414 1749 1447 Post
1775 1415 1969 1448 exstinstum
1984 1416 2061 1449 Ma-

1166 1464 1352 1509 gniCaroli
1374 1475 1479 1508 genus
1503 1465 1689 1498 Italicarum
1710 1465 1906 1505 civitatum,
1934 1466 2058 1509 praeser-

1168 1515 1228 1551 'tim
1250 1512 1351 1553 prope
1374 1512 1489 1545 urbem
1516 1535 1526 1549 ,
1554 1513 1705 1545 Comites
1734 1514 1921 1547 Romanam
1948 1514 2061 1549 Eccle-

1167 1561 1242 1600 (iam
1254 1561 1430 1600 tractarunt
1444 1558 1656 1592 crudelissime
1666 1585 1674 1599 ,
1703 1561 1737 1593 in
1754 1561 1984 1603 Apostolicam
1998 1565 2061 1598 Ca·

1166 1608 1316 1650 thedram
1340 1609 1542 1643 intruserunt
1558 1608 1669 1653 Papali
1682 1610 1807 1644 Officio
1819 1611 1948 1654 ineptos
1960 1623 1996 1645 ac
2011 1613 2062 1646 in-

1167 1659 1287 1704 dignos
1307 1660 1382 1694 suos
1398 1659 1485 1693 filios
1505 1670 1560 1693 aut
1574 1670 1757 1705 cognatos,
1784 1660 1980 1706 &pleraque
1992 1663 2061 1706 ejus

1168 1709 1368 1751 patrimonia
1394 1710 1600 1749 invaserunt,
1627 1712 1811 1744 lacerarunt
1835 1735 1846 1751 ‚
1875 1713 2058 1747 vastarunt.

1166 1758 1350 1804 Gregorius
1361 1760 1469 1794 sextus
1483 1771 1625 1803 reparare
1639 1758 1822 1794 studuerat:
1852 1761 1911 1795 Ast
1925 1762 2060 1797 modico

1165 1809 1299 1843 effectu.
1329 1810 1417 1845 Rem
1432 1811 1567 1844 tandem
1590 1810 1843 1845 aNortmannis
1866 1813 2059 1847 consecutus

1165 1860 1211 1894 est
1228 1859 1409 1894 Nicolaus.
1437 1861 1546 1895 Etiam
1562 1860 1751 1894 Alexander
1770 1861 1952 1901 secundus,
1979 1862 2060 1896 Gre-

1166 1908 1280 1955 gorius
1294 1911 1452 1954 septimus
1465 1935 1475 1950 ‚
1502 1911 1536 1944 &
1549 1910 1656 1953 plures
1670 1912 1872 1946 Succeffores
1883 1935 1890 1943 .
1917 1911 2060 1947 Istorum

1167 1970 1249 1994 terra
1266 1958 1436 1994 adversum
1450 1960 1592 1994 Hem-ici
1615 1961 1723 2003 quarti
1748 1961 1782 1995 ὅ(
1794 1961 1935 1997 Henrici
1946 1962 2058 2007 quinti

1166 2008 1342 2046 violentias
1354 2010 1418 2046 fuit
1428 2009 1479 2047 his
1490 2019 1603 2057 portus
1618 2022 1718 2058 atque
1732 2012 1882 2056 asylum.

1855 3520 1989 3561 mco·
2020 3494 2022 3496 ⁵
