2366 3756
926 171 1420 216 DxerArus.

259 256 395 294 tandem
418 253 464 293 est
475 252 655 292 Hicmarus
668 278 679 293 ,
705 264 781 288 eum
801 253 874 290 aliis
886 252 1144 297 pontigonenfis

259 305 408 343 Concilii
442 302 613 348 Episcopis
647 304 794 341 sanciens
819 301 910 341 hunc
936 303 1111 337 Canonem
1133 317 1143 342 ‚-

258 362 300 394 Ut
311 357 402 395 bonor
414 359 528 388 Domno
553 355 588 388 (5
603 352 757 396 spirituali
775 355 867 386 Patri
889 353 979 392 nostro
995 358 1142 399 joanni,

260 410 380 444 Summo
405 405 561 448 Pontifici,
586 405 620 438 ό·
644 403 808 442 venerabili
834 402 1002 446 universali
1029 407 1144 446 Papae,

259 458 301 491 ab
314 458 448 491 omnibus
465 453 672 497 conservetur,
697 455 733 492 o·
752 464 821 496 quae
838 452 1003 496 secundum
1025 453 1145 497 sacrum

257 507 345 552 suum
383 504 577 551 Ministerium
613 504 786 538 audoritate
813 504 973 545 Apostolica
1010 506 1146 538 decreve-

259 563 304 592 rit
323 583 335 600 ‚
373 568 439 592 cum
458 553 581 599 summa
604 560 795 589 veneratione
832 554 873 587 ab
900 555 1036 588 omnibus
1058 553 1145 598 susci-

254 614 385 651 piantur
409 632 421 648 ,
455 606 490 639 &
514 604 619 639 debita
655 605 700 644 illi
742 604 910 639 obedientia
945 605 985 643 ab
1010 603 1146 643 omnibus

259 657 464 702 conservetur.

309 704 460 756 Qaestio
471 707 542 748 est,
569 705 626 740 An
637 704 686 745 11ae
706 716 824 745 voces,
851 708 948 749 Papae
971 705 1050 750 sbti,
1077 715 1145 740 non

259 757 434 793 dumtaxat
468 757 653 802 generalem
677 757 781 791 totius
806 756 958 791 Ecclefiae
983 781 996 798 ,
1022 755 1075 791 sed
1102 765 1148 790 et-

259 809 331 848 iam
354 807 582 849 Occidentalis
608 804 871 854 patriarchatus,
897 817 954 842 aut
982 806 1067 841 certe
1081 806 1148 840 Ro-

260 869 365 896 manae
390 857 573 892 Provinciae
610 856 839 902 particularem
878 857 1052 901 Synodum
1073 881 1085 898 ,
1110 867 1148 895 ac

259 909 343 945 item
369 907 595 946 Dominorum
624 906 853 948 Cardinalium
879 906 1071 951 Collegium
1097 917 1148 940 ex·

256 958 427 997 cludant?
453 957 512 992 An
531 956 783 995 condendorum
808 957 990 994 Canonum
1015 956 1149 991 austori-

260 1018 364 1044 tatem
386 1007 573 1044 adscribant
591 1006 654 1045 soli
674 1006 849 1044 Pontificis
873 1009 1017 1050 personae
1034 1007 1049 1030 ἓ
1074 1005 1149 1040 Par-

261 1070 330 1094 tem
351 1059 577 1094 affirmativam
596 1057 710 1092 suadet
721 1056 907 1096 Cardinalis
919 1057 1089 1091 Bennonis
1113 1058 1148 1090 in

258 1110 411 1145 nostrum
425 1108 600 1154 septimum
612 1107 813 1153 Gregorium
828 1107 990 1142 Investiva
1006 1119 1012 1139 :
1042 1111 1150 1151 Grego-

258 1165 301 1194 rii
312 1184 325 1201 ‚
350 1160 452 1201 ejec‘lis
465 1162 486 1193 a
498 1159 607 1201 consilio
633 1160 668 1193 (9
679 1158 807 1193 custodia
822 1159 889 1198 ejus
910 1157 1126 1191 Cardinalibus
1139 1182 1149 1200 ,

259 1215 332 1248 vita
360 1210 479 1252 &fides
503 1209 754 1257 &doHrinafine
768 1207 887 1248 testibus
902 1207 993 1250 fuit,
1019 1219 1083 1241 cum
1100 1206 1151 1251 sa,-

262 1265 306 1294 ενι·
318 1264 457 1293 canones
468 1266 672 1302 praeeipiant,
697 1264 772 1293 utin
786 1259 931 1296 omniloco
956 1267 1018 1292 tres
1039 1260 1152 1292 Cardi-

261 1311 347 1344 nales
361 1309 554 1351 Presbyteri,
579 1310 614 1343 (3·
637 1309 696 1343 duo
716 1311 841 1342 Diacom'
854 1311 974 1351 Papam
994 1320 1053 1342 non
1074 1306 1150 1351 dese·

261 1368 357 1401 ram,
380 1367 503 1402 propter
522 1358 716 1399 testimonium
741 1358 967 1399 Ecclefiasticum
991 1383 1001 1399 ‚
1027 1361 1061 1392 (5
1085 1367 1150 1400 pro-

257 1409 437 1455 pterflylum
449 1414 590 1444 veritatis
603 1435 610 1441 .
638 1407 745 1451 Addit
758 1408 798 1442 ab
820 1407 891 1452 ipso
915 1410 1015 1442 etiam
1029 1409 1151 1442 Henri-

262 1472 340 1494 cum
362 1460 523 1495 Caesarem
544 1470 655 1503 praeter
683 1459 888 1493 voluntatem
914 1459 949 1492 &
976 1458 1150 1493 confilium

260 1509 518 1550 Cafflinafium,
544 1510 688 1558 ideoque
709 1510 788 1543 citra
802 1509 981 1542 Canonum
1004 1508 1153 1550 judican-

261 1558 481 1601 dimdium,
507 1559 601 1594 fuiffe
630 1559 959 1593 excommunicatum
975 1582 982 1589 .
1009 1556 1151 1591 Videtur

259 1610 345 1653 ergo
365 1609 547 1653 Gregorius
569 1609 683 1643 omnia
707 1609 795 1644 solus
805 1608 924 1650 egisse.
952 1605 1151 1648 Respondeo

260 1657 476 1693 cardinalem
499 1658 697 1696 Bennonem
719 1655 905 1700 'infigniter
940 1654 1150 1689 calumniari.

197 1743 205 1747 s
261 1707 389 1744 Omnia
408 1707 500 1742 enim
533 1708 588 1742 sua
601 1707 744 1741 Decreta
771 1706 805 1740 ὃς
818 1705 955 1744 Edicta,
981 1706 1016 1739 δε
1029 1705 1152 1748 quaevis

260 1758 387 1800 maiora
397 1757 553 1803 negotia,
579 1769 651 1791 non
674 1757 781 1790 solum
807 1766 884 1789 cum
898 1754 1151 1795 cardinalibus,

261 1806 320 1843 :sed
346 1808 446 1842 etiam
471 1819 550 1842 cum
589 1808 644 1840 sua
683 1806 884 1850 quandoque
911 1804 1150 1848 patriarchali,

262 1857 464 1902 quandoque
474 1856 697 1896 Provinciali,
724 1856 923 1901 quandoque
942 1867 984 1890 ex
1007 1855 1083 1890 solis
1106 1854 1152 1890 vi-

263 1908 348 1942 cinis
381 1918 438 1942 aut
461 1906 595 1942 advenis
627 1906 798 1951 Episcopis
835 1907 975 1941 collesta
1012 1903 1151 1948 Synodo

261 1958 334 2002 egit
357 1958 541 2002 Gregorius
565 1969 573 1988 ε
601 1957 699 1991 More
720 1957 910 2000 Majorum.
938 1955 1032 1990 Olim
1059 1955 1150 1990 enim

259 2018 333 2042 non
356 2016 487 2043 tantum
498 2006 730 2045 Romanorum
752 2006 978 2047 Pontificum,
1006 2005 1060 2040 sed
1083 2016 1151 2039 om-

259 2057 357 2092 nium
368 2056 468 2092 etiam
490 2055 754 2093 patriarcharum
780 2067 836 2091 aut
858 2056 1149 2101 Metropolitarum

259 2107 451 2142 Decretales
471 2106 627 2151 Epistolae
648 2108 771 2149 semper
792 2107 924 2139 fuerunt
948 2106 1149 2148 synodales.

261 2158 432 2203 roirca
447 2158 582 2200 praefatae
594 2166 690 2188 voces
700 2156 882 2188 excludunt
893 2154 996 2187 solam
1019 2164 1149 2198 genera-

261 2206 329 2239 lem
352 2204 526 2247 Synodurn
549 2227 557 2235 .
596 2203 710 2237 Plures
743 2203 920 2247 Justiniani
942 2202 1150 2247 Imperatoris

261 2254 352 2299 leges
372 2252 495 2288 habent
505 2251 592 2293 hanc
605 2253 740 2288 finalem
753 2251 958 2290 additionem
973 2266 980 2286 :
1008 2257 1149 2286 Recitata

260 2306 378 2346 Septies
401 2328 409 2335 .
447 2303 646 2348 Legendum
681 2302 727 2336 est
753 2328 764 2343 ,
789 2305 913 2344 Septimi
931 2326 939 2333 .
966 2303 1148 2346 Septimum

263 2354 354 2387 enim
380 2353 443 2388 fuit
469 2352 851 2396 constantinopolitana:
885 2351 958 2385 urbi
1001 2352 1148 2388 vicinum

262 2403 447 2444 Palatium,
473 2403 508 2439 in
522 2414 588 2447 quo
601 2403 750 2446 ftequens
764 2402 862 2436 fiebat
871 2402 1029 2437 adunatio
1052 2402 1149 2438 Sena—

263 2462 318 2488 tus
347 2478 359 2494 ,
383 2453 534 2495 adeoque
560 2453 595 2486 δε
617 2452 686 2486 illic
708 2464 764 2495 per
784 2453 973 2496 Principem
997 2461 1056 2487 aut
1080 2451 1147 2495 ejus

266 2504 408 2538 sanffius
427 2502 602 2538 confilium
623 2512 790 2546 conceptae
813 2502 899 2548 leges
913 2502 1147 2539 recitabantur,

264 2553 338 2587 Lex
348 2554 439 2587 enim
454 2562 522 2587 non
542 2563 609 2587 erat
621 2553 697 2592 lex,
726 2553 783 2586 nifi
805 2553 895 2596 prius
915 2564 971 2596 per
992 2552 1149 2587 Notario-

264 2614 338 2637 rum
350 2602 581 2637 Primicerium
605 2603 640 2636 in
656 2604 775 2636 Senatu
791 2603 923 2637 recitata
948 2603 981 2637 δε
991 2602 1146 2646 probata.

265 2654 413 2688 Romani
425 2653 603 2687 Pontificis
614 2653 751 2686 Senatus
771 2652 818 2687 est
840 2651 949 2697 aliqua
962 2653 1031 2696 ejus
1043 2654 1147 2696 Syno-

264 2703 327 2737 dus
337 2729 347 2744 ‚
373 2714 410 2737 ac
420 2703 488 2746 ejus
499 2703 579 2737 novi
593 2703 749 2737 Canones
761 2713 815 2745 per
825 2701 911 2737 hanc
924 2703 1006 2737 olim
1016 2703 1147 2737 fuerunt

266 2754 390 2797 semper
409 2753 554 2795 probati.
584 2753 712 2788 Verum
737 2754 967 2788 Dominorum
989 2753 1147 2787 Cardina-

237 2846 243 2849 χ
264 2803 350 2838 lium
359 2803 530 2840 auctoritas
541 2804 696 2846 paulatim
708 2804 874 2844 excrevit,
898 2804 932 2837 &
955 2804 1033 2838 sacri
1055 2803 1146 2838 istius

265 2855 406 2889 Senatus
415 2852 602 2896 amplitudo
612 2854 745 2889 tandem
758 2854 798 2888 ad
811 2854 896 2897 ipsos
916 2853 1003 2888 solos
1021 2864 1146 2889 contra·

264 2906 315 2939 &a
328 2904 394 2944 est,
421 2915 458 2937 ac
469 2902 553 2937 solus
563 2902 706 2947 ipsorum
717 2906 892 2939 consensus
914 2915 1020 2938 novos
1037 2903 1147 2939 Cano·

265 2965 324 2987 nes
336 2954 401 2997 jam
413 2953 539 2997 pridem
552 2953 701 2988 firmavit.
720 2958 912 2989 Dominarum
925 2956 1145 2994 Cardlnalium,

266 3004 378 3046 inquit
399 3005 540 3050 Joannes
552 3003 594 3037 de
612 3002 883 3045 Turrecrernata,
909 3004 1018 3048 confilio
1042 3006 1076 3039 ἐν
1097 3002 1146 3048 as·

261 3052 351 3097 sensu
363 3055 501 3091 Summus
513 3053 658 3096 Pontifex
683 3060 780 3098 regit,
805 3054 957 3099 disponit,
982 3063 1072 3098 atque
1090 3068 1146 3100 gu-

264 3104 374 3138 bernat
385 3101 583 3149 universalem
595 3103 767 3146 Ecclesiam,
792 3106 903 3155 Quem
926 3117 1051 3140 morem
1070 3117 1144 3140 cum

265 3154 401 3197 antiqua
412 3154 518 3191 forma
531 3154 708 3188 conciliare
718 3156 827 3190 conati
842 3155 1028 3192 Cardinalis
1050 3155 1145 3190 Cusa-

265 3216 329 3239 nus
344 3214 442 3248 atque
454 3203 633 3240 Bafileense
645 3204 835 3239 Concilium
848 3230 859 3247 ‚
882 3208 1059 3242 sanxerunt
1071 3206 1146 3240 Car-

261 3253 394 3288 ·dinales
416 3255 531 3290 assumi
548 3253 565 3287 ὲ
579 3254 710 3288 d1verfis
721 3256 911 3291 nationibus
923 3282 934 3297 ,
962 3257 1046 3300 ipsos
1058 3256 1143 3300 apud

264 3303 465 3339 Pontificem
487 3305 551 3338 esse
569 3305 629 3337 suae
651 3304 795 3339 nationis
816 3305 969 3342 Vicarios
993 3308 1027 3341 δε
1042 3307 1145 3352 Lega-

265 3364 338 3393 tos,
359 3364 458 3398 atque
479 3355 525 3389 ita
547 3365 588 3388 ex
601 3354 673 3399 ipfis
696 3353 762 3390 fine
773 3357 888 3397 quovis
900 3358 966 3392 alio
980 3358 1143 3401 Episcopo

265 3405 420 3451 componi
433 3402 641 3446 synodorum
656 3405 758 3439 totius
769 3406 962 3441 Occidentis
974 3432 981 3439 .
1010 3409 1090 3441 Huc
1102 3416 1146 3441 et-

265 3453 332 3488 iam
345 3455 472 3498 respicit
485 3454 671 3491 Cardinalis
684 3455 866 3490 Hostienfis
878 3480 888 3497 ‚
914 3456 1027 3492 dicens
1038 3460 1145 3491 Cardi-

1931 175 2023 234 187

1209 255 1292 287 nales
1304 255 1361 287 Ioco
1372 251 1554 296 universalis
1571 251 1706 295 Ecclefiae
1723 250 1812 296 ficum
1823 252 1930 289 babere
1953 258 2092 298 officium.

1211 304 1253 337 Et
1276 304 1355 338 tales
1376 303 1533 346 Synodos‘
1543 304 1627 338 olim
1653 304 1795 338 omnine>
1810 303 1925 340 habuit
1937 304 2092 341 Africana

1213 353 1349 388 Ecclefia
1361 378 1369 387 .
1397 354 1436 385 ln
1449 353 1631 393 condendis
1642 353 1743 389 hodie
1764 355 1960 391 Canonibus
1972 357 2095 391 Roma-

1211 403 1244 436 ni
1258 403 1436 438 Pontifices
1447 403 1518 436 solo
1533 414 1672 442 utuntur
1686 404 1913 443 Cardinalium
1936 408 2072 444 consilio
2084 429 2095 446 ‚

1209 464 1277 487 non
1290 454 1468 497 exquirunt
1479 453 1690 491 eonsensum,

1257 504 1295 537 In
1323 503 1520 537 Christianis
1545 504 1655 541 terris,
1681 505 1825 547 proprios
1846 506 2030 550 Episcopos
2042 505 2097 540 ha-

1210 551 1362 588 bentibus
1385 578 1396 594 ,
1422 553 1487 586 sine
1508 553 1677 587 Ordinarii
1700 578 1711 594 ,
1737 553 1828 596 cujus
1852 554 2010 591 Paroehia
2033 557 2096 591 dis-

1210 603 1422 637 membranda
1431 602 1476 637 est
1490 625 1500 642 ‚
1525 604 1684 638 consensu
1704 615 1772 637 non
1787 607 1874 647 posse
1887 606 1970 650 erigi
1991 617 2096 641 novos

1213 653 1426 701 Episcopatus
1437 654 1577 688 affirmat
1588 654 1621 687 in
1637 655 1696 692 suo
1709 654 1748 688 ad
1761 654 1995 699 sexagefimum
2019 656 2097 691 Car-

1210 701 1440 748 thaginensem
1461 703 1638 738 Canonem
1664 704 1916 739 Commentario
1934 705 2095 740 Theodo—

1209 764 1262 787 rus
1285 753 1460 788 Balsamon
1474 778 1484 794 ,
1510 754 1543 787 &
1566 753 1717 798 adjungit
1735 767 1742 786 :
1771 758 1852 786 Fieri
1872 755 2034 798 Episcopos
2056 757 2097 790 de

1211 815 1285 837 novo
1303 809 1336 837 in
1348 803 1500 838 Parocbiis
1511 829 1522 846 ‚
1549 816 1618 847 quae
1641 802 1713 846 sunt
1736 804 1803 836 aliis
1819 803 1979 847 Episcopis
1997 805 2096 848 subje-

1210 853 1265 887 c‘lae
1281 878 1291 893 ,
1311 853 1373 897 fine
1396 858 1484 897 Regio
1505 857 1650 888 mandato
1680 866 1738 887 non
1748 859 1958 895 permittitur,
1984 855 2099 897 etiamsi

1210 905 1316 937 millies
1327 902 1499 948 consenserit
1514 929 1525 945 ‚
1551 912 1602 948 qui
1616 916 1680 938 eam
1693 903 1781 938 hahet
1802 904 1968 947 Episcopus
1982 930 1989 937 .
2015 907 2099 943 syno-

1211 955 1274 987 dice
1284 960 1361 988 enim
1374 955 1555 996 constitutum
1568 955 1605 995 est
1614 979 1624 995 ,
1648 965 1682 993 ut
1695 966 1746 988 nec
1756 954 1822 997 ipsa
1846 967 1957 998 magna
1968 956 2099 994 synodus

1204 1002 1264 1045 fine
1277 1005 1356 1047 jussu
1368 1009 1458 1048 Regio
1474 1008 1556 1047 poffit
1568 1017 1681 1041 novare
1694 1010 1757 1048 Epi
1758 1005 1860 1050 scopos
1869 1028 1878 1037 .
1908 1006 1952 1040 Et
1964 1005 2100 1049 quidem

1214 1054 1391 1098 Episcopi,
1417 1056 1473 1098 qui
1485 1056 1593 1099 aliqua
1607 1057 1764 1091 Dioecefis
1776 1058 1837 1091 sua:
1849 1065 1938 1100 parte
1960 1056 2101 1098 spolian-

1212 1105 1271 1139 dus
1282 1105 1394 1145 venit,
1421 1106 1579 1142 assensum
1600 1108 1732 1151 requirit
1744 1108 1841 1141 etiam
1861 1104 2001 1141 secunda
2023 1106 2101 1140 Car-

1213 1154 1412 1200 thaginenfis
1435 1154 1593 1201 Synodus
1617 1169 1628 1188 .·
1672 1155 1811 1199 Diaeceses
1849 1168 1915 1198 quae
1937 1167 2102 1199 numquam

1213 1205 1379 1239 hahuerunt
1390 1205 1571 1250 Episcopos‚
1599 1217 1657 1239 non
1669 1205 1800 1241 babeant
1814 1230 1821 1241 .
1847 1209 1894 1239 Et
1911 1205 1943 1247 fi
1949 1207 2103 1239 accedente

1213 1264 1342 1297 tempore
1355 1280 1366 1296 ,
1391 1256 1533 1300 crescente
1544 1256 1628 1299 fide,
1656 1260 1714 1291 Dei
1740 1256 1868 1299 populus
1889 1257 2103 1298 multiplicatus

1213 1304 1423 1346 defideraverit
1443 1314 1600 1349 proprium
1620 1306 1729 1341 babere
1751 1307 1903 1340 ReHorem
1928 1330 1938 1346 ,
1964 1309 2026 1347 ejus
2052 1317 2104 1339 vo-

1212 1357 1328 1389 luntate
1349 1381 1360 1396 ,
1388 1363 1420 1388 in
1443 1359 1526 1398 cujus
1550 1357 1691 1398 potestate
1715 1355 1848 1398 Dioecefis
1869 1356 1908 1400 est
1928 1356 2103 1396 constituta,

1214 1405 1323 1440 habeat
1334 1405 1533 1449 Episcopum.
1563 1407 1677 1455 Qem
1689 1407 1864 1441 Canonem
1886 1406 1928 1440 ad
1944 1404 2104 1451 Epigonii

1215 1457 1368 1499 Episcopi
1379 1456 1602 1499 querimonias
1627 1457 1661 1490 ὃς
1681 1467 1790 1499 preces
1815 1457 1911 1490 tertia
1933 1457 2034 1490 etiam
2047 1457 2105 1499 Sy-

1215 1505 1323 1538 nodus
1334 1505 1509 1537 innovavit
1536 1505 1812 1540 &confirmavit.
1841 1505 1898 1538 Est
1924 1506 2053 1539 &alius
2067 1506 2105 1540 in

1216 1564 1300 1596 vaga
1314 1552 1369 1585 illa
1380 1553 1575 1586 collectione
1601 1552 1781 1588 Africanus
1803 1553 1947 1587 Canon:
1976 1554 2083 1589 Plebes
2098 1579 2111 1595 ‚
2124 1563 2197 1601 cap.
2214 1566 2258 1598 65.

1214 1613 1282 1644 quae
1302 1612 1467 1645 numquam
1495 1602 1660 1636 habuerunt
1685 1608 1823 1646 proprios
1835 1603 1997 1647 Epiftopos
2019 1630 2030 1646 ,
2056 1604 2113 1646 nist*

1215 1663 1253 1684 ex
1282 1654 1408 1685 Concilio
1430 1655 1568 1695 plenario
1590 1652 1815 1697 uniuftujusque
1841 1657 2012 1688 Provinciae
2033 1681 2043 1696 ,
2071 1657 2107 1690 6*

1218 1705 1365 1739 ,Primam
1379 1728 1390 1743 ‚
1414 1711 1503 1746 atque
1515 1702 1656 1746 consensu
1666 1707 1731 1745 eJus
1744 1728 1754 1744 ,
1780 1705 1825 1737 ad
1845 1707 1932 1745 qu’us
1956 1704 2106 1746 Dioecefim

1216 1754 1322 1786 eadem
1342 1752 1469 1791 Ecclesia
1487 1754 1659 1796 pertinebat
1673 1778 1684 1794 ,
1710 1756 1834 1788 minime
1855 1760 2003 1798 accipiant
2024 1779 2031 1788 .
2060 1756 2105 1790 Et

1216 1803 1397 1844 Sylvanum
1423 1803 1697 1849 Calaguritanum
1710 1805 1911 1848 Episcopum
1927 1831 1937 1848 ‚
1964 1817 2033 1839 non
2054 1807 2106 1839 so·-

1218 1853 1286 1888 lum
1296 1854 1387 1897 quod
1397 1852 1465 1888 fine
1477 1855 1729 1899 Metropolitica
1742 1856 1934 1890 austoritate
1947 1879 1958 1895 ‚
1985 1854 2038 1889 sed
2059 1865 2107 1890 et-

1215 1904 1282 1938 iam
1305 1904 1370 1939 line
1389 1903 1495 1939 Caesar
1511 1904 1719 1950 :Augustani
1748 1905 1907 1949 Episcopi
1943 1902 2107 1940 'consensu

1217 1965 1341 1989 novum
1362 1955 1397 1988 in
1420 1954 1489 1998 ejus
1510 1954 1651 1990 Dioecefi
1676 1956 1909 2000 Episcopatum
1934 1956 2105 1998 erexisset,

1214 2003 1300 2048 apud
1323 2005 1482 2040 Hilarum
1502 2004 1699 2040 Pontificem
1728 2007 1871 2052 graviter
1881 2008 2043 2041 accusavit
2056 2007 2105 2040 A·

1216 2055 1342 2089 scanius
1364 2056 1582 2100 Metropolita
1607 2057 1880 2091 Tarraconensis.
1910 2058 1955 2091 Et
1981 2057 2022 2091 de
2033 2056 2107 2100 qui·

1214 2102 1350 2140 busdam
1361 2129 1373 2144 ,
1402 2116 1484 2149 quos
1499 2105 1540 2138 ad
1551 2106 1701 2139 Wambae
1713 2107 1816 2151 Regis
1827 2107 2022 2142 violentiam
2036 2108 2104 2141 fine

1213 2152 1466 2189 ordinariorum
1488 2154 1612 2188 assensu
1635 2164 1779 2189 erexerat
1799 2177 1810 2192 ,
1836 2157 1931 2188 novis
1970 2156 2108 2198 Episco-

1214 2201 1347 2245 patibus
1375 2201 1558 2245 Stephanus
1597 2202 1807 2238 Emeritensis
1842 2204 2061 2248 Metropolita
2085 2207 2104 2240 ὲ

1213 2251 1410 2286 duodecima
1432 2251 1601 2286 Toletana
1623 2253 1761 2296 Synodo
1786 2255 1916 2288 veniam
1954 2256 2105 2299 supplici-

1212 2312 1259 2335 ter
1272 2312 1392 2345 rogans
1406 2325 1417 2341 ,
1443 2301 1630 2345 impetravit
1652 2304 1763 2337 caffari
1777 2305 1869 2338 suum
1892 2305 2011 2339 fastum
2027 2330 2039 2346 ‚
2065 2318 2103 2340 ac

1211 2352 1364 2394 deinceps
1394 2352 1510 2386 servari
1548 2351 1697 2387 laudatos
1722 2353 1897 2388 Africanos
1921 2355 2076 2390 Canones
2094 2381 2101 2388 .

1212 2401 1364 2436 Eandem
1389 2401 1700 2445 effeNicaenorum,
1726 2404 1962 2439 Sardicenfium
1980 2430 1990 2445 ‚
2017 2406 2102 2440 Lao—

1212 2452 1414 2493 dicenfium,
1440 2464 1478 2486 ac
1490 2452 1745 2488 Taurinenfium
1764 2454 1945 2489 Canonum
1976 2456 2102 2490 senten-

1213 2502 1292 2536 tiam
1315 2501 1443 2536 laudata
1464 2503 1619 2549 Synodus
1639 2503 1783 2540 ostendit
1809 2530 1815 2536 .
1843 2501 1887 2540 Et
1909 2506 2102 2541 Dunensem

1212 2553 1465 2596 Episcopatum,
1493 2560 1591 2598 quem
1612 2554 1654 2588 de
1667 2555 1827 2600 Sigeberti
1840 2555 1942 2600 Regis
1965 2558 2103 2591 consen-

1212 2605 1247 2638 su
1264 2612 1408 2639 erexerat
1432 2603 1468 2639 in
1490 2603 1686 2639 Carnutenfi
1712 2606 1852 2643 Dioecesi
1879 2608 1945 2641 fine
1958 2607 2099 2651 Pappoli

1213 2654 1367 2698 Episcopi
1388 2653 1521 2688 licentia
1535 2653 1697 2700 AEgidius
1717 2656 1933 2700 Metropolita
1956 2657 2100 2691 Remen-

1210 2705 1270 2743 fis,
1300 2702 1340 2738 ad
1351 2702 1492 2748 ejusdem
1505 2703 1643 2748 Pappoli
1656 2705 1916 2740 intercessionem
1939 2708 2099 2741 exstinxit

1210 2765 1320 2799 quarta
1331 2755 1483 2799 Synodus
1496 2754 1676 2789 Parisienfis
1690 2781 1697 2789 .
1728 2756 1792 2792 Rei
1812 2757 1989 2795 successum
2016 2757 2099 2791 mul·
2115 2753 2212 2788 Lib-7-

1209 2806 1252 2839 tis
1271 2805 1409 2849 exponit
1426 2804 1460 2839 in
1473 2805 1678 2839 Francorum
1699 2805 1849 2840 Historia
1873 2807 2007 2840 sanctus
2019 2808 2099 2849 Gre-
2109 2803 2192 2834 c³⁶¹7·

1209 2854 1319 2900 gorius
1332 2855 1511 2900 Episcopus
1521 2855 1747 2890 Turonensis.
1778 2855 1885 2891 Addit
1899 2858 2000 2894 etiam
2022 2857 2098 2891 Ari-

1208 2906 1377 2946 fitensem,
1405 2906 1447 2941 ab
1471 2906 1590 2941 eodem
1613 2906 1707 2952 Rege
1725 2909 1868 2942 ereetum
1882 2931 1893 2947 ‚
1921 2907 2098 2952 Episcopa-

1208 2966 1301 2996 tum,
1327 2956 1420 2991 fuisse
1441 2956 1634 2991 exstinctum
1657 2958 1697 2992 ad
1710 2968 1817 3000 preces
1842 2957 2004 2991 Dalmatii
2019 2958 2101 3002 Epi-

1208 3006 1296 3050 scopi
1322 3005 1558 3042 Ruthenenfis.
1587 3007 1747 3042 Ventanae
1769 3009 1847 3041 item
1863 3007 2004 3042 civitatis
2020 3008 2095 3052 Epi-

1206 3057 1393 3100 scopatum,
1418 3068 1517 3102 quem
1542 3058 1650 3092 invito
1674 3056 1851 3100 Agilberto
1874 3057 2094 3092 Dorcincano

1208 3107 1376 3151 Episcopo
1400 3118 1542 3143 erexerat
1564 3105 1756 3142 Cenvvalch
1767 3107 2040 3144 occidentalium
2057 3110 2090 3141 in
2110 3102 2168 3133 Lib.
2193 3112 2219 3140 3·

1207 3155 1333 3200 Anglia
1345 3158 1515 3192 Saxonum
1526 3158 1599 3192 Rex
1610 3182 1620 3198 ,
1646 3155 1862 3192 &Theodoro
1875 3158 2093 3192 Cantuarien-
2107 3151 2134 3173 ς·
2159 3153 2187 3177 ⁷·

1207 3208 1229 3240 fi
1254 3205 1515 3254 Archiepiscopo
1536 3209 1628 3242 fuiffe
1649 3208 1852 3251 synodaliter
1872 3209 2026 3259 cassatum
2047 3209 2092 3242 af-

1207 3257 1313 3292 firmat
1333 3255 1368 3293 in
1382 3255 1743 3304 Anglorum'Historia
1770 3257 1959 3292 venerabilis
1978 3257 2068 3292 Beda
2081 3282 2089 3290 .

1209 3305 1392 3353 Quomodo
1408 3308 1542 3347 Sanetus
1555 3309 1734 3353 imperator
1747 3308 1913 3342 Henricus
1939 3308 2090 3342 Bamber-

1207 3358 1338 3402 gensem
1351 3357 1584 3403 Episcopatum
1606 3361 1672 3394 fine
1683 3359 1823 3393 Henrici
1845 3357 2088 3401 Herbipoienfis

1210 3407 1364 3451 Episcopi
1389 3411 1510 3443 assensu
1540 3421 1599 3444 nec
1621 3409 1760 3443 erexerit
1774 3432 1784 3448 ‚
1811 3419 1870 3443 nec
1891 3408 2012 3452 erigere
2034 3417 2089 3449 po-

1207 3457 1302 3492 tuerit
1316 3482 1325 3498 ,
1353 3458 1463 3492 multis
1485 3460 1579 3494 refert
1600 3459 1667 3502 ejus
1689 3458 1755 3493 vita
1768 3457 1931 3503 publicata
1958 3466 2011 3499 per
2037 3457 2089 3500 Ja*

1914 3506 2036 3541 cobum

2118 1140 2193 1180 Cap.
2214 1149 2241 1176 ς.

2113 2990 2212 3024 L.5.c.
2224 2997 2248 3025 5.

2105 3481 2239 3520 C.14-15.
