2366 3756
68 1677 223 1713 Leuc-4.

898 101 1386 151 chrnrusq

1890 98 1983 165 357

231 188 423 225 modalibus.
453 186 524 221 Hic
557 185 647 225 enim
685 185 814 220 sextum
850 183 1028 227 Nicaenum
1065 183 1140 218 inst
1179 195 1237 228 pro
1259 182 1451 219 celebranda
1468 184 1553 228 apud
1575 183 1718 219 Romam
1731 184 1940 220 OEcumenica
1954 189 2056 230 Syno—

230 237 333 274 nov'at
358 234 569 275 solummodo
594 246 632 270 ac
647 236 786 279 exponit
798 259 809 276 ,
832 234 975 279 ideoque
990 234 1031 269 de
1044 234 1114 278 ipso

1180 234 1225 268 do
1246 235 1303 268 scri
1308 235 1437 277 pserunt
1448 234 1487 269 ad
1508 234 1737 279 Imperatorem
1747 233 1974 270 Theodosium
1982 238 2057 271 San-

231 287 418 326 orientales
443 285 599 331 Episcopi
623 284 935 319 nonerubuerunt.
966 284 1115 319 Unde&
1181 286 1247 325 dius
1268 284 1459 318 Ambrosius
1482 286 1517 318 &
1535 286 1637 320 caeteri
1657 310 1664 317 .
1688 284 1791 319 Italiae
1804 286 1957 329 Episcopi
1966 289 2058 320 Fidei

231 339 336 382 ipsum
361 338 456 381 poffit
492 336 653 370 Damasus
685 334 919 368 confirmaffe.
960 334 1117 369 Tandem

231 388 443 427 confirmavit
468 387 568 421 etiam
594 384 736 425 Maximi
762 383 885 427 Cynici
910 383 1119 429 degradatio-

233 450 328 475 nem:
356 437 400 471 Et
427 436 462 471 hi
488 438 563 471 sunt
590 446 653 470 tres
679 433 856 475 Canones‚
878 431 967 478 -quos
979 435 1040 468 suae
1051 433 1121 469 col·

234 488 369 529 lestioni
396 487 531 522 inseruit
558 484 737 528 Dionysms
763 484 913 530 Exiguus
932 510 939 517 .
967 485 1122 533 Qapro-

234 548 306 582 pter
330 538 435 572 fateor
457 536 588 570 secundi
603 535 752 576 Canonis
761 535 985 569 austeritatem
1001 535 1122 579 viguis-

236 591 269 624 se
289 590 411 632 semper
432 586 518 631 apud
542 596 676 620 omnem
699 584 1000 624 Christianitatem·
1038 584 1122 619 Ter·

236 637 279 676 tii
305 636 457 679 Canonis
483 647 542 681 pro
578 635 951 678 Constantinopolitano
988 635 1122 678 Episco-

235 697 282 731 po
306 687 517 732 appendicem
555 678 737 731 graviffime
772 685 942 720 damnavit
979 685 1123 730 Magnus

236 737 328 776 Leo.
352 738 398 773 Et
422 735 517 780 hujus
541 737 670 771 sensum
706 735 891 770 constanter
927 735 979 770 &n
997 735 1123 770 dudum

234 787 336 824 etiam
362 787 514 823 adversus
540 786 745 829 Imperatoris
771 785 945 828 Iustiniani
972 783 1064 830 seges
1075 793 1123 823 tu-

236 846 305 874 tata
330 838 376 872 est
401 838 513 872 omnis
539 836 661 871 Latina
688 836 849 874 Ecclesia

253 899 256 903 ’
285 884 454 920 Secundus
479 896 567 921 error
590 887 636 921 est
661 885 696 919 in
722 884 774 920 his
800 885 921 921 verbis:
949 889 986 919 In
1005 896 1039 919 ea
1060 884 1125 928 sen-

237 940 333 973 tentia
350 935 481 978 faurum
504 938 706 971 occidentales
729 936 874 980 Episcopi
896 961 906 977 ‚
931 945 964 970 ut
979 934 1125 973 existima—

237 994 306 1020 rent
322 986 520 1023 communibus
538 990 671 1021 Orientis
693 988 728 1020 (ς’
738 988 905 1019 occidentis
911 984 1066 1027 [affl-agiis
1078 984 1126 1017 de-

239 1036 390 1080 finiendas
411 1036 462 1080 ff
486 1037 622 1079 querelas
642 1035 681 1068 ab
704 1034 862 1078 Episcopis
876 1034 1127 1075 illustriffimarum

244 1090 378 1121 Orientis
398 1085 588 1129 Ecclefiaerum
622 1086 741 1119 delatas
763 1091 795 1118 in
820 1085 1023 1118 Occidentem.
1051 1084 1125 1118 Ete-

240 1137 314 1171 nim
342 1135 574 1174 Occidentales
602 1135 758 1178 Episcopi
783 1133 1038 1169 constantissime
1051 1135 1127 1168 sem—

241 1197 297 1230 per
318 1187 483 1221 senserunt
504 1197 578 1221 cum
601 1185 690 1228 Julio
713 1183 902 1226 Pontifice3
927 1185 982 1231 qui
994 1183 1125 1218 damna-

241 1246 314 1274 tum
335 1232 694 1277 abOrientaliSynodo
708 1231 924 1270 Athanasium
942 1234 1029 1269 solus
1040 1234 1130 1269 audi·

241 1286 290 1321 vit
303 1287 339 1318 in
359 1287 420 1320 suae
445 1283 627 1319 Provinciae
636 1285 776 1329 Synodo
792 1310 803 1327 ‚
826 1285 1004 1329 judicavit,
1028 1284 1130 1320 absol·

240 1335 292 1370 vit
304 1359 312 1367 .
339 1336 513 1371 Senserunt
525 1344 601 1370 cum
612 1334 788 1371 Sardicensi
801 1336 938 1380 Synodo
950 1361 960 1376 ‚
979 1348 1049 1379 quae
1061 1347 1129 1380 pro-

242 1384 333 1420 bavit
356 1387 391 1420 ὃς
417 1386 495 1430 Julii
515 1383 731 1421 &Athanasii
744 1387 849 1429 Atta,
875 1387 1028 1424 &Sancti
1041 1387 1129 1421 Petri

241 1436 438 1471 memoriam
458 1436 565 1471 sanxit
585 1436 604 1472 a
623 1437 750 1471 cunffis
761 1436 987 1472 Orientalibus
1000 1437 1130 1481 Episco-

240 1486 290 1529 pis
310 1487 435 1531 semper
444 1486 538 1521 fuisse
550 1510 562 1528 ‚
588 1499 627 1523 ac
639 1487 795 1532 deinceps
808 1490 871 1523 effe
883 1487 1130 1523 honorandam.

240 1536 338 1583 Qin
360 1537 397 1573 δε
416 1537 463 1571 ita
480 1538 606 1581 semper
626 1537 794 1574 senserunt
813 1543 934 1573 ornnes
951 1537 1130 1573 orthodoxi

239 1585 428 1622 orientales
451 1588 606 1632 Episcopi
627 1612 635 1620 .
681 1587 784 1636 Qod
809 1588 898 1623 enim
922 1588 1026 1632 Julius
1048 1586 1132 1620 circa

240 1633 462 1670 Athanasium
480 1637 578 1670 fuerit
594 1636 713 1679 s'ecutus
733 1636 870 1676 Ecclqfiae
887 1631 1061 1676 ominem,
1087 1634 1122 1669 di

241 1682 322 1719 ferte
344 1683 456 1718 scribit
479 1684 515 1717 in
537 1682 760 1720 Ecciefiastica
792 1686 942 1720 Historia
970 1682 1132 1721 Theodo-

242 1743 348 1770 retus.
375 1734 420 1767 Et
442 1734 635 1768 Maximum
656 1735 846 1778 Cynicum,
873 1736 930 1780 qui
942 1733 1055 1769 abbae
1067 1736 1132 1778 ipsa

243 1782 619 1826 Constantinopolitana
642 1784 782 1827 synodo
803 1786 975 1820 damnatus
988 1785 1133 1820 Romam

243 1832 438 1878 appellavit,
463 1833 550 1867 solus
570 1845 646 1868 cum
673 1834 731 1870 fibi
749 1833 914 1870 adsidente
938 1835 1051 1869 Italica
1075 1836 1134 1878 Sy-

244 1883 338 1919 nodo
360 1884 523 1918 Damasus
545 1884 672 1918 audivit
692 1909 704 1924 ‚
740 1886 923 1920 retractavit
958 1884 1027 1927 ejus
1062 1894 1135 1918 cau-

245 1936 337 1974 sam,
362 1945 401 1967 ac
421 1933 591 1968 definivit.
619 1934 662 1968 Et
688 1934 864 1977 Synodalis
877 1960 887 1976 ,
923 1945 995 1978 quae
1016 1933 1133 1977 scripta

244 1982 376 2017 videtur
395 1982 413 2016 a
432 1983 564 2027 Magno
587 1983 762 2019 Ambrosio
775 2009 785 2025 ,
814 1985 962 2027 Epistola
981 1982 1110 2019 addidit
1123 1997 1134 2017 .-

246 2037 323 2066 Cum
342 2032 534 2076 cognovissent
545 2033 733 2068 Orientales
757 2034 841 2077 apud
853 2034 1135 2076 Constantinopo-

246 2083 306 2118 lim
327 2084 521 2128 congregati
547 2083 702 2128 Episcopi
727 2083 918 2118 Maximum
939 2086 984 2115 ad
1004 2084 1134 2122 hoa-par-

247 2140 324 2167 tium
343 2133 471 2175 venisse,
496 2133 578 2173 quod
600 2129 716 2171 etiamst
732 2132 881 2163 indic‘lum
902 2132 1064 2163 Concilium
1075 2141 1132 2162 non

242 2183 367 2224 fuiffet,
384 2175 456 2221 ‘jure
471 2182 505 2214 (τ
528 2191 605 2214 more
625 2182 775 2220 Majorum
799 2204 810 2220 ,
838 2179 912 2221 ficut
939 2182 991 2214 ,ἐν
1018 2178 1134 2223 [αηέῖιε

248 2236 397 2264 memoriae
423 2228 620 2271 Athanasius,
647 2231 682 2263 (⁴5
706 2231 819 2263 dudum
845 2233 955 2263 Petrus
972 2254 982 2270 ,
1003 2231 1135 2263 Alexan·

248 2282 348 2313 drinae
370 2277 502 2320 Ecclesiae
526 2278 666 2322 Episcopi
684 2304 696 2320 ,
732 2281 766 2314 (ιν
787 2281 986 2314 Orientalium
1001 2282 1135 2323 plerique

242 2329 399 2372 fecerunt,
425 2335 458 2360 ut
481 2329 527 2361 ad
546 2329 682 2370 Ecclesi'ae
700 2333 833 2372 Romane
858 2355 868 2371 ,
895 2332 1015 2370 Italiae,
1038 2332 1075 2363 6·
1095 2339 1134 2363 to-

249 2386 313 2413 tius
340 2379 507 2413 Occidentis
518 2379 672 2423 confugisse
674 2380 826 2420 judicium
840 2382 1030 2414 viderentur.
1058 2384 1136 2412 Cum

248 2435 330 2463 enim
353 2433 484 2470 experiri
506 2430 584 2462 velle
605 2431 766 2462 adversum
790 2442 838 2463 eos
862 2455 873 2470 ,
899 2436 950 2473 qui
976 2429 1134 2473 Episcopa-

248 2478 311 2512 tum
332 2481 395 2521 ejus
416 2478 603 2520 abnuerant,
629 2480 825 2522 comperissent
847 2504 859 2519 ,
892 2479 1060 2522 praestolari
1080 2486 1134 2514 uti-

248 2539 305 2571 que
325 2527 451 2568 nostram
467 2527 559 2572 super
579 2540 609 2562 eo
622 2528 803 2572 sententiam
825 2529 1000 2563 debuerunt.
1026 2529 1135 2564 Locus

249 2579 296 2612 est
324 2578 500 2612 mendosus
523 2603 531 2611 .
559 2578 638 2613 Post
659 2580 761 2625 ‘verba
780 2603 791 2620 ,
812 2583 897 2625 Jure
918 2581 952 2613 (π
974 2591 1051 2613 more
1070 2584 1135 2613 Ma·

245 2631 370 2670 Jorum,
397 2627 474 2662 addi
500 2627 617 2661 debet:
647 2630 785 2663 Poterat.
815 2629 964 2673 Epistola
985 2629 1134 2664 adfirmat

248 2676 440 2711 Maximum
464 2676 657 2720 Cynicum,
684 2690 753 2713 non
773 2678 946 2713 dumtaxat
966 2680 1010 2714 -ad
1033 2681 1134 2715 totius

251 2727 404 2761 Ecciefiae
416 2727 650 2769 ,Occidentis,
677 2738 734 2763 aut
745 2728 846 2762 Italia:
857 2729 1028 2772 Synodutn
1041 2754 1052 2770 ,
1080 2731 1133 2764 sed

251 2777 285 2810 δε
307 2775 348 2811 ad
373 2775 475 2810 solam
498 2777 724 2820 Apostolicam
741 2777 856 2813 Sedem
880 2780 1018 2822 potuisse
1028 2780 1135 2823 appel-

252 2827 340 2867 lare,
365 2824 455 2860 hunc
477 2828 540 2860 esse
560 2837 683 2862 morem
702 2830 735 2863 δε
753 2829 802 2872 ius
815 2829 1003 2872 Majorum,
1029 2829 1131 2865 &tali

250 2875 464 2921 appellationi
483 2875 576 2910 fuiffe
595 2878 612 2911 a
636 2878 1004 2922 Constantinopolitano
1030 2880 1131 2923 Syno-

249 2925 296 2961 do
323 2925 531 2961 deferendam
558 2927 724 2970 suspensivi
749 2928 878 2963 effectus
902 2930 1130 2964 reverentiam.

252 2975 389 3017 Utique
410 2977 498 3021 juxta
520 2977 678 3011 canones
688 2979 906 3014 Sardicenses.
935 2980 1131 3015 Occidenta-

249 3025 299 3059 les
323 3025 477 3069 Episcopi
497 3036 587 3060 erant
613 3035 692 3061 tune
714 3029 798 3064 adeo
823 3030 939 3064 remoti
963 3031 981 3064 a
1007 3031 1128 3075 cogita-

253 3074 402 3110 tionibus
429 3077 474 3110 D.
500 3077 590 3111 Petri
612 3076 653 3111 de
676 3078 805 3114 Merca.

301 3125 437 3159 Tertius
461 3125 649 3160 errorestin
663 3127 713 3160 his
723 3129 842 3166 verbis:
869 3131 1035 3164 orientales
1051 3134 1128 3172 Epi-

247 3173 326 3219 scopi
335 3174 452 3219 semper
468 3176 618 3217 obstinatis
630 3183 740 3210 animis
749 3182 956 3214 contenderunt
979 3180 1057 3214 nibil
1074 3186 1126 3214 Oc-

250 3226 444 3260 cidentalibus
466 3226 622 3269 Episcopis
644 3231 874 3269 permittendum
899 3232 948 3274 effi’
972 3237 1048 3264 circa
1073 3232 1127 3264 ad-

249 3275 492 3316 ministrationem
519 3277 801 3320 &gubernationem
812 3280 1004 3323 Ecclesiarum
1026 3286 1128 3315 Orien—

250 3327 374 3359 talium.
402 3326 602 3371 Respondeo
626 3327 754 3370 aliquos
775 3329 869 3364 fuiffe
891 3332 924 3365 in
950 3333 1007 3366 ista
1028 3331 1125 3365 obsti·

249 3377 404 3412 natione.
436 3377 617 3413 Rationem
627 3378 831 3414 adduxerunt
844 3380 878 3415 in
890 3380 1025 3422 litteris,
1048 3393 1127 3425 quas

1183 343 1243 368 tuae
1268 343 1327 367 toto
1348 334 1413 366 orbe
1437 334 1545 377 diffusa
1565 342 1688 379 cognitio
1708 341 1845 368 intimum
1867 335 1968 374 nostrae
1979 348 2057 373 men-

1184 390 1224 417 tis
1245 383 1377 425 demulsit
1398 384 1571 425 adfurum,
1597 397 1683 428 eoque
1703 396 1736 419 ut
1755 385 1818 419 baec
1839 397 1949 428 quoque
1963 389 2058 428 gloria

1184 442 1306 476 imperio
1327 430 1374 466 tuo
1394 443 1565 475 crearetur,
1593 438 1674 476 quod
1682 442 1827 470 unitatem
1839 437 1995 478 reddidisse
2006 440 2060 469 Oc·

1185 485 1374 517 cidentalium
1398 482 1528 525 Ecclest'is
1550 486 1720 525 videreris,
1759 486 1957 519 Clementiam
1975 493 2059 519 tuam

1185 531 1396 576 obsecrandam
1416 539 1530 576 pariter
1552 535 1585 567 (εἴ
1601 534 1692 577 super
1713 535 1913 575 Ecclefictsticis
1936 541 2059 578 negotiis

1183 583 1384 623 instruendam
1419 583 1520 624 nostris
1546 586 1654 617 litteris
1680 584 1894 624 «estimavimus
1920 609 1926 616 .
1964 587 2061 619 Dolori

1185 638 1264 667 enim
1287 643 1354 666 erat
1364 639 1442 666 inter
1465 636 1629 668 orientales
1641 637 1673 668 (9·
1684 635 1884 669 occidentales
1894 639 2062 677 interrupta

1185 685 1284 716 Sacrae
1303 688 1510 716 communionis
1530 684 1581 726 esse
1602 683 1761 727 consortia.
1789 686 1984 726 silemusjam
1994 696 2065 727 quo-

1187 744 1251 766 rum
1272 745 1368 767 errore
1382 757 1393 774 ,
1420 745 1581 775 quorumve
1600 735 1704 768 delicio
1727 759 1736 775 ,
1762 746 1798 768 ne
1816 734 1914 777 serere
1932 735 2062 777 fabulas

1188 785 1221 817 Θ
1241 785 1369 826 alloquia
1390 783 1465 827 cassa
1487 785 1659 817 videamur.
1687 789 1752 817 Nec
1775 796 1827 817 nos
1847 786 1964 828 tentasse
1970 790 2066 826 purni-

1189 841 1251 873 tet,
1277 835 1356 876 quod
1373 839 1555 868 intentatum
1575 836 1693 868 caderet
1708 839 1740 867 in
1760 835 1892 879 culpam.
1921 833 1971 873 isto
1989 839 2067 868 enim

1184 882 1266 926 saepe
1288 885 1486 928 arguebamur
1498 909 1508 924 ‚
1532 886 1615 928 quod
1628 883 1800 927 posthabere
1818 884 2014 917 Orientalium
2021 882 2070 926 so-

1188 940 1321 968 ctetatem
1333 960 1344 974 ,
1371 937 1406 970 ὁ·
1426 936 1556 977 refutare
1572 941 1706 981 gratiam
1726 929 1915 969 vidnemr.
1943 933 2070 968 Erroris

1189 983 1222 1016 &
1246 984 1355 1018 desisti
1375 980 1403 1024 ‚¹
1421 987 1474 1020 seu
1498 984 1653 1021 intercisae
1677 984 1922 1020 communionis
1941 1007 1953 1027 ‚
1988 994 2071 1028 quos

1191 1044 1402 1070 rememorare
1430 1036 1623 1072 Ambrosius
1648 1038 1777 1075 noluit,
1811 1038 1952 1070 auctores
1971 1034 2072 1068 edicit

1192 1083 1344 1117 Hermias
1365 1084 1575 1121 Zozomenus
1599 1101 1606 1120 :
1634 1087 1701 1131 Posi
1722 1085 1890 1130 sardicense
1911 1086 2072 1118 Concilium
2092 1072 2245 1124 L'3'8u'

1191 1133 1330 1178 Episcopi
1351 1135 1519 1168 Occidentis
1546 1138 1581 1169 <a
1607 1141 1741 1171 Orientis
1777 1148 1868 1180 neque
1893 1134 2074 1178 consuetudi-

1191 1195 1227 1217 ne
1248 1186 1381 1227 deinceps
1402 1193 1505 1220 mutua
1529 1190 1591 1226 uti,
1620 1191 1654 1218 ut
1675 1186 1709 1218 hi
1726 1186 1821 1228 solent
1843 1191 1893 1228 qui
1912 1184 1982 1227 sunt
1999 1182 2076 1227 ejus-

1191 1236 1259 1268 dem
1279 1241 1508 1277 communionis,
1535 1247 1628 1280 neque
1651 1244 1861 1271 communicare
1884 1241 1960 1268 inter
1967 1233 2000 1277 se
2027 1245 2076 1267 vo-

1192 1287 1334 1327 luerunt,
1354 1284 1414 1330 sed
1435 1285 1575 1330 Episcopi
1598 1288 1766 1320 Occidentis
1789 1288 1833 1319 ad
1852 1285 2012 1318 Thraciam
2032 1281 2078 1327 us·

1193 1332 1249 1378 que
1268 1335 1302 1381 se
1325 1337 1364 1370 ab
1386 1339 1492 1371 alteris
1508 1335 1708 1380 fijan-uerunt
1722 1361 1734 1378 ‚
1761 1341 1897 1370 Orientis
1923 1344 2023 1368 autem
2034 1332 2079 1376 us·

1195 1388 1412 1430 que-uaricum
1428 1412 1435 1420 .
1460 1387 1634 1431 illyricum
1666 1387 1756 1421 enim
1779 1387 1812 1420 δε
1826 1385 1973 1419 Thracia
1985 1392 2079 1417 erant

1195 1446 1274 1471 tunc
1300 1437 1419 1471 limites
1445 1437 1611 1481 utriusque
1637 1437 1787 1481 Imperii.
1816 1435 2007 1477 Ecclefiarum
2029 1442 2079 1467 ve*-

1194 1490 1227 1520 νό
1247 1487 1347 1527 status
1368 1486 1583 1529 diffi’nfionibus
1608 1488 1783 1530 magnopere
1795 1486 1986 1520 conturbatus
1992 1484 2082 1525 fuit',

1195 1537 1230 1568 Θ
1267 1535 1498 1568 obtreblantium
1520 1536 1630 1569 aculeis.
1658 1535 1785 1575 objeei'us
1807 1560 1813 1567 .
1857 1540 1943 1567 Nam
1972 1531 2089 1573 tametsi

1195 1583 1266 1617 ante
1293 1586 1330 1617 de
1354 1583 1488 1617 doctrina
1509 1583 1581 1627 fidei
1607 1584 1780 1625 diffidebant
1811 1608 1822 1624 ,
1861 1594 1962 1617 tamen
1988 1584 2086 1616 mutuo

1197 1640 1274 1668 inter
1301 1633 1377 1677 ipsos.
1399 1635 1675 1669 communicantibus
1703 1646 1761 1668 non
1786 1642 1902 1668 tantum
1928 1633 2084 1666 maltinde

1197 1685 1327 1725 accidit,
1353 1686 1589 1728 quandoquidem
1607 1683 1732 1725 similem
1759 1687 1797 1718 de
1820 1686 1882 1728 fide
1903 1682 2086 1727 sententiam

1197 1744 1295 1769 tenere
1313 1735 1525 1777 putabantur.
1554 1735 1597 1768 Et
1612 1734 1846 1769 Occidentales
1871 1734 1905 1767 ἀ
1934 1734 2089 1767 Orienta-

1198 1786 1243 1819 les
1270 1785 1422 1828 Episcopi
1449 1785 1541 1818 simul
1568 1794 1791 1819 convenerunt
1818 1784 2008 1822 Sardium,
2036 1794 2087 1816 ve·

1198 1835 1270 1869 rum
1296 1836 1406 1870 omnis
1418 1834 1602 1869 Eusebiana
1613 1835 1839 1869 Orientalium
1850 1833 1945 1867 faetio
1954 1858 1964 1874 ,
1994 1832 2085 1876 quod

1197 1886 1214 1917 a
1243 1885 1329 1927 Julio
1356 1886 1524 1919 Pontifice
1547 1896 1726 1930 reparatum
1754 1884 1968 1919 Athanafium
1982 1894 2084 1928 agno-

1197 1935 1283 1967 scere
1308 1935 1343 1967 in
1372 1935 1571 1978 Episcopum
1587 1960 1597 1975 ‚
1623 1936 1674 1969 &⁸
1685 1935 1726 1970 ad
1746 1933 1947 1979 Synodalem
1959 1933 2088 1970 cofis-

1197 1984 1267 2017 sum
1293 1983 1466 2018 admittere
1494 1984 1742 2019 obstinatissime
1763 1986 1919 2019 recusaret
1934 2010 1942 2024 ‚
1966 1982 2008 2017 ‘de
2031 1994 2089 2017 no-

1195 2035 1244 2066 &e
1266 2033 1394 2076 aufugit
1420 2033 1683 2077 Philippopolim
1702 2033 1877 2075 Thraciae,
1905 2031 2087 2077 atqueifflc

1196 2081 1355 2114 conflavit
1382 2083 1546 2123 primum,
1575 2085 1609 2117 ὅ(
1634 2085 1789 2117 omnium
1803 2084 2011 2127 sequentium
2024 2080 2087 2116 ori-

1196 2131 1311 2175 ginem
1330 2140 1368 2162 ac
1388 2130 1642 2163 fundamentum
1664 2154 1674 2169 ,
1714 2132 1884 2166 Orientale
1922 2132 2064 2166 Schisma
2077 2158 2089 2174 ,

1197 2179 1284 2224 quod
1310 2178 1423 2223 paffim
1449 2179 1620 2212 titulamus
1645 2180 1870 2214 Eusebianum
1893 2205 1899 2211 .
1937 2182 2088 2216 Ecclefiae

1197 2231 1343 2274 regimen
1370 2229 1503 2273 negavit
1530 2228 1806 2270 Monarchicum‚
1833 2231 1867 2264 &
1894 2230 2087 2266 Romanum

1197 2280 1397 2323 Episcopum
1425 2279 1490 2312 esse
1525 2287 1623 2322 caput
1661 2281 1763 2313 totius
1803 2279 2086 2317 Christianitatis.

1197 2330 1311 2365 Sanxit
1340 2328 1486 2363 Ecclefiae
1523 2328 1746 2366 Praefesturam
1782 2332 1843 2364 esic
1881 2329 2086 2367 Aristocrati—

1195 2390 1291 2420 cam,
1316 2391 1358 2414 ex
1384 2390 1476 2422 aequo
1515 2378 1651 2413 divisam
1687 2380 1721 2413 in
1759 2391 1821 2414 tres
1860 2380 2085 2422 patriarchas,

1196 2428 1257 2464 hos
1283 2430 1347 2463 effe
1368 2430 1537 2475 supremos
1564 2440 1602 2463 ac
1618 2429 1713 2474 plene
1725 2429 1960 2474 autocephaios
1973 2433 2007 2465 in
2021 2433 2085 2466 suis

1197 2479 1418 2520 Dioecesibus‚
1449 2479 1589 2523 ideoque
1615 2491 1675 2514 nec
1697 2481 1945 2518 Occidentalem
1967 2483 2085 2518 Orien-

1197 2530 1254 2564 tali
1271 2553 1281 2569 ,
1307 2539 1366 2563 nec
1380 2529 1774 2566 OrientalemEcclesiam
1784 2533 1908 2575 praeesse
1922 2533 2085 2566 Occiden-

1196 2580 1251 2615 tali
1276 2605 1286 2619 ,
1326 2591 1385 2614 nec
1402 2590 1444 2613 ex
1462 2580 1518 2613 illa
1538 2581 1580 2613 ad
1602 2578 1686 2615 hanc
1707 2583 1794 2625 posse
1815 2581 1968 2626 appellari
1989 2606 1996 2614 .
2024 2581 2081 2617 Ad

1195 2628 1435 2665 exsufflandam
1477 2629 1644 2664 Athanasii
1682 2632 1913 2676 Episcopatum
1953 2633 2081 2676 nequiit

1196 2681 1383 2725 excogitare
1393 2680 1491 2714 aliam
1506 2681 1590 2714 viam
1604 2694 1615 2713 .·
1644 2681 1746 2727 Qod
1770 2694 1829 2726 pro
1842 2682 1903 2716 illo
1916 2682 2082 2717 Occiden-

1195 2730 1268 2764 talis
1294 2729 1435 2765 Ecclesia
1456 2730 1552 2764 staret
1575 2730 1770 2765 immobilis.
1798 2730 1845 2766 Ita
1869 2732 1955 2766 inter
1985 2733 2080 2767 Occi-

1194 2779 1324 2815 dentem
1350 2781 1383 2814 &
1402 2781 1574 2815 Orientem
1598 2781 1660 2815 suit
1688 2781 1837 2816 intercisa
1860 2783 2057 2816 communio
2072 2807 2079 2814 .

1194 2831 1281 2865 Nam
1291 2832 1448 2872 onustos,
1473 2830 1530 2875 qui
1551 2831 1584 2864 in
1598 2831 1736 2866 Oriente
1750 2832 1936 2865 Romanam
1962 2832 2078 2866 Eccle-

1192 2882 1267 2914 fiam
1290 2881 1381 2915 avito
1403 2891 1494 2915 more
1506 2880 1761 2922 venerabantur,
1789 2882 1971 2925 Episcopos
1981 2882 2075 2925 ejecit

1191 2929 1486 2976 philippopolitani
1524 2931 1758 2966 Conventiculi
1786 2934 1947 2975 protestor
1986 2930 2076 2966 Con-

1191 2983 1344 3022 stantius,
1373 2982 1407 3016 &
1428 2982 1571 3025 ipsorum
1594 2983 1628 3015 in
1654 2983 1744 3016 sedes
1765 2982 1891 3014 intrusit
1922 2980 2075 3015 homines

1190 3031 1305 3070 flocci,
1330 3034 1500 3066 sectatores
1512 3031 1631 3065 haeresis
1641 3033 1674 3065 &
1686 3030 1885 3071 schismatis,
1898 3041 1981 3074 quos
1992 3030 2070 3065 hinc

1190 3082 1267 3116 inde
1287 3082 1368 3115 vivis
1387 3082 1557 3116 coloribus
1581 3081 1732 3126 depingit
1755 3082 1901 3126 Magnus
1924 3080 2072 3115 Athana-

1188 3131 1249 3166 sius
1262 3156 1269 3163 .
1299 3132 1495 3166 Constantio
1506 3132 1649 3166 succeffit
1661 3132 1806 3175 Julianus
1826 3131 1984 3174 Apostata
1998 3154 2007 3169 ,
2022 3132 2073 3174 Ju-

1190 3182 1279 3214 liano
1302 3179 1506 3216 orthodoxus
1527 3183 1720 3226 Jovinianus
1737 3180 1782 3215 ad
1794 3188 1911 3225 paucos
1924 3181 2049 3215 menses
2063 3205 2074 3222 ‚

1192 3231 1366 3275 Joviniano
1401 3231 1527 3267 Valens
1560 3232 1768 3275 nequissimus
1794 3233 1925 3265 sectator
1962 3229 2037 3264 Arii
2061 3255 2068 3263 .

1193 3282 1285 3315 Hinc
1311 3283 1522 3325 perseveravit
1547 3282 1581 3316 δε
1607 3280 1765 3316 schisma«
1790 3280 1835 3314 Et
1862 3279 1972 3324 quales
1994 3280 2071 3323 Epi·

1193 3334 1306 3375 scopos
1328 3342 1407 3366 tunc
1427 3331 1573 3367 habuerit
1597 3333 1734 3372 Oriens,
1762 3331 1863 3366 videri
1877 3331 1970 3374 poslit
1984 3329 2070 3373 apud

1192 3382 1355 3427 Magnum
1378 3382 1528 3418 Basilium
1543 3408 1551 3416 .
1589 3383 1738 3424 Plerique
1757 3391 1847 3416 erant
1872 3382 2002 3415 Ariana:
2028 3379 2071 3415 fa·

1926 3440 2018 3464 rinae.
