2366 3756
52 1930 118 1963 Λᾶ·
161 1952 170 1962 .

58 2695 199 2732 Epist-19.

56 2737 140 2775 epist.
149 2747 177 2772 9.

886 131 1384 180 Dte-rarus.

224 213 354 258 fortaffls
375 210 426 245 ille'
442 208 597 255 castigatus
619 212 764 249 meliorem
789 219 914 250 mentem
935 213 1072 248 indueret
1095 237 1103 246 .

229 270 323 299 Nunc
338 265 443 296 'autem
456 260 545 304 fimul
572 271 662 305 atque
682 262 837 306 quisquam
859 263 900 296 ab
919 265 1017 305 aliquo
1040 274 1107 296 con·

227 316 386 349 demnatus
396 311 457 353 est,
481 311 521 345 ab
531 311 728 359 aiiopersaepe
737 313 843 346 colitur
867 313 902 347 ὁ·
922 311 1106 358 observatur,

228 365 345 406 aliaque
354 367 380 397 ei
400 361 526 405 Ecclefia
541 370 649 405 patet,
674 363 709 397 6·
721 360 897 406 satellitium
910 387 922 404 ,
946 365 981 398 Θ
1005 374 1107 397 mune-

227 425 265 448 ra
283 427 295 447 .-
320 416 421 456 Eique
441 418 493 458 qui
513 412 621 455 &ellus
641 410 678 453 est
699 438 710 454 ,
734 417 767 445 in
798 412 935 457 quaestum
956 414 1032 447 cedit
1054 414 1106 446 loci

228 469 430 499 commutatio.
458 466 499 496 Ac
524 464 631 499 deinde
654 464 736 506 quod
754 467 885 499 criminis
902 463 1050 498 convillus
1065 461 1105 505 fit

227 513 359 555 ejeaeus,
383 524 440 548 non
449 521 670 548 commemorat,
697 513 791 557 ,Quod
808 522 906 548 autem
927 513 985 557 sua
1000 511 1106 556 sponte

227 564 388 608 deceffirit,
413 562 465 597 boc
473 562 597 606 effingit·
623 565 668 598 Et
679 561 711 604 fi
718 568 785 606 quis
807 562 926 607 causam
939 562 1104 606 pereuntia-

224 622 279 647 cur
297 638 309 656 ,
333 613 428 646 multa
454 613 609 658 &gravia
618 620 744 652 narrar,
767 624 890 656 quaeque
902 613 1059 658 Ecckfiae,
1084 615 1103 645 ἃ

226 674 290 706 qua
309 671 448 705 exceptus
468 661 523 702 est,
552 661 750 706 allubescant.
782 671 854 699 Haec
870 666 958 706 porro
981 665 1104 707 quidam

226 712 369 755 improbae
389 718 465 746 vitae
484 711 615 747 homines
633 717 802 754 accipientes
815 736 826 753 ‚
851 725 885 748 ac
897 716 980 748 'velut
1004 714 1103 756 culpa·

226 774 293 797 rum
299 762 421 806 suarum
436 768 633 805 patrocinium
643 761 711 796 binc
722 761 753 805 se
763 761 869 797 habere
886 764 1084 804 existimantes
1094 788 1104 804 ‚

226 813 411 856 amplificant
433 838 445 854 ,
472 818 627 857 omniaque
645 812 748 846 verbis
769 813 909 857 eiusmodi
931 815 1076 856 complent
1096 837 1106 853 ‚

227 874 297 906 quae
315 868 356 895 iis
374 871 535 907 congruant
558 886 571 902 ,
595 864 616 896 ἆ
636 862 741 905 quibus
758 863 916 905 fabricata
931 863 1021 907 sunt.
1051 866 1105 896 Ex

227 912 333 955 quibus
343 911 430 946 rebus
444 911 582 954 efficitur,
610 922 643 946 ut
653 918 706 955 qui
714 914 861 958 deliquit,
891 913 982 948 nihilo
1006 913 1107 946 melior

225 963 394 1006 reddatur;
419 967 469 1004 qui
478 969 578 995 autem
599 967 632 996 in
642 974 709 996 eum
727 965 946 998 animadvertit
958 989 969 1005 ,
996 967 1108 1004 impuri

225 1023 262 1046 ac
271 1010 408 1055 J'celerati
417 1011 542 1046 hominis
556 1016 719 1053 opinionem
735 1012 865 1053 referat.
891 1012 936 1045 ob
959 1024 1025 1046 eam
1042 1022 1108 1045 cau-

222 1059 291 1106 [am
297 1062 383 1105 probi
396 1067 490 1096 etiam
514 1068 602 1104 atque
615 1062 790 1096 excellentes
810 1061 962 1106 Magistri,
986 1073 1109 1105 quorum

225 1119 348 1157 exiguus
369 1111 407 1153 est
418 1123 556 1147 numerus
571 1134 583 1151 ,
608 1114 629 1144 ἃ
645 1110 794 1156 flagitiosis
810 1112 991 1155 castigandis
1025 1114 1109 1146 velut

223 1170 341 1204 corpore
351 1164 478 1205 quodam
484 1161 692 1205 probibentur.
719 1163 814 1205 ,Quod
835 1162 972 1195 videlicet
986 1167 1009 1195 ii
1021 1186 1032 1202 ,
1057 1168 1109 1204 qui

225 1217 284 1245 non
293 1221 327 1245 ut
338 1217 476 1246 convenit
499 1214 544 1245 ad
554 1210 723 1254 hujusmodi
744 1217 900 1253 imperium
912 1217 1108 1254 irruperunt,

225 1262 314 1295 multi
331 1270 429 1296 autem
451 1262 483 1294 bi
499 1260 574 1304 sunt
588 1284 599 1300 ‚
628 1262 754 1294 aliorum
768 1263 896 1306 gloriam
920 1264 955 1296 Θ
981 1267 1107 1295 nominis

223 1312 389 1346 claritatem
400 1309 451 1355 esse
457 1310 478 1354 s
475 1323 543 1344 uam
554 1312 752 1345 calamitatem
764 1313 919 1353 ducentes,
948 1324 1046 1346 eorum
1058 1318 1108 1355 qui

220 1360 303 1403 justa
322 1363 480 1396 iracundia
499 1361 727 1402 inflammantur
752 1387 762 1403 ,
783 1361 949 1405 sententias
972 1371 1107 1397 evertere

224 1416 435 1446 connituntur:
464 1414 534 1455 ,Quo
554 1423 612 1445 non
632 1413 716 1444 modo
739 1411 914 1454 improbitas
933 1424 991 1446 non
1003 1412 1108 1453 exstin-

220 1471 352 1506 guatur,
382 1460 534 1505 sedetiam
544 1460 750 1505 ingravescat.
779 1461 822 1496 Et
834 1473 943 1498 revera
955 1462 1029 1498 fiab
1038 1474 1107 1497 uno

225 1511 393 1555 Episcopo
403 1510 579 1546 damnatus
589 1511 684 1555 poffit
694 1513 829 1554 reparari
842 1524 897 1556 per
915 1512 1106 1556 quemlibet,

222 1561 336 1595 nullus
356 1560 403 1595 est
426 1561 651 1596 damnationis
673 1571 811 1603 nervus,
838 1561 985 1597 &chaos
1011 1571 1108 1604 atque

223 1610 452 1645 confusionem
473 1609 624 1645 Christus
645 1610 814 1644 Dominus
839 1612 872 1643 in
887 1610 1027 1644 Ecclefia
1052 1611 1108 1643 sva

223 1658 334 1704 posuit
354 1682 365 1698 ,
392 1669 461 1692 non
481 1657 712 1693 Hierarchiarn
738 1681 748 1689 .
782 1658 952 1700 Ejusmodi
978 1659 1110 1694 solutio⁴

211 1719 302 1756 pem
321 1708 385 1743 else
412 1708 701 1752 praevaricatoriam
722 1731 734 1747 ,
765 1710 870 1753 magis
889 1708 1046 1754 alligare,
1072 1720 1111 1743 ac

225 1758 429 1802 Apostolicis
455 1767 552 1801 atque
561 1758 708 1792 Nicaenis
721 1756 883 1791 adversari
893 1758 1089 1792 Canonibu‘s
1102 1781 1112 1797 ,

224 1808 309 1843 recte
331 1807 416 1841 dixit
436 1809 591 1842 Romana
625 1806 766 1842 Adriani
787 1805 922 1842 secundi
956 1808 1110 1844 aduersus

225 1856 386 1893 Photium
397 1855 551 1901 synodus
562 1880 575 1898 2
599 1857 733 1900 probata
745 1868 802 1901 per
811 1857 1007 1903 generalem*
1024 1860 1110 1892 octa-

225 1919 300 1943 vam
311 1934 319 1943 .
346 1907 505 1943 Alienum
515 1908 607 1942 enim
618 1907 812 1942 damnatum
825 1908 908 1942 solvi
922 1917 1009 1942 vetat
1021 1907 1111 1951 Apo—

226 1959 365 1993 stolicus
382 1957 528 1997 Canon,
553 1958 589 1991 δε
609 1959 714 2001 ipsum
734 1956 885 1992 adversus
907 1957 1110 1992 Arianorum

224 2008 463 2052 Episcoporum
473 2007 644 2042 audaciam
657 2007 699 2041 ad
723 2006 833 2042 Sancti
847 2006 1030 2042 Alexandri
1054 2007 1112 2042 Pa-

224 2057 374 2093 triarchae
396 2057 619 2092 Alexandrini
639 2055 777 2092 Nicaena
796 2083 807 2098 ‚
850 2058 884 2092 ὃς
907 2058 948 2092 ad
969 2058 1112 2092 aliorum

225 2109 467 2153 Episcoporum
487 2118 596 2151 preces
616 2107 767 2140 adversus
789 2107 929 2140 aliorum
954 2107 1114 2139 temerita-

225 2168 294 2194 tem
306 2158 412 2201 plures
433 2158 505 2190 aliae
526 2156 654 2198 Synodi
667 2155 921 2188 confirmarunt.
950 2154 1115 2190 Plurimas

225 2208 262 2241 in
279 2207 418 2240 Ecclefia
431 2206 504 2240 lites
515 2206 637 2249 semper
649 2204 820 2239 seminavit
835 2203 892 2238 ista
906 2204 1112 2248 quorundam

227 2254 468 2300 Episcoporum
489 2254 693 2301 transgreffio
705 2279 713 2288 .

277 2305 383 2354 Qod
405 2305 549 2339 omnino
560 2304 680 2339 'verum
691 2303 737 2339 est
748 2328 760 2346 ‚
789 2315 857 2338 non
870 2303 1044 2339 dumtaxat
1071 2303 1114 2338 de

226 2355 336 2390 valida
361 2363 458 2399 atque
469 2354 618 2399 legitima
632 2378 642 2394 ,
668 2354 720 2388 sed
731 2354 830 2388 etiam
854 2354 896 2388 de
918 2354 1039 2389 inflicta
1062 2354 1117 2389 ad-

227 2404 356 2440 versum
367 2405 523 2440 Canones
548 2404 752 2448 &justitiam
766 2404 997 2444 damnatione,
1024 2404 1114 2439 ideo-

228 2466 293 2499 que
316 2455 405 2490 irrita
432 2454 585 2490 &nulla.
613 2454 764 2497 Iniquam
787 2454 1039 2488 damnationem
1052 2457 1114 2490 effe

228 2505 385 2549 Martyrii
399 2505 536 2549 speciem
559 2504 643 2540 reete:
657 2505 815 2543 affirmat,
839 2504 875 2538 ἀ
888 2505 997 2540 δεηξὶί
1011 2504 1116 2540 Atha·

227 2556 308 2590 nafii
332 2555 487 2598 exemplo
507 2556 684 2589 confirmat
707 2555 741 2588 in
766 2554 884 2588 litteris
905 2555 944 2588 ad
979 2555 1118 2589 damna·

228 2605 328 2643 tuma
344 2605 403 2638 suo
416 2603 632 2639 Haerefiarcha
655 2604 822 2648 Episcopo
843 2603 1000 2639 Nestoi-io
1028 2604 1117 2639 Con·

230 2655 565 2699 st'a‘ntinopolitanum
600 2653 735 2689 clerum
776 2654 910 2688 sanstus
957 2655 1115 2690 Pontifex

233 2705 424 2738 Caelestinus
444 2729 450 2736 .
478 2705 594 2738 Exstat
616 2704 763 2747 Epistola
787 2705 821 2739 in
845 2705 948 2748 prima
972 2716 1062 2749 parte
1075 2705 1116 2738 E-

233 2753 540 2799 phefiniConcilii.
567 2754 786 2802 Qodipsum
808 2755 842 2788 in
860 2754 974 2789 litteris
1002 2756 1042 2789 ad
1063 2766 1114 2788 ne-

232 2805 302 2840 scio
313 2815 410 2849 quem
425 2804 643 2848 Anonymum
655 2803 888 2839 Theodoretus
900 2829 910 2845 ,
929 2805 962 2839 &
974 2805 1065 2839 vario
1078 2806 1112 2839 in

231 2854 312 2889 loco
330 2854 427 2889 docet
444 2855 578 2888 Sanetus
590 2854 809 2898 Augustinus.
838 2856 894 2889 An
922 2854 1112 2890 authentica

231 2904 398 2939 solutione
418 2904 565 2949 indigeat
587 2904 660 2938 talis
670 2905 861 2946 damnatio,
890 2905 924 2939 in
941 2914 1112 2949 utramque

231 2965 355 2999 panem
379 2955 545 2998 disputat,
570 2954 604 2989 δι
627 2954 788 2990 variorum
812 2956 987 2990 sententias
1010 2954 1113 2990 addu-

231 3005 281 3038 cit
302 3005 337 3038 iri
358 3005 514 3048 trigesimi
540 3003 672 3039 secundi
685 3005 950 3050 Carthaginenlis
962 3005 1111 3040 Canonis

231 3054 484 3090 Commentario
522 3053 724 3089 Theodorus
752 3056 926 3091 Balsamon
963 3081 975 3097 ,
1012 3067 1111 3100 atque

230 3103 424 3139 concludit:
453 3108 493 3137 Ac
515 3103 573 3148 ipfi
597 3105 718 3147 quidem
738 3105 819 3139 haec.
845 3110 912 3151 Ego
933 3115 1033 3140 autem
1052 3118 1111 3140 non

232 3155 325 3189 babeo
337 3166 497 3197 quemnam
506 3164 604 3188 eorum
609 3152 716 3197 sequar
726 3180 732 3187 .
760 3159 844 3189 Nam
854 3158 888 3191 o·
897 3159 917 3189 ἃ
923 3163 1036 3198 pietate
1046 3166 1110 3190 tra-

232 3205 306 3246 horr,
328 3204 385 3251 sed
393 3205 434 3238 ab
445 3216 474 3237 eo
484 3202 606 3246 quodfit
619 3212 720 3238 contra
731 3209 868 3240 Canones
879 3206 1012 3241 retrahor
1020 3231 1027 3240 .
1054 3211 1110 3240 Cu-

230 3261 282 3297 pio
294 3257 360 3300 ergo
370 3253 476 3300 discere
488 3254 561 3296 quid
569 3255 716 3297 agendum
728 3279 738 3296 ,
764 3263 798 3288 ut
807 3263 932 3299 quitata
941 3263 1009 3292 vita
1020 3259 1110 3291 velim

233 3303 285 3349 effe
292 3314 369 3348 puer
394 3317 428 3339 ac
440 3303 598 3349 discipulus
613 3328 620 3335 .
647 3304 691 3338 Et
704 3304 738 3337 in
753 3306 892 3340 secunda
904 3307 996 3342 istius
1007 3307 1110 3351 operis

234 3365 324 3397 parte
346 3357 440 3390 refert
462 3356 527 3390 hoc
549 3355 767 3400 fragmentum
788 3366 830 3389 ex
852 3357 1110 3392 SanRiNiconis

235 3403 385 3449 Epistola
407 3405 449 3440 ad
474 3404 670 3440 Enclistium
695 3402 736 3439 de
756 3404 874 3450 injusta
884 3409 1109 3443 excommuni-

1171 211 1305 247 catione
1317 225 1329 245 :
1354 211 1436 245 Scias
1450 210 1532 254 quod
1539 211 1664 245 Divinae
1672 210 1835 254 scriptmae
1849 223 1915 247 cum
1926 216 2050 248 Divinis

1171 262 1345 297 Canonibus
1356 261 1522 303 definiunt,
1550 262 1632 305 quod
1654 261 1762 304 injuste
1782 274 1850 306 quae
1860 269 2052 305 imponuntur

1165 317 1334 356 punitiones
1347 312 1432 354 apud
1443 316 1538 345 Deum
1561 324 1618 346 non
1628 313 1721 356 ligent
1735 336 1747 352 ,
1772 313 1888 355 etiamst
1905 315 2050 357 Pontifex

1167 373 1218 396 eas
1231 361 1403 406 imposuerit
1418 386 1425 393 .
1452 364 1577 406 ‚Quanto
1588 367 1685 406 magis
1703 362 1735 406 fi
1742 361 1885 406 inferior?
1911 367 1993 398 sicut
2004 366 2052 398 dt.

1166 418 1207 447 cit
1218 413 1343 447 sanlius
1365 411 1534 453 Dionysius,
1562 414 1629 456 ,Qui
1644 418 1747 456 itaque
1768 412 1979 456 inconsiderata
1986 412 2054 457 sen-

1170 467 1266 496 tentia
1275 487 1286 503 ‚
1311 463 1570 504 &intemperante
1579 466 1679 494 animo
1690 464 1820 505 aliquem
1831 466 1850 498 ᾶ
1856 464 1997 507 fidelibus
2002 463 2051 507 fi*-

1163 518 1294 555 paravit
1306 537 1317 553 ‚
1342 523 1408 546 eum
1429 523 1486 546 non
1502 511 1598 555 solum
1619 522 1678 544 non
1697 517 1819 556 attingit
1833 537 1844 554 ,
1865 513 1924 556 fied
1943 519 1975 548 in
1986 516 2051 556 ejus

1167 568 1257 597 etiam
1267 571 1355 604 caput
1365 568 1490 595 recurrit
1502 584 1513 601 ‚
1530 560 1603 604 ficut
1608 560 1725 605 sanc‘lae
1734 573 1845 604 quoque
1865 565 1967 603 synodi
1984 572 2054 606 pro-

1166 618 1310 645 nuntiant
1319 623 1334 653 ,·
1356 610 1415 652 sed
1423 613 1481 645 illae
1489 620 1587 653 poenae
1598 614 1694 658 ligant
1708 634 1718 651 ,
1742 624 1810 655 quae
1816 611 1978 657 fteundiem
1999 616 2055 646 Di·

1166 666 1254 698 vinos
1267 665 1402 695 Canones
1414 663 1448 696 Θ
1461 663 1536 705 leges
1542 660 1614 704 sunt
1628 661 1764 705 impofitae
1776 686 1787 703 ,
1800 674 1859 697 non
1875 672 1975 697 autem
1987 673 2054 705 quae

1161 711 1321 755 secundum
1330 717 1488 756 propriam
1502 712 1704 747 voluntatem.
1736 712 1904 761 roirca
1913 712 2051 756 ejusmo-

1166 761 1199 795 di
1214 761 1345 797 vincula
1358 773 1425 795 non
1441 763 1516 797 sunt
1530 762 1674 801 vincula,
1690 759 1840 796 videntur
1851 763 2053 798 solutionem

1166 822 1236 846 non
1259 811 1440 855 requirere,
1465 811 1607 857 ideoque
1619 821 1673 856 per
1686 811 1833 854 quemvis
1853 811 2055 855 Episcopum

1167 863 1253 903 poffe
1274 861 1425 896 declarari
1440 874 1543 897 vacua
1570 860 1725 897 &nu11a.
1755 860 1907 903 Ejusdem
1933 862 2056 896 senten-

1167 910 1218 944 tiae
1228 912 1289 948 fuit
1302 911 1443 947 Aeacius
1455 912 1674 947 Melitinenfis
1692 910 1873 954 Episcopus
1896 935 1907 952 ‚
1932 911 2057 946 Metro-

1169 961 1270 1004 polita
1284 960 1427 997 secunda:
1441 961 1610 997 Armeniae
1621 986 1629 995 .
1658 961 1791 996 Etenim
1803 961 1843 995 dc
1855 961 1976 996 Sancto
1988 961 2057 1003 Cy-

1169 1010 1243 1044 rillo
1265 1011 1472 1046 Alexandriae
1494 1010 1682 1048 patriarcha
1702 1037 1713 1053 ,
1739 1012 1773 1046 &
1803 1012 1990 1047 Memnone
2015 1011 2058 1045 E-

1168 1058 1351 1105 phefiorum
1374 1062 1562 1105 Episcopo,
1589 1063 1646 1097 fibi
1673 1072 1785 1096 contra
1809 1060 2059 1104 Canonesinje-

1169 1112 1252 1145 &am
1273 1111 1291 1145 a
1314 1111 1450 1153 Joannis
1474 1111 1666 1146 Patriarchae
1683 1110 1888 1146 Antiocheni
1912 1112 2057 1147 faitione

1169 1161 1441 1205 degradationem
1454 1160 1535 1195 solvi
1549 1161 1804 1204 supplicantibus
1829 1162 1847 1195 ὲ
1862 1172 1946 1195 nova
1959 1161 2061 1195 Caele-

1171 1210 1247 1244 stini
1270 1210 1445 1246 pontificis
1470 1211 1677 1255 Legatione,
1704 1209 1922 1247 interlocutus
1949 1210 1995 1245 est
2016 1209 2058 1245 ad

1173 1259 1288 1305 Ephesi
1294 1271 1373 1294 num
1383 1260 1595 1295 Concilium:
1623 1263 1855 1301 supervacanea
1867 1262 1904 1295 de
1917 1258 2059 1303 accusatis

1170 1311 1207 1351 est
1212 1309 1357 1354 suspicio,
1383 1309 1501 1352 etiamst
1519 1322 1555 1344 ea
1581 1322 1657 1344 vera
1673 1308 1710 1350 fit
1724 1333 1735 1350 ,
1761 1321 1796 1343 ac
1803 1308 2059 1353 supervacaneum

1170 1360 1208 1400 est
1242 1360 1420 1401 postulatum
1444 1362 1549 1399 cyrilli
1578 1360 1780 1395 Alexandrini
1814 1361 1848 1393 Θ
1892 1363 2059 1394 Memnonis

1171 1410 1333 1453 prefini,
1354 1409 1596 1455 sandiffimorum
1622 1420 1657 1443 ac
1674 1410 1913 1454 pientrffimorum
1943 1408 2061 1453 Episco-

1166 1469 1289 1502 porum.
1318 1464 1403 1494 Fieri
1425 1466 1506 1494 enim
1532 1471 1592 1494 non
1609 1459 1726 1501 potest,
1752 1467 1785 1492 ut
1811 1458 1844 1491 bi
1862 1460 2061 1503 quidsanbla

1170 1511 1278 1548 Synodo
1299 1507 1508 1550 desciverunt,
1534 1512 1569 1543 6·
1585 1517 1698 1550 pravae
1724 1508 1852 1548 Nestorii
1873 1515 2002 1551 opinioni
2027 1507 2062 1553 se

1170 1560 1378 1598 adiunxerant
1392 1581 1403 1597 ‚
1421 1558 1533 1599 talique
1545 1569 1582 1591 ac
1591 1566 1677 1590 tanto
1688 1562 1811 1591 crimine
1821 1557 1945 1598 obstrlcqi
1960 1568 2062 1592 tenen·

1171 1616 1220 1640 tur
1235 1631 1245 1647 ,
1271 1608 1436 1651 quidquam
1458 1614 1562 1640 contra
1584 1606 1781 1641 <Ecumenicae
1798 1609 1901 1645 synodi
1915 1607 2061 1651 Praefides

1170 1658 1300 1690 audeant
1311 1658 1415 1699 efficere
1426 1681 1437 1698 ,
1461 1667 1527 1690 cum
1541 1657 1656 1690 nullam
1682 1660 1800 1690 omnino
1814 1657 1946 1691 babeant
1967 1658 2065 1692 audo·

1171 1713 1312 1740 ritatem.
1342 1707 1385 1741 Et
1409 1717 1516 1742 revera
1540 1708 1677 1751 Joannis
1705 1708 1737 1740 in
1752 1708 1919 1750 Cyrillum
1934 1733 1944 1748 ,
1971 1708 2064 1751 Apo·

1172 1756 1291 1791 stolicae
1303 1755 1393 1790 Sedis
1404 1756 1568 1801 Legatum
1594 1768 1631 1791 ac
1646 1757 1829 1799 supremum
1843 1758 1968 1800 Synodi
1985 1758 2065 1800 Prat-

1171 1807 1268 1840 fidem
1282 1831 1294 1847 ‚
1319 1817 1476 1841 attentata
1489 1808 1624 1841 audacia
1635 1816 1703 1841 erat
1717 1818 1785 1840 non
1800 1808 1969 1850 Synodale
1981 1808 2066 1851 judi-

1172 1857 1261 1890 cium
1275 1881 1286 1896 ,
1313 1857 1366 1890 sed
1388 1858 1667 1892 contumeliosum
1688 1857 1874 1891 convitium
1888 1882 1896 1890 .
1926 1858 1969 1893 Et
1984 1858 2063 1892 hinc

1173 1906 1207 1939 in
1219 1907 1311 1940 missa
1324 1917 1378 1949 per
1401 1906 1560 1942 Itenaeum
1575 1907 1746 1942 Comitem
1772 1908 1812 1941 ad
1831 1906 2063 1943 Theodofiurn

1172 1956 1403 1998 Imperatorem
1435 1957 1594 1991 relatione
1614 1958 1733 2000 scripsit
1756 1958 1902 1992 universa
1927 1959 2064 2002 Joannis

1172 2006 1271 2041 fastio
1289 2007 1359 2039 ,⁸51
1382 2006 1483 2046 cyrilli
1510 2008 1545 2040 (ac
1579 2010 1744 2040 Memnonis
1780 2008 1915 2049 depofitio
1938 2011 1958 2041 ἃ
1981 2009 2062 2042 nobit

1163 2055 1259 2096 faova
1269 2055 1435 2098 nonfufft
1459 2058 1567 2090 valida
1580 2082 1591 2097 ,
1616 2069 1666 2091 nec
1694 2057 1802 2090 libellos
1828 2058 1962 2093 exhiberi
1975 2083 1986 2099 ,
2013 2070 2065 2092 nec

1174 2103 1312 2145 depositos
1323 2103 1438 2145 absolvi
1450 2127 1460 2143 ‚
1486 2108 1567 2146 quod
1575 2107 1749 2147 ipfiputant
1762 2130 1773 2145 ‚
1797 2109 1951 2149 oportebat
1962 2134 1969 2142 .
1998 2110 2066 2152 Cy-

1174 2154 1283 2187 rillum
1302 2153 1337 2187 ὅ(
1350 2153 1567 2187 Memnonem
1579 2177 1589 2193 ,
1617 2153 1707 2198 quod
1719 2153 1830 2189 datam
1846 2158 1879 2188 in
1894 2160 1924 2190 se
1935 2159 2066 2192 senten·

1173 2205 1254 2238 tiam
1275 2203 1444 2238 assererent
1466 2203 1559 2238 fuisse
1594 2203 1717 2238 nullam
1736 2227 1747 2244 ,
1772 2205 1925 2239 &tamen
1939 2206 2065 2241 absolu-

1174 2254 1301 2289 tionem
1314 2253 1475 2296 petiissent
1489 2278 1499 2293 ,
1525 2253 1630 2299 arguit
1649 2254 1927 2299 inconsequentiae
1940 2270 1951 2290 .·
1979 2257 2063 2291 Nul-

1174 2303 1247 2338 liter
1274 2303 1403 2337 inflictae
1424 2302 1633 2338 damnationi
1657 2305 1796 2340 affirmat
1824 2306 2062 2350 reparationem

1175 2366 1242 2389 non
1254 2353 1316 2388 ess'e
1332 2353 1537 2388 necessariam
1549 2378 1560 2395 ,
1589 2353 1729 2399 ideoque
1754 2365 1812 2397 per
1823 2357 1973 2399 quemvis
1986 2358 2062 2401 Epi-

1176 2406 1308 2448 scopum
1320 2404 1431 2438 excuti
1454 2404 1542 2447 poffe
1555 2429 1566 2446 ,
1594 2414 1650 2440 aut
1662 2404 1790 2439 nullam
1813 2405 1987 2440 declarari.
2017 2408 2062 2442 Et

1174 2466 1213 2490 ex
1225 2454 1289 2488 hoc
1301 2453 1462 2497 principio
1475 2453 1543 2488 vult
1554 2455 1696 2499 Joannes
1710 2454 1880 2499 Launojus
1906 2457 2061 2493 Sanctum

1175 2507 1335 2551 Joannem
1352 2502 1628 2547 Chrysostomum
1650 2504 1823 2549 postulasse
1844 2506 1982 2542 fimilem
2007 2508 2062 2542 de·

1175 2555 1388 2589 clarationem
1411 2554 1428 2587 λ
1440 2554 1681 2590 Mediolanensi
1706 2554 1855 2590 Venerio
1868 2582 1879 2598 ,
1905 2569 1943 2592 ac
1954 2557 2061 2593 Chro-

1174 2605 1275 2639 matio
1300 2604 1465 2648 Episcopo
1482 2603 1683 2649 Aquilejenfi
1698 2630 1705 2638 .

1224 2654 1422 2698 Respondeo
1447 2654 1612 2689 laudatum
1640 2666 1717 2689 cum
1742 2656 1928 2691 Memnone
1954 2657 2065 2700 Cyril-

1176 2706 1244 2740 lum
1257 2704 1356 2750 longe
1376 2704 1470 2739 aliter
1482 2705 1625 2739 senfisse.
1656 2706 1787 2740 Etenim
1802 2718 1862 2740 nec
1884 2705 1938 2741 hic
1952 2706 2060 2752 Ephe·

1175 2756 1247 2788 finae
1259 2755 1386 2798 Synodi
1400 2754 1641 2789 Praefidentiam
1653 2757 1808 2790 resumere
1822 2781 1833 2797 ‚
1846 2768 1905 2791 nec
1916 2757 1972 2793 ille
1983 2768 2056 2801 prae·

1177 2806 1306 2850 sumpsit
1318 2813 1484 2849 tamquam
1499 2805 1690 2840 Canonicus
1703 2805 1885 2850 Episcopus
1902 2808 2058 2848 affidere.

1175 2857 1232 2890 nist
1255 2854 1325 2899 post
1355 2856 1546 2889 solemniter
1582 2856 1751 2890 obtentam
1773 2857 1815 2891 ab
1856 2856 2057 2900 Apostolicis

1174 2907 1306 2951 Legat-is
1315 2904 1668 2941 absolutionemAded
1682 2917 1794 2941 neuter
1805 2907 1920 2941 Aeacii
1932 2907 2056 2942 Meliti-

1174 2957 1275 2991 nenfis
1298 2955 1425 3000 judicio
1437 2957 1601 3000 acquievit
1614 2981 1621 2989 .
1649 2957 1693 2991 Et
1705 2957 1746 2991 de
1758 2968 1940 2991 memorato
1953 2958 2055 3001 Impe-

1172 3017 1278 3042 ratore
1286 3004 1481 3041 Theodosio
1497 3006 1606 3041 scribit
1620 3007 1655 3040 in
1671 3006 1890 3040 Ecclefiassica
1902 3007 2055 3042 Historia

1171 3055 1425 3092 Theodoretus:
1451 3061 1505 3091 Vir
1524 3057 1647 3100 quidam
1669 3061 1768 3089 vitam
1789 3059 1923 3091 excolens
1950 3061 2055 3090 Mona-

1165 3106 1290 3148 sticam,
1316 3113 1415 3140 animo
1436 3108 1525 3149 paulo
1547 3108 1702 3141 audaciore
1717 3108 1892 3150 praeditus,
1917 3111 2053 3150 Impera-

1170 3165 1261 3190 torem
1282 3157 1327 3189 rec'
1345 3155 1496 3200 cujusdam
1512 3158 1652 3200 petendae
1668 3163 1774 3201 gratia
1794 3159 1901 3198 acceffit
1923 3183 1930 3190 .
1959 3158 2055 3200 ‚Quod

1170 3218 1233 3240 cum
1240 3204 1354 3250 saepius
1365 3205 1485 3250 frustra
1497 3207 1632 3251 fecisset,
1660 3211 1833 3250 Imperatori
1857 3204 2052 3248 Ecclefiastica
2069 3219 2135 3251 Lib.
2160 3231 2185 3257 5·

1171 3257 1321 3290 interdicit
1332 3263 1544 3296 commnione,
1569 3258 1740 3301 vinculoque
1754 3255 1884 3299 Ecclefiae
1907 3263 1933 3289 ei
1944 3257 2050 3298 injec‘lo
2067 3269 2128 3299 cap·
2136 3266 2183 3298 36.

1172 3308 1303 3341 decedit.
1330 3310 1493 3350 Imperator
1516 3317 1637 3348 autem,
1659 3307 1721 3351 fide
1740 3319 1805 3341 cum
1824 3313 1936 3349 primis
1960 3307 2051 3340 excel-

1171 3359 1234 3391 lens
1256 3380 1267 3397 ,
1293 3357 1338 3390 ad
1359 3359 1510 3405 palatium
1532 3383 1539 3391 .
1566 3362 1642 3391 Cum
1663 3366 1777 3400 tempus
1805 3356 1929 3398 instaret
1949 3361 2050 3390 convi-

1171 3411 1215 3442 vii
1227 3431 1238 3448 ‚
1262 3408 1404 3442 &omnes
1416 3414 1554 3442 convivae
1563 3407 1693 3451 adeffent
1707 3432 1719 3450 ‚
1744 3409 1827 3441 dixit
1848 3418 1905 3439 non
1920 3404 2049 3448 seprius

1844 3463 2000 3498 capturum

2080 1273 2144 1307 Ast·
2164 1287 2195 1313 4·
