2366 3756
37 573 121 605 tom.
138 579 164 600 τ.

38 904 74 935 1...
84 914 108 932 2..
130 913 156 936 c«
170 913 191 935 1,

40 943 193 983 lave-13.

43 1250 83 1281 C.
93 1260 142 1281 ιο.

43 1549 79 1584 e.
93 1560 120 1586 a.

55 2965 140 3004 Epist.
159 2979 185 2999 ι.

58 3016 88 3037 c·
97 3015 125 3043 3.

505 169 1042 217 concretum
1111 144 1756 213 Tirones-suffia,

1910 178 1965 222 15

209 230 292 302 ‚yffi
319 251 527 290 Monasterio
547 276 558 293 ,
583 250 673 297 quod
699 249 881 287 Parifienfis
907 248 1090 292 Episcopus
1136 247 1469 295 ‚effequinquaginta
1482 257 1668 287 annorum,
1696 247 1840 285 ostendit
1859 249 1892 283 se
1902 249 1965 284 efle
1976 248 2035 285 ho·-

209 304 409 353 quandoque
429 302 559 345 obices,
585 309 735 347 quareret
757 324 769 341 ‚
795 299 837 334 ab
858 299 1008 336 Adriano
1030 298 1090 343 pri·
1139 296 1279 336 jmiuem
1305 301 1511 342 personatum
1533 324 1545 340 ,
1574 298 1669 336 nullo
1699 298 1801 335 modo
1823 300 2036 339 Clementem
2057 327 2085 358 L·
2110 338 2133 356 ι.
2146 336 2171 358 ς·

209 367 267 392 mo
277 355 445 393 Pontifiee
467 353 578 388 datum
600 351 718 390 fuisse,
744 350 802 394 qui
814 349 1030 393 spectantibus
1049 348 1089 383 ad

209 404 294 444 istud
312 404 459 439 Ecclefiis
469 401 615 438 Clericos
637 401 672 435 ἀ
683 400 748 434 alia
758 398 916 442 Mysteria
928 398 1092 433 consecra*

210 466 260 494 ret
281 455 406 490 Abbati
432 452 578 488 subditus
601 474 612 491 ,
638 449 831 494 singularem
863 448 1062 493 Episcopum
1081 473 1091 489 ‚

210 507 298 544 lucet
317 517 360 541 ex
384 505 450 547 ejus
471 501 644 545 privilegio
665 500 749 543 apud
767 499 926 544 jacobum
949 500 1092 537 sirmon.

209 557 291 594 dum
310 556 347 591 in
374 551 552 589 Gallicanis
572 549 733 587 Conciliis
758 563 770 583 .-
796 550 839 583 Et
864 549 1091 587 Hibernorum

209 606 294 640 olim
318 604 472 648 Episcopi
495 602 576 640 fixas
600 611 667 638 non
688 599 780 635 fuiffe
802 599 915 639 sedes,
943 599 995 634 sed
1010 599 1093 644 ipsos

209 656 270 692 sub
292 652 481 689 Abbatibus
499 650 595 697 egistis
619 650 653 683 in
666 649 893 690 Monasteru,
918 648 1006 686 &ab
1028 649 1093 686 illis

209 705 252 738 ad
273 703 377 738 officii
400 703 447 737 sui
470 713 552 745 opus
575 700 668 738 fuisse
688 700 837 739 emiffos,
864 707 984 733 norunt
997 697 1091 741 periti

208 754 302 788 istius
325 751 544 792 Hierarchiae,
570 751 646 786 Scio
659 748 726 788 haec
747 750 841 786 fuisse
862 759 970 793 praeter
984 750 1095 793 Regu·

210 804 278 839 las:
304 803 441 842 interim
465 801 686 837 demonstrant
709 797 850 836 Abbatis
874 809 1017 840 nomen,
1044 799 1092 832 uti

211 851 394 888 &secunda
414 851 576 896 Aquensis
598 850 751 895 synodus
763 850 898 894 professa
918 848 987 891 est,
1014 850 1094 883 semv

212 915 268 948 per
290 904 384 940 suiffo
403 911 563 946 magnum
583 901 618 936 in
633 899 783 939 -Ecclefia
795 925 803 936 .
830 899 887 934 Est
901 899 1070 943 Syriacum
1082 923 1093 944 2

211 954 262 991 uti
273 954 307 986 in
322 953 492 998 originum
503 950 593 988 libris
603 951 701 988 tradit
716 952 842 986 sanctus.
855 949 994 987 Ifidorus
1005 974 1015 990 ,
1038 959 1092 983 vo-

211 1001 366 1039 cabulum
383 1027 394 1043 ,
412 999 456 1036 '&
475 1000 635 1046 fignificat
655 999 786 1035 Patrem
811 1024 823 1040 ,
848 1010 945 1045 quern
966 998 1093 1043 antiqui

211 1052 470 1089 Monasticarum
490 1062 595 1086 rerum
619 1059 674 1085 aut
688 1050 893 1096 Regularum
918 1050 1095 1094 Scriptores

213 1102 324 1147 passim
339 1104 460 1139 vocant
479 1102 512 1137 &
524 1102 712 1142 Seniorem,
741 1112 836 1146 atque
848 1101 892 1134 ita
904 1100 990 1134 lucet
1002 1110 1093 1144 gran·

212 1152 334 1188 daevam
361 1161 488 1190 aetatern
525 1151 560 1185 in
596 1151 758 1197 eligendis
794 1149 978 1187 Abbatibus
1006 1149 1096 1186 fuisse

213 1202 336 1244 semper
358 1203 571 1246 exquisitam.
599 1201 885 1240 SanctiFrustuofi
899 1200 1096 1235 Bracarenlis

213 1250 663 1296 ArchiepiscopiMonastica
673 1250 803 1295 Regula
828 1251 870 1285 fic
882 1251 1012 1287 statuit:
1039 1249 1096 1282 Ab·

211 1301 268 1334 bas
291 1303 309 1335 ὲ
329 1307 461 1344 propriis
480 1300 612 1339 Coenobii
636 1300 791 1339 Monacbis
808 1299 927 1344 semper
950 1301 1074 1344 eligatur
1087 1324 1094 1336 ,

212 1354 271 1387 Vir
287 1349 415 1394 sanHus
431 1374 443 1392 ,
468 1349 635 1394 difiretus,
655 1357 766 1396 gravis
782 1376 794 1392 ‚
819 1351 914 1393 castus
927 1375 937 1392 ‚
963 1350 1073 1384 charus
1088 1374 1098 1390 ,

213 1397 336 1435 lumilis
354 1426 365 1442 ,
391 1400 561 1444 mansuetus
586 1426 597 1439 ‚
633 1403 667 1433 (et
693 1402 798 1433 doHus
820 1422 831 1437 ‚
866 1406 917 1443 qui
943 1400 1095 1434 diuturnis

213 1454 469 1491 experimentatus
491 1471 503 1490 ‚
528 1449 563 1483 ὦ·
585 1445 719 1480 omnibus
739 1446 889 1488 praefatis
911 1447 1000 1480 rebus
1025 1447 1097 1482 bene

210 1498 306 1543 fuerit
329 1500 465 1531 eruditus
488 1518 497 1529 .
537 1494 582 1530 Et
606 1495 728 1529 laudati
755 1495 958 1534 Hispalensis
983 1494 1095 1529 lfidori

213 1544 369 1589 Regula:
398 1542 499 1578 abbas
520 1542 669 1587 eligendus
682 1539 1028 1587 estinstitutiones‘anblae
1050 1548 1097 1575 vi-

212 1603 256 1631 tae
266 1594 395 1628 duratus
407 1617 419 1633 ,
443 1601 534 1635 atque
543 1589 690 1634 inspetqus
701 1615 712 1631 ‚
728 1596 888 1633 patientiae
899 1613 910 1630 ,
937 1592 971 1625 <9
982 1589 1097 1625 bumili-

212 1649 292 1678 tatis
314 1651 477 1686 expertus,
502 1647 609 1685 quique
632 1647 723 1675 etiam
731 1649 790 1683 per
811 1647 986 1675 exercitium
1000 1647 1098 1677 vitam

212 1691 387 1736 laboriosam
410 1693 574 1732 toleravit,
597 1701 635 1725 ac
654 1690 869 1734 transcendens
887 1700 1008 1729 aetatem
1031 1692 1099 1726 ado-

212 1742 361 1788 testentiae
377 1766 392 1783 .‚
410 1744 572 1784 juventute
591 1740 649 1785 sua
667 1739 842 1784 J'enebiutem
863 1746 994 1785 tetigerit
1015 1766 1026 1782 ‚
1052 1748 1098 1775 cui

209 1797 309 1831 etiam
317 1795 443 1835 majores
456 1802 513 1827 non
524 1793 723 1839 dedignentur
730 1800 840 1834 parere
855 1816 867 1832 ,
891 1792 1058 1825 obedientes
1072 1797 1099 1828 ei

213 1850 278 1876 tam
285 1851 340 1885 pro
363 1850 473 1882 atate,
501 1844 594 1886 quaeim
614 1846 706 1879 etiam
713 1851 770 1885 pro
790 1853 906 1877 morum,
924 1842 1093 1884 probitate.

211 1890 299 1927 Vult
312 1893 407 1926 illum
421 1892 483 1927 effe
494 1892 596 1926 virilis
605 1891 704 1928 aetatis
719 1916 730 1932 ,
756 1892 944 1936 proximum
958 1893 1100 1926 senestu-

212 1941 242 1976 ti
262 1966 270 1975 .
299 1942 469 1986 Eugenius
490 1939 670 1982 secundus,
695 1943 766 1977 Leo
789 1952 922 1988 quartus
943 1965 955 1983 ,
981 1942 1016 1977 ὅ(
1040 1942 1097 1976 alii

208 1991 414 2032 Pontifices,
441 1991 496 2035 qui
510 1991 638 2028 nullum
651 2002 720 2026 non
732 1991 963 2036 Presbyterum
987 1993 1097 2030 sanxe-

210 2050 290 2076 runt
302 2040 451 2077 benedici
465 2042 499 2075 in
513 2040 679 2076 Abbatetn
691 2065 702 2082 ,
728 2052 796 2076 una
817 2043 994 2077 sanxerunt
1003 2053 1100 2086 opor·

216 2101 283 2126 tere
293 2093 356 2126 effe
380 2092 515 2136 triginta
526 2103 688 2128 annorum
702 2117 710 2124 .
738 2092 782 2127 Et
793 2091 858 2127 hoc
869 2091 1011 2127 omnino
1023 2103 1099 2126 con-

217 2141 325 2175 firmat
347 2143 481 2184 praesens
501 2141 645 2182 Canon,
670 2141 812 2182 ideoque
835 2141 992 2177 &additz
1018 2144 1100 2176 Sicut

212 2188 355 2236 scriptum
364 2189 418 2231 est.
444 2191 494 2226 Ita
515 2191 650 2236 quidam
671 2192 765 2225 fuiffe
788 2191 979 2224 existimant
999 2192 1100 2231 usque

216 2239 261 2274 ad
296 2239 480 2273 Alexandri
518 2238 605 2272 tertii
641 2238 859 2273 Lateranense
894 2239 1074 2273 Decretum
1087 2260 1099 2278 ‚

215 2285 311 2332 quod
331 2287 368 2321 in
391 2287 464 2322 solo
488 2286 651 2330 Episcopo
669 2286 804 2327 requirit
824 2285 959 2328 triginta
970 2296 1096 2325 annos,

218 2346 318 2380 etque
337 2334 487 2379 adjungit
508 2347 520 2370 :
545 2337 733 2367 Decanatum
755 2358 767 2375 ‚
795 2333 1096 2374 Archidiaconatum,

221 2386 325 2420 &alia
335 2395 401 2427 quae
411 2395 512 2417 curam
522 2389 693 2419 animarum
710 2382 823 2418 habent
835 2395 988 2418 annexam
1000 2409 1010 2426 ‚
1036 2385 1100 2420 nul-

223 2436 271 2470 lus
291 2437 406 2469 omnino
428 2432 591 2477 suscipiat,
617 2432 673 2475 nisi
690 2440 742 2477 qui
745 2435 818 2474 jam
830 2433 1002 2478 vigesimum
1015 2440 1102 2477 quin·

217 2493 285 2519 eum
307 2489 410 2518 aetatis
429 2494 540 2517 annum
556 2488 690 2528 attigerit
702 2508 709 2516 .
737 2483 1018 2529 Comprehensam
1046 2483 1100 2520 hic

219 2534 315 2568 fuisse
335 2533 467 2569 censent
488 2532 728 2570 &Abbatiam‚
754 2535 820 2569 Res
842 2545 911 2568 non
932 2544 1021 2571 caret
1042 2534 1102 2569 du·

222 2583 281 2620 bio
294 2607 303 2616 .
325 2581 498 2630 Qidquid
517 2583 556 2617 fit
568 2607 579 2623 ,
605 2583 760 2626 majorem
780 2582 1016 2620 hodic-aetatem
1031 2595 1099 2622 non

219 2632 354 2677 requirit
365 2632 603 2667 Tridentinum
615 2633 810 2669 Concilium
822 2659 831 2669 .

271 2682 383 2717 Etiam
395 2683 593 2727 Episcopum
616 2695 654 2717 ac
666 2683 894 2727 Presbyterum
913 2693 990 2719 ante
1012 2695 1101 2720 com-

223 2732 348 2777 pletum
371 2733 570 2777 trigefimum
595 2734 696 2767 aetatis
707 2745 829 2768 annum
842 2746 910 2770 non
922 2736 1100 2771 consecrari

223 2781 271 2815 est
292 2781 526 2828 antiquiffimus
549 2784 583 2818 δι
605 2783 730 2819 Latinae
751 2784 785 2818 δε
806 2785 930 2819 Graecae
954 2785 1101 2820 Ecclefiae

222 2831 367 2866 Canon:
391 2832 493 2867 Haud
514 2833 613 2868 dudie
636 2833 862 2877 Apostolicus.
891 2834 922 2870 A
940 2835 1013 2880 lege
1034 2847 1103 2872 mu-

225 2891 355 2917 tuatum
375 2882 520 2918 ostendit
542 2884 576 2918 in
589 2883 704 2918 litteris
724 2884 766 2918 ad
780 2883 1009 2929 Theophilum
1025 2885 1103 2920 Ale·

225 2931 369 2965 xandriae
387 2930 607 2969 Patriarcharn
620 2933 752 2968 Sanctus
765 2935 1013 2980 Hieronymus:
1042 2940 1100 2971 Re·

225 2982 359 3016 tardetur
382 2982 454 3025 legis
475 2989 631 3026 antiqu,
659 2986 693 3018 (5
698 2982 760 3026 post
772 2990 881 3029 viginti
901 2990 1027 3030 quinque
1043 2998 1101 3020 an·

226 3042 280 3065 nos
289 3032 310 3063 ἄ
323 3035 462 3066 Levitica
475 3033 550 3065 tribu
562 3034 628 3080 eligi
650 3040 684 3067 in
697 3036 895 3070 sacerdotium
902 3036 1075 3077 pervidebit
1089 3060 1096 3068 .

225 3085 285 3114 Aut
302 3079 333 3124 fi
351 3081 521 3115 Hebraicam
535 3081 670 3126 sequitur
694 3091 874 3127 veritatem,
902 3092 1018 3119 noverit
1043 3091 1097 3119 iri·

220 3136 312 3176 ginta
331 3142 474 3164 annorum
490 3129 558 3172 fieri
580 3135 760 3169 Sacerdotem
780 3160 788 3168 .
818 3135 920 3184 Qod
944 3135 1099 3180 Apostoli

225 3180 427 3215 Hebraicam
462 3180 625 3216 veritatem
655 3184 688 3217 in
710 3184 863 3219 omnibus
890 3186 991 3220 secuti
1017 3186 1101 3226 sint,

225 3230 410 3276 {sequenter
440 3231 475 3266 &
496 3230 678 3268 constanter
701 3234 842 3270 ostendit
867 3234 956 3270 idem
980 3235 1099 3271 Hiero-

223 3290 371 3323 nymus.
398 3280 490 3317 Idem
518 3280 726 3324 Apostolicus
759 3284 879 3319 Canon
906 3285 1095 3321 Diaconum

225 3339 303 3364 ante
310 3329 475 3373 expletum
484 3331 674 3375 vigefimum
683 3335 836 3377 quintum
848 3346 970 3372 annum
984 3337 1101 3380 permi-

225 3378 265 3413 sit
284 3380 463 3414 consecrari
491 3405 499 3413 .
530 3381 574 3416 Et
593 3379 671 3417 hinc
699 3385 959 3427 Apostolicatum
983 3385 1099 3421 consti-

218 3428 393 3465 tutionum
415 3429 541 3464 Auctor
562 3455 573 3472 ,
599 3431 739 3466 scribens
761 3435 960 3480 Episcopum
982 3435 1099 3472 debere

337 3478 527 3524 cbrss.Lupi
538 3485 744 3524 Oper.Tom.V.

1138 345 1350 385 *Romanum
1371 348 1570 385 Pontificem
1597 373 1603 381 .
1635 348 1672 383 ln
1698 347 1841 385 Novella
1862 361 1972 387 tamen
1992 349 2035 388 ad
2189 336 2211 357 ι’

1138 370 1289 433 iPetrum
1320 398 1507 435 officiorum
1539 397 1741 441 Magistrum*
1764 398 1836 444 lege
1858 399 2037 443 imperaror

1138 447 1315 490 *Justianus
1337 447 1422 490 juffit
1449 445 1643 491 eligendum
1656 446 1854 490 Episcopum
1863 451 1925 484 effe
1935 459 2038 485 anno-

1155 509 1227 531 rum
1238 496 1374 541 triginta
1385 497 1532 541 quinque
1543 519 1555 536 ,
1582 496 1616 534 ὃς
1630 495 1756 531 addidit
1768 497 1809 532 de
1821 498 2036 542 Presbytero:

1158 547 1361 591 Presbyterum
1372 552 1513 584 minorem
1532 552 1662 590 triginta
1674 551 1803 588 quinque
1825 558 1966 582 annorum
1969 548 2038 591 fieri
2060 562 2125 599 [egr
2145 570 2211 598 123,

1156 609 1214 633 non
1246 602 1453 643 permittimus
1475 621 1483 629 .
1522 595 1648 633 Verum
1675 596 1782 639 legem
1806 595 1917 640 quoad
1952 597 2135 640 Press1.13.

1157 647 1289 691 byteros
1310 646 1451 682 correxit
1473 671 1483 687 ‚
1509 646 1545 685 ὃς
1569 645 1611 680 ad
1635 646 1790 690 antiquos
1816 646 1974 680 terminos
1996 658 2042 687 re-

1155 697 1253 735 duxit
1275 697 1440 732 Trullana
1467 695 1623 739 synodus
1643 721 1651 728 .
1679 695 1784 743 Quod
1809 696 1913 740 ipsum
1935 697 2043 734 Graeci

1156 747 1255 782 etiam
1279 745 1378 783 hodie
1402 749 1526 782 servant
1549 770 1557 779 .
1585 745 1728 783 Nullum
1751 746 1944 784 Diaconum
1965 756 2044 781 ante

1159 797 1350 842 vigefimum
1374 798 1529 842 quintum
1549 821 1561 838 ,
1594 805 1671 830 ante
1693 796 1893 840 trigefimum
1921 806 2045 831 annum

1161 858 1228 885 non
1250 845 1405 882 ordinant
1419 846 1668 892 Presbyterum:
1696 846 1780 893 Qae
1801 846 1893 880 avirae
1905 844 2048 889 discipli-

1161 909 1208 934 nae
1227 897 1378 936 custodia
1400 908 1468 932 non
1491 906 1576 932 caret
1600 894 1716 931 laude.
1742 897 1847 939 ipsam
1870 896 1955 939 apud
1968 895 2048 930 His-

1165 959 1266 992 panos
1289 959 1330 982 ex
1355 947 1554 986 Asianorum
1576 955 1763 990 temporum
1787 946 1985 990 iniquitate,
2007 945 2046 979 &

1159 997 1280 1033 exinde
1305 1008 1381 1034 nata
1417 996 1672 1034 Catholicorurn
1699 995 1904 1031 Clericorum
1931 995 2047 1040 inopia

1161 1048 1280 1091 lapsam
1314 1049 1473 1092 reparavit
1508 1058 1620 1091 quarta
1654 1046 1821 1081 Toletana
1870 1045 2046 1090 Synodus:

1160 1103 1198 1135 In
1209 1102 1304 1132 veteri
1314 1099 1376 1141 Iege
1386 1098 1426 1132 ab
1439 1109 1518 1132 anno
1542 1096 1677 1141 vigesimo
1688 1101 1790 1139 quinto
1802 1100 1923 1130 Levitae
1946 1103 1978 1129 in
1988 1098 2048 1129 Ta-

1161 1148 1316 1183 bernaculo
1335 1147 1452 1190 servire
1478 1149 1664 1181 mandantur
1690 1169 1700 1185 ‚
1725 1149 1808 1189 cujus
1835 1146 2049 1181 authoritatem

1160 1204 1193 1231 in
1216 1198 1389 1232 eanonibus
1413 1200 1448 1234 Θ·
1466 1197 1566 1241 [αηέῖί
1595 1200 1706 1230 Patres
1729 1197 1821 1240 secun
1842 1195 1920 1239 sunt
1940 1222 1947 1229 .
1978 1199 2047 1230 Nos
2067 1210 2103 1244 ς,
2122 1218 2167 1251 ,9,

1160 1250 1194 1283 (θ’
1215 1252 1341 1286 Divinae
1364 1250 1436 1294 legis
1461 1250 1496 1283 ό·
1520 1249 1716 1283 conciliorum
1733 1252 1883 1289 praecepti
1904 1243 2051 1279 immemo-

1161 1310 1231 1338 res,
1256 1295 1401 1340 infantes⁴
1415 1299 1562 1340 &pueros
1586 1302 1716 1335 Levitas
1730 1296 1868 1341 facimus
1892 1306 1966 1331 ante
1982 1296 2054 1340 iegi-

1162 1354 1267 1384 timam
1290 1356 1408 1382 aetatem
1424 1373 1435 1388 ‚
1458 1349 1491 1382 (7
1514 1356 1587 1382 ante
1605 1353 1823 1390 experientiam
1845 1353 1938 1382 vitae.
1970 1347 2054 1381 Ideo-

1163 1409 1217 1443 que
1248 1408 1285 1429 ne
1297 1398 1408 1430 ulterus
1416 1396 1602 1436 fiatb'nobis
1618 1420 1629 1436 ,
1656 1399 1826 1433 &Divina
1847 1399 1920 1439 legis
1944 1397 2051 1430 &Ca-

1163 1458 1270 1479 nonum
1288 1447 1479 1479 admonemur
1496 1443 1676 1484 sententia.
1702 1446 1765 1479 Sed
1786 1450 1900 1489 viginti
1919 1452 2054 1487 quinque

1162 1502 1307 1527 annorum
1328 1498 1432 1537 aetatjs
1461 1494 1585 1528 Levitae
1607 1490 1807 1533 confi-crentur
1834 1514 1845 1529 ,
1870 1493 1905 1525 ὁ·
1926 1498 2054 1535 triginta

1166 1541 1329 1579 Presbyteri
1352 1542 1527 1577 ordinentur
1545 1566 1552 1576 .
1581 1541 1669 1575 Cum
1691 1541 1811 1575 Sancto
1835 1540 2052 1583 Hieronymo

1163 1592 1331 1634 profitetur
1342 1591 1562 1634 Disciplinam
1587 1590 1673 1625 hanc
1686 1593 1748 1625 esse
1759 1587 1905 1625 haustam
1918 1591 1936 1625 ὲ
1949 1593 2056 1633 Syna-

1165 1652 1251 1685 goga
1276 1664 1287 1680 ,
1312 1641 1346 1678 δε
1369 1653 1424 1686 per
1446 1640 1558 1676 Patres
1596 1642 1775 1675 derivatam
1813 1643 1847 1675 in
1874 1642 2051 1676 Ecclefias.

1165 1688 1313 1729 Eandem
1337 1692 1372 1729 in
1389 1690 1498 1728 Gallia
1523 1691 1647 1735 lapsam
1669 1693 1827 1735 reparavit
1853 1691 2052 1737 Agathenfis

1164 1741 1319 1785 Synodus
1333 1753 1341 1773 :
1369 1739 1537 1786 Episcopus
1557 1743 1787 1778 benediaionem
1799 1745 1985 1775 Diaconatus
1998 1748 2053 1775 mi-

1165 1791 1283 1826 noribus
1308 1793 1398 1832 quam
1420 1797 1531 1835 viginti
1551 1801 1685 1835 quinque
1706 1804 1853 1826 annorum
1862 1794 1983 1833 penitus
1997 1802 2054 1825 non

1165 1846 1350 1878 committat.
1380 1841 1581 1881 Presbyterum
1607 1845 1680 1876 verri
1709 1843 1763 1877 vel
1782 1842 1960 1886 Episcopum
1981 1850 2052 1875 ante

1167 1897 1294 1936 triginta
1303 1903 1396 1925 annos
1409 1893 1507 1929 nullus
1521 1895 1817 1938 Metropolitanorum
1826 1893 1968 1926 ordinare
1975 1901 2057 1934 prae-

1159 1941 1262 1989 sumat
1279 1967 1287 1974 .
1315 1946 1367 1978 Ne
1381 1951 1438 1984 per
1460 1951 1583 1979 aetatem
1608 1967 1619 1984 ‚
1645 1946 1725 1987 quod
1749 1945 1903 1986 aliquoties
1929 1949 2055 1983 evenit,

1163 1994 1262 2035 aliquo
1286 2003 1385 2027 errore
1409 1995 1566 2034 culpentur
1585 2018 1593 2026 .
1620 1993 1665 2029 Et
1692 2003 1806 2039 quarta
1832 1993 2052 2029 Arelatensis:
2071 1981 2144 2020 ΩΨ·
2158 1983 2200 2013 ¹⁶·

1163 2045 1250 2086 ,Quia
1262 2047 1294 2074 in
1304 2043 1482 2081 ordinandis
1495 2044 1621 2078 Clericis
1632 2050 1827 2088 antiquorum
1840 2048 1970 2078 Parrum
1985 2047 2006 2078 5
2008 2052 2055 2077 ta-
2078 2033 2119 2058 ¹⁷¹

1161 2100 1227 2130 tuta
1249 2104 1307 2126 non
1331 2093 1376 2127 ad
1391 2098 1539 2138 integrum
1563 2092 1726 2137 observata
1750 2096 1801 2138 effe
1817 2093 2052 2140 dignoscuntur,

1163 2154 1198 2178 ne
1209 2141 1295 2182 forte
1318 2154 1560 2185 quorumcumque
1588 2149 1766 2186 importunis
1792 2154 1847 2179 aut
1868 2148 2055 2179 inordinatis

1158 2189 1291 2231 precibus
1302 2191 1471 2224 sacerdotes
1482 2192 1602 2225 Domini
1607 2191 1777 2235 fatigentur
1789 2214 1800 2230 ,
1825 2196 1862 2227 er
1871 2205 1941 2235 quae
1965 2199 2055 2227 toties

1145 2226 1149 2270 l
1157 2236 1230 2279 sunt
1237 2245 1390 2277 praecepta
1410 2237 1582 2280 transgredi
1592 2243 1808 2282 compellantur
1824 2264 1835 2280 ,
1858 2241 1910 2275 boe
1924 2241 2054 2285 inter‘se

1146 2284 1379 2340 Lobservandum
1399 2287 1450 2328 esse
1476 2287 1624 2329 definiunt
1636 2312 1647 2328 ‚
1672 2299 1706 2322 ut
1717 2288 1929 2332 Episcoporum
1949 2292 2054 2325 nullus

1147 2338 1326 2371 {Diaconum
1348 2360 1360 2376 ,
1385 2345 1547 2379 antequam
1587 2343 1699 2382 viginti
1726 2346 1852 2382 quinque
1875 2351 1971 2373 annos
1997 2347 2055 2374 im·-

1155 2386 1243 2427 pleat
1261 2409 1272 2425 ,
1295 2386 1436 2421 ordinare
1454 2385 1620 2429 praesumat
1641 2413 1648 2420 .
1681 2388 1881 2432 Episcopatus
1904 2393 1974 2424 vero
1998 2392 2050 2425 vel

1163 2434 1341 2477 Presbyterii
1350 2435 1483 2473 bonorem
1492 2437 1590 2474 nullus
1601 2446 1675 2473 ante
1700 2445 1831 2483 triginta
1841 2447 1943 2474 aetatis
1956 2452 2053 2478 annos

1161 2491 1288 2528 accipiat
1310 2508 1319 2518 .
1348 2485 1392 2521 Et
1418 2487 1514 2525 tertia
1541 2486 1784 2524 Aureiianenfis
1809 2502 1817 2522 ε
1844 2492 1959 2525 Nullus
1980 2501 2054 2527 ante

1147 2536 1284 2572 'oetatem
1303 2536 1469 2579 legitimam
1483 2560 1494 2577 ,
1521 2538 1558 2572 id
1575 2537 1614 2578 est
1627 2563 1639 2579 ‚
1664 2545 1777 2583 viginti
1800 2546 1929 2584 quinque
1957 2547 2055 2576 anno·

1161 2596 1227 2619 rum
1252 2587 1399 2619 Diaconus
1425 2609 1439 2625 ,
1470 2587 1505 2621 <5
1529 2592 1658 2632 triginta
1689 2590 1846 2629 Presbyter
1880 2593 2051 2626 ordinetur.

1162 2635 1288 2672 Verum
1313 2645 1369 2669 cur
1392 2634 1591 2681 Agathenfis
1611 2639 1765 2679 synodus
1774 2641 1915 2684 junioris
1930 2641 2053 2677 Diaco-

1164 2686 1199 2719 ni
1232 2682 1494 2721 benedictionem
1532 2688 1658 2721 cunstis
1681 2690 1851 2732 Episcopis
1871 2715 1882 2731 ‚
1908 2691 2050 2733 junioris

1163 2746 1273 2769 autem
1298 2733 1454 2781 Episcopi
1480 2746 1537 2771 aut
1558 2736 1740 2780 Presbyteri
1764 2740 2047 2775 consecrationem

1164 2785 1241 2820 solis
1261 2784 1428 2821 interdicit
1448 2786 1674 2830 Metropolitis
1697 2789 1711 2825 ἓ
1738 2788 1794 2823 An
1821 2788 1888 2823 hoc
1912 2790 2049 2824 Provin-

1164 2834 1299 2870 cialibus
1322 2834 1579 2879 adhucpermifit
1592 2838 1787 2883 Episcopis?
1813 2838 1921 2873 Nullo
1932 2839 2048 2875 modo.

1165 2886 1310 2930 Juniores
1335 2886 1507 2924 Diaconos
1540 2888 1648 2922 cuncti
1671 2887 1853 2933 Episcopi,
1900 2890 2048 2933 juniores

1164 2933 1238 2969 vero
1259 2934 1436 2980 Episcopos
1457 2946 1513 2973 aut
1537 2937 1749 2982 Presbyteros
1776 2950 1884 2975 creare
1907 2940 1967 2974 soli
1991 2951 2048 2984 per

1162 2983 1289 3028 majoris
1309 2986 1369 3021 suae
1384 2987 1585 3025 auctoritatis
1610 2988 1885 3032 dispensationem
1907 3000 2046 3025 attenta·

1162 3044 1233 3070 rant
1244 3035 1480 3079 Metropolitas.
1509 3037 1605 3074 Hinc
1618 3037 1660 3074 de
1684 3039 1757 3083 ipfis
1770 3039 1847 3074 solis
1867 3040 1973 3075 sanxit
1986 3041 2045 3083 Sy-

1162 3084 1266 3120 nodus
1289 3084 1486 3131 Agathenlis
1511 3112 1520 3123 .
1547 3087 1742 3124 Arelatensis
1765 3087 1890 3125 addidit
1910 3087 1951 3125 ad
1973 3089 2044 3124 nul·

1162 3136 1223 3170 lius
1234 3133 1386 3179 deinceps
1394 3147 1504 3183 preces
1519 3147 1576 3173 aut
1587 3138 1696 3174 causas
1713 3138 1805 3173 istam
1820 3138 2046 3175 inordinatam

2075 2214 2148 2253 cap.
2167 2222 2192 2245 τ,

2071 2515 2142 2558 Cap.
2153 2519 2185 2548 6,

1122 3227 1125 3231 Δ
1160 3185 1281 3230 gatiam
1290 3186 1438 3231 expendi.
1465 3185 1514 3223 Ῑιὲ
1528 3187 1639 3232 prodit
1648 3190 1820 3225 anterioris
1830 3188 1948 3224 abusus
1961 3189 2044 3224 radi·

1160 3246 1231 3271 cem
1261 3259 1270 3270 .
1297 3235 1347 3270 Ex
1367 3236 1654 3282 Merovingiorum
1687 3239 1820 3284 Regum
1843 3239 1975 3283 ignavia
1999 3238 2045 3274 la-

1160 3285 1248 3328 psam
1279 3284 1386 3322 denuo
1412 3286 1499 3323 hanc
1524 3287 1732 3331 disciplinam
1769 3299 1915 3335 reparare
1939 3289 2043 3333 coepit

1162 3334 1343 3378 Apostolus
1355 3336 1463 3373 noster
1472 3349 1510 3374 ac
1521 3337 1653 3381 Martyr
1666 3338 1857 3375 Bouifacius
1869 3364 1879 3380 ,
1891 3339 1932 3374 ad
1943 3348 2042 3382 quem

1162 3383 1313 3428 rescripfit
1322 3385 1495 3421 Zacharias
1505 3386 1663 3423 Pontifex
1676 3399 1684 3423 z
1713 3387 1888 3432 lnquili'visti
1899 3394 1989 3422 etiam
2001 3389 2039 3420 (at

1159 3434 1210 3470 boc
1221 3459 1232 3477 ,
1255 3434 1363 3477 fiante
1375 3435 1551 3480 trigefimum
1570 3449 1682 3470 annum
1701 3439 1788 3474 liceat
1797 3439 1979 3474 Sacerdotem
1988 3447 2034 3478 or·-
2057 3424 2105 3464 ΕΡ·
2119 3433 2171 3460 ‘3²‘

1556 3487 1582 3519 B
1634 3498 1657 3523 2
1856 3486 1958 3521 dinari
1974 3509 1983 3520 .
