2366 3756
77 1291 142 1324 Fol-
169 1300 221 1328 25.

85 1529 158 1566 Cap.
179 1538 208 1564 ς.

57 1972 150 2033 'Epist
157 2016 165 2024 .
186 2004 196 2024 ι
202 2002 230 2031 3.

73 2193 147 2231 Cap.
175 2201 202 2220 ι.

91 2955 178 2996 Epist.
191 2963 241 2990 25.

480 140 1015 184 (ῖοΝοιιιυΜ
1086 129 1725 178 ΤΗοιοεΑΝσΜ.

249 228 289 261 de
307 234 340 258 eo
354 223 503 265 ‚iudicium
524 223 697 266 dignaretur
717 218 824 253 babere
844 241 851 248 .
887 218 1030 249 Traditur
1048 221 1127 248 enim

250 273 367 315 coelestis
391 274 472 306 radii
491 273 590 306 lumen
604 269 691 314 siaper
705 268 791 311 ipfius
811 267 951 300 Sam‘lum
972 266 1069 309 subito
1079 267 1139 299 de·-

252 324 388 371 scendiffi·
407 328 548 357 verticem
559 347 570 363 ,
597 323 632 355 ό·
650 331 713 352 cum
733 316 795 362 ipso
804 318 914 351 lumine
923 317 1037 351 caelnus
1049 315 1130 357 infia-

249 374 320 420 sum
338 377 404 415 ejus
424 378 515 416 capiti
530 375 668 416 unguinis
682 372 793 402 Divtni
805 369 966 410 liquorem,
987 369 1071 406 cujus
1078 364 1129 408 sa-

252 431 297 459 cri
312 424 444 459 πιθανὴ
468 432 560 456 totum
579 418 710 462 ejusdem
735 419 887 451 videretur
903 425 992 458 caput
1016 413 1128 457 infufio-

254 486 292 510 ne
307 473 469 508 delibutum
487 497 496 505 .
530 475 618 504 omn}
650 470 715 512 ergo
745 466 898 513 postposita
924 466 1129 506 dubitatione,

255 522 423 568 Praesulum
443 519 587 562 Remenfis
597 525 798 553 unanimitate
810 521 999 557 Provinciae,
1027 518 1129 549 Ponti-

253 574 336 618 ficali
365 571 541 617 conspuatur
570 569 675 603 honore
694 593 703 601 .
748 568 859 604 Fuisse
879 567 987 611 quinti
1025 565 1129 600 saeculi

256 622 525 670 quinquagesimo
546 631 658 655 natum
670 643 681 659 ‚
701 619 734 652 <Sc
748 618 977 662 septuagesimo
988 615 1132 653 secundo

257 684 349 707 anno
370 674 591 708 consecratum
613 669 811 713 Episcopum
832 666 941 707 scribit
962 667 1047 711 apud
1058 663 1132 698 Phi.

256 724 384 768 lippum
407 722 518 757 Labbe
538 719 635 761 breve
656 718 822 754 Remensis
834 717 979 759 Ecclefiae
992 715 1133 758 Chroni-

255 785 344 809 con.
373 773 541 812 Verbum,
568 771 710 803 Traditur
729 793 740 810 ‚
777 768 944 812 profitetur
970 767 1132 806 Divinum

257 824 346 858 istud
368 832 554 868 portentum
579 830 708 855 nutare.
734 817 907 865 Qudquid
919 817 974 857 sit,
1002 816 1135 850 Provin÷

255 874 355 908 ciales
376 872 528 916 Episcopi
549 873 638 915 super
659 878 751 904 aetate
770 869 1012 911 dispensarunt.
1039 866 1134 900 Etex

255 923 323 958 hoc
342 919 473 960 fortasse
495 921 645 964 exemplo
669 930 782 958 natum
803 919 847 952 est
863 941 873 958 ‚
910 917 999 961 quod
1028 915 1135 951 cunsti

253 974 342 1007 olim
363 972 532 1010 Gallicani
555 970 709 1014 Episcopi
729 969 939 1010 Diaconum,
967 967 1001 1001 δε
1033 965 1136 1000 cunsti

254 1023 480 1071 Metropolitae
499 1021 699 1065 Episcopum
719 1030 756 1053 ac
779 1017 1010 1060 Presbyterum
1047 1018 1137 1060 super

253 1083 349 1108 aetate
369 1073 545 1117 dispensare
569 1069 816 1109 consuevetint,
847 1066 938 1110 cujus
971 1066 1137 1111 potestatis

253 1124 290 1158 &
310 1123 410 1159 moris
425 1124 586 1157 excessum
606 1120 736 1154 froenari
755 1120 846 1165 supra
858 1116 1040 1157 audivimus
1052 1116 1070 1150 ὲ
1083 1117 1137 1160 Sy-

253 1170 351 1207 nodis
372 1171 571 1218 Agathensi‚
609 1169 785 1204 Arelatensi
799 1193 811 1209 ,
836 1180 873 1203 ac
895 1167 1118 1205 Aurelianenfi
1131 1191 1138 1199 .

253 1221 382 1259 Verum
404 1222 513 1268 postea
533 1221 649 1255 revixit
663 1245 670 1254 .
695 1220 830 1255 Etenim
847 1219 888 1252 de
910 1219 1028 1255 Sandio
1044 1217 1139 1251 Lam·

254 1272 357 1314 berto,
370 1272 479 1307 scribit
500 1282 657 1317 maguum
671 1269 778 1314 Belgii
801 1267 1017 1304 Chronicon.
1047 1272 1140 1300 Atoto

254 1324 343 1358 ctera
363 1324 397 1357 6*
422 1320 561 1364 Populo‚‘
577 1333 657 1355 anno
680 1325 780 1354 aetatis
797 1318 862 1362 suae
886 1317 1038 1362 vigesimo,
1066 1320 1142 1350 Tra·

247 1372 387 1416 jeHenlr's
409 1371 573 1417 Episiopus
596 1370 700 1405 elcan
722 1370 760 1412 est
775 1368 1021 1412 &consecratun
1049 1367 1138 1401 Etin

255 1422 342 1457 libro
366 1422 407 1456 de
428 1422 495 1463 ejus
515 1421 611 1463 gestis
630 1420 792 1451 Nicolaus
817 1417 1003 1450 Leodiensis
1033 1416 1140 1449 Cano·

257 1472 374 1509 nicusg
400 1469 578 1502 Lambertus
600 1465 825 1507 TrajeAJensium
849 1465 1030 1504 testimonio,
1055 1469 1139 1496 Com.

251 1519 484 1563 provincialium
506 1514 713 1556 Episcoporum
725 1514 840 1552 judicio
850 1511 1032 1553 approbatus
1048 1535 1059 1551 ‚
1082 1520 1139 1552 per

249 1566 349 1613 sacrae
374 1565 525 1598 Unllionts
545 1562 741 1603 ministerium
763 1564 894 1604 Spiritus
911 1559 1012 1604 sandi
1040 1566 1138 1594 virtu-

254 1627 314 1651 tem
329 1614 489 1660 sus'ciplens
508 1638 520 1654 ,
557 1611 714 1657 Tongrensi
743 1611 907 1644 Catbedrae
924 1609 1072 1655 praesedit
1094 1614 1139 1644 Ε-

248 1661 387 1710 pis‘coptas
397 1690 404 1699 .
432 1663 732 1707 comprovinciales
745 1663 923 1706 Episcopos
934 1662 1073 1696 affirmat
1087 1673 1139 1705 πρε

253 1716 401 1761 probasse
424 1717 479 1750 seu
498 1714 700 1758 dispensasse.
728 1710 876 1746 Eandem
900 1712 1136 1756 potestatemin

252 1765 418 1810 Apostolo
443 1765 554 1798 nostro
584 1763 759 1799 Bonifacio
789 1763 926 1806 agnovit
965 1759 1139 1797 Zacharias

253 1815 414 1852 Pontifex
438 1840 445 1848 .
472 1814 529 1852 Ob
546 1812 736 1848 idonearum
760 1814 966 1856 personarum
990 1813 1139 1857 inopiam

253 1866 398 1911 permisit
419 1865 611 1909 vigesimum
633 1864 784 1907 quintum
816 1874 942 1898 annum
970 1862 1139 1906 Presbyte·

253 1927 325 1951 ratu
345 1915 460 1951 donari
480 1939 488 1949 2
514 1913 746 1948 Venerabilem
773 1913 895 1948 Bedam
920 1913 1052 1950 decimo
1079 1924 1137 1947 no·

247 1977 296 2001 no
317 1989 330 2006 ,
368 1966 519 2001 Sanctum
538 1963 780 2010 Leodegarium
800 1963 893 1998 fuisse
918 1975 1006 1997 anno
1028 1963 1136 2001 aetatis

248 2014 406 2060 vigesimo
424 2014 611 2049 ordinatum
634 2014 826 2049 Diaconum
852 2013 1008 2048 habemus
1033 2015 1068 2047 in
1082 2012 1139 2047 hu-

248 2065 298 2109 jus
317 2066 383 2099 vita
404 2088 415 2104 ‚
450 2065 484 2099 δε
517 2063 601 2108 apud
633 2064 822 2098 Simeonem
856 2064 1132 2098 Dunelmensem.

248 2114 354 2163 Qod
378 2114 483 2160 ipsum
504 2114 546 2149 de
570 2116 688 2149 Sancto
713 2113 901 2158 Epiphanio
912 2113 1084 2149 Ticinensi
1098 2114 1139 2147 E-

248 2165 386 2210 piscopo
406 2165 511 2202 asserit
534 2165 569 2199 in
591 2163 661 2208 ejus
691 2164 756 2198 vita
790 2164 965 2198 Ennodius
996 2164 1138 2205 ejusdem

252 2215 402 2250 Ecclefiae
422 2215 613 2248 Diaconus.
642 2214 685 2246 Et
703 2214 744 2245 de
755 2213 871 2246 saneto
884 2211 1050 2243 Malachia
1067 2211 1139 2243 scri·

251 2263 304 2296 bit
325 2263 458 2298 Sanctius
471 2260 654 2295 Bernardus
665 2274 676 2294 .-
702 2263 784 2293 Erat
796 2283 807 2298 ,
832 2260 1047 2294 abnsacerdos
1062 2260 1138 2295 orde·-

249 2320 342 2345 mmcs
370 2310 410 2351 est
424 2332 435 2351 ‚
448 2320 544 2342 annos
565 2318 654 2341 natus
676 2306 762 2349 quafi
776 2311 887 2350 viginti
909 2313 1039 2349 quinque
1066 2332 1074 2339 .
1100 2311 1138 2344 In

250 2370 313 2404 qua
332 2361 396 2401 ejus
410 2359 615 2395 ordinatione,
634 2354 664 2398 fi
679 2357 754 2400 quid
761 2364 875 2398 prater
893 2359 1050 2389 canonum
1066 2356 1135 2399 for-

250 2421 332 2444 mam
348 2408 499 2452 proceffisse
516 2408 641 2442 videtur
653 2430 665 2445 ,
690 2414 724 2440 ut
745 2407 815 2440 vere?
824 2407 961 2446 videtur,
981 2405 1139 2450 siquidem

249 2459 336 2501 infra
353 2457 518 2502 vigesimum
537 2462 671 2500 quimum
689 2468 799 2489 annum
826 2460 995 2490 Leviticum
1008 2456 1140 2497 Ministe-

249 2515 328 2543 rium
339 2533 350 2549 ,
375 2506 461 2551 infra
480 2506 654 2551 trigesimum
671 2507 801 2549 adeptus
811 2507 848 2547 est
860 2508 1020 2540 Sacerdoti}
1034 2509 1137 2551 digni·

249 2566 343 2592 tatem
355 2582 365 2598 ,
392 2558 562 2591 donandum
579 2555 655 2600 son?
674 2566 742 2590 tum<
759 2557 822 2590 zelo
833 2557 1044 2597 OrdinatorIs,
1072 2567 1136 2590 tum

249 2614 366 2642 merim
391 2608 555 2642 ordinati.
580 2609 646 2650 Ego
666 2609 736 2640 vero
758 2606 835 2647 istud
863 2613 959 2640 necin
975 2606 1141 2644 Sandon-

251 2659 474 2703 darguendum,
503 2668 554 2693 nec
572 2655 776 2700 usurpandum
797 2654 908 2700 consulo
916 2656 1135 2700 eiquisanc‘lus

253 2718 312 2741 non
323 2708 419 2751 fuerit
439 2732 446 2741 .
478 2708 574 2743 Olim
595 2706 687 2741 enim·
708 2706 891 2749 hujusmodi
924 2706 1134 2750 dispensatio·

254 2768 312 2792 nes
329 2759 386 2793 fibi
407 2769 476 2792 non
497 2758 666 2792 reservavit
687 2757 783 2791 Sedes
808 2756 1021 2800 Apostolica,
1047 2757 1136 2791 ideo·

253 2817 318 2851 que
335 2807 402 2851 ejus
425 2807 592 2844 arbitrium
610 2807 644 2841 δε
663 2807 856 2850 potestatem
878 2805 1017 2842 habebat
1051 2807 1134 2850 quis-

253 2867 319 2901 que
340 2858 539 2902 Episcopus,
564 2858 652 2891 astus
674 2857 721 2892 sui
742 2856 881 2890 rationes
904 2857 1055 2891 Domino
1069 2858 1134 2891 red·

251 2908 398 2941 diturus:
422 2907 511 2942 Nam
535 2906 635 2941 etiam
654 2907 796 2942 diversos
818 2905 1017 2950 Neophytos
1027 2905 1134 2941 adver·

253 2957 308 2991 sus
331 2957 503 2991 Nicaenum
521 2956 711 2991 Concilium
734 2957 814 2990 varii
837 2957 989 3001 Episcopi
1010 2956 1135 3001 dispen-

255 3008 366 3040 sarunt
384 3006 419 3039 &
438 3008 663 3042 consecrarunt
683 3032 694 3048 ,
719 3006 830 3042 &ffibi
853 3008 969 3041 fastam
990 3009 1133 3052 gratiam

253 3055 347 3090 fuisse
359 3056 408 3090 -ab
430 3058 522 3091 omni
545 3057 687 3091 Ecclesia
709 3056 877 3100 probatam
888 3057 1024 3092 affirmat
1036 3058 1134 3092 inlit—

254 3106 330 3140 teris
339 3105 381 3140 ad
394 3105 610 3141 Vercellenses
620 3108 752 3142 Sanctus
765 3106 954 3145 Ambrosius
965 3132 972 3139 .
1001 3107 1045 3140 Et
1056 3106 1134 3142 hinc

255 3155 332 3190 illos
352 3179 364 3195 ‚
399 3155 458 3199 qui
484 3155 606 3191 nullam
624 3158 774 3200 praeviam
798 3157 839 3191 ad
871 3157 1130 3199 vulnerandum,

255 3205 311 3239 sed
334 3204 416 3239 solas
437 3204 628 3248 posteriores
643 3206 709 3250 jam
729 3207 890 3241 vulnerati
911 3206 1060 3242 Canonis
1073 3208 1134 3242 dis²

256 3254 472 3290 simulatorias
489 3255 742 3299 dispensationes
763 3257 950 3293 existimant
963 3258 1047 3293 olim
1059 3257 1132 3292 fuis—

255 3305 288 3340 se
304 3304 393 3339 datas
405 3329 416 3346 ,
443 3304 549 3349 palem
571 3304 886 3341 lucethallucinari.

304 3354 438 3390 Interim
460 3355 594 3398 praesens
617 3355 734 3389 Canon
755 3357 840 3390 solos
854 3356 996 3392 Abbates
1009 3381 1020 3399 ‚
1045 3358 1132 3393 Pres-

254 3400 409 3447 hyteros,
435 3415 474 3440 ac
487 3405 682 3446 Diaconos,
705 3416 911 3450 nequaquam
930 3408 1133 3443 ordinandos

1930 149 2004 186 ,ῳ

1189 215 1371 259 Episcopos
1392 214 1549 259 permittit
1568 216 1662 258 supet
1678 214 1781 250 aetatis
1802 215 1929 249 defediu
1943 215 2072 259 dispen-

1189 266 1266 300 sari.
1295 267 1389 300 Licet
1415 277 1484 300 non
1503 278 1544 300 ex
1564 264 1638 308 ipsis
1660 265 1729 308 ejus
1750 263 1874 305 verbis,
1900 266 1999 298 claret
2024 277 2070 300 ta-

1189 328 1263 350 men
1283 328 1325 350 ex
1346 315 1511 356 subsecuta
1524 316 1615 360 praxi
1626 338 1651 361 ἓ,
1664 315 1813 349 fidiffima
1825 316 1996 359 interprete
2008 316 2071 350 Ca-

1190 376 1317 404 nonum
1339 375 1375 398 ac
1399 365 1510 409 legum
1529 362 1537 404 ζ
1566 365 1702 406 Etenim*
1722 366 1977 413 Metropolitana
2000 366 2073 400 Do-

1191 414 1326 449 lensium
1353 414 1496 448 Ecclesia
1516 414 1653 448 electum
1675 415 1693 449 ὲ
1715 416 1748 455 se
1772 415 1882 448 nescio
1909 426 2002 457 quem
2014 427 2072 450 no-

1192 465 1292 499 bilem
1314 464 1486 508 juvenem‚
1514 474 1583 497 non
1604 463 1646 496 ad
1672 463 1856 498 Provinciae‘
1872 465 2079 508 Episcopo&

1191 515 1244 558 sed
1269 514 1413 548 Romam
1435 514 1475 554 ad
1498 512 1695 557 Gregorium
1718 514 1889 555 septimum
1917 515 2002 555 misit
2014 514 2074 548 dis·

1194 564 1393 608 pensandum
1412 564 1446 598 &
1470 561 1747 597 consecrandum.
1776 562 1818 595 Et
1841 563 1942 605 ipsum
1964 564 2008 599 ob
2027 565 2076 606 so·

1193 616 1262 649 lum
1286 616 1387 654 aetatis
1408 613 1571 647 defectum
1594 612 1702 656 rejecit
1724 612 1873 646 laudatus
1893 612 2076 656 Pontifex,
2098 634 2126 662 L.
2159 640 2185 666 ⁴·
2218 631 2254 659 Ε,

1194 677 1230 700 ac
1252 663 1320 706 ejus
1341 665 1376 701 in
1397 663 1508 698 locum
1530 663 1654 697 suffecit
1681 663 1925 704 &consecravit
1938 664 2076 705 Jvonem
2098 669 2157 709 pist.
2178 683 2205 706 4.
2223 679 2247 704 5-

1197 713 1359 750 Abbatem
1382 715 1490 749 Sancti
1514 713 1652 754 Melanii
1667 713 1887 747 Redonenfis.
1915 712 1959 753 Et
1971 713 2079 747 desuae

1198 765 1343 804 Ecclefiae
1367 763 1540 806 Canonico
1575 763 1761 804 Guilieimo
1783 787 1793 802 ,
1832 763 1899 796 sine
1929 764 2079 798 Simonia

1197 817 1230 857 ἀ
1252 816 1364 858 quavis
1387 815 1449 848 alia
1469 814 1563 849 sorde
1584 815 1618 847 in
1642 813 1852 849 parisiensem
1878 812 2080 857 Episcopum

1198 866 1296 907 eledio
1314 890 1324 910 2
1351 866 1471 909 ‘scripsit
1491 863 1531 898 ad
1556 863 1734 899 Urbanum
1760 862 1936 897 secundum
1948 863 2081 897 Sanc'tus

1199 916 1257 960 Jvo
1280 915 1460 959 Episcopus
1482 914 1710 949 Carnutenfis:
1740 917 1847 946 Fratri
1869 914 1913 946 illi
1941 915 2078 952 dedimus¹
2101 940 2122 970 Ε
2145 936 2178 968 ist

1198 965 1340 1008 confilium
1353 990 1363 1005 ,
1390 972 1461 1007 quia
1486 964 1622 998 nonm'ht'l
1639 964 1727 1007 infra
1747 964 1888 1008 legitimm
1913 975 2008 996 annot
2032 974 2081 996 no-
2105 948 2142 977 ‘p
2185 946 2256 974 ‘43'

1200 1017 1243 1048 bis
1262 1016 1314 1059 effe
1336 1016 1512 1057 videbatur,
1539 1025 1573 1048 ut
1592 1022 1785 1057 promotiones
1811 1016 1856 1046 ad
1858 1015 1973 1057 gradus
1986 1016 2083 1047 Eccle-

1193 1063 1316 1108 fiasticos
1334 1074 1390 1108 per
1406 1077 1535 1109 congrua
1553 1065 1717 1098 intervalla
1741 1064 1875 1105 diffluet
1902 1089 1913 1104 ,
1950 1065 1984 1098 ὁ·
2011 1070 2085 1097 inte·

1201 1122 1258 1149 rim
1277 1123 1328 1148 aut
1346 1124 1402 1158 per
1422 1115 1452 1159 fe
1467 1140 1476 1155 ‚
1502 1124 1554 1148 aut
1572 1124 1626 1157 per
1647 1109 1784 1155 Nuntios
1805 1112 1936 1155 Ecclefiae
1943 1122 1999 1156 pro
2011 1113 2059 1147 hls
2073 1136 2085 1153 ,

1202 1177 1267 1209 quae
1289 1166 1335 1198 ad
1355 1171 1558 1210 integritatem
1583 1167 1779 1198 ordinationis
1801 1170 1900 1197 minus
1920 1162 1993 1207 sunt
2018 1188 2028 1204 ‚
2064 1165 2086 1195 ἃ
2244 1204 2254 1210 .

1206 1220 1391 1257 Paternitate
1414 1215 1511 1256 vestra
1534 1216 1754 1259 Indulgendum
1773 1214 1943 1255 postularet.
1975 1213 2086 1247 Etiam
2112 1206 2189 1275 [5113
2195 1226 2200 1231 ·
2232 1203 2266 1230 ‘²'

1206 1267 1405 1301 Rainaldum
1428 1267 1701 1310 Andegavensem
1734 1263 2085 1307 EpnscopumaCalix-
2115 1254 2142 1288 9¹
2169 1265 2175 1272 “
2201 1253 2248 1272 '¹'

1203 1329 1239 1352 to
1260 1316 1402 1351 secundo
1426 1316 1519 1351 fuisse
1541 1317 1630 1360 super
1654 1314 1755 1349 aetatis
1786 1313 1908 1348 defec‘iu
1932 1313 2090 1358 dispensa-

1203 1380 1297 1407 tum,
1325 1369 1358 1400 in
1381 1368 1445 1400 suis
1467 1367 1508 1400 ad
1531 1366 1627 1401 istum
1641 1366 1754 1407 litteris
1766 1363 1873 1398 lucide
1885 1364 1993 1398 scribit
2007 1364 2092 1398 Gof-

1204 1416 1310 1450 fredus
1323 1415 1436 1449 Abbas
1450 1415 1707 1453 Vindocinensis
1721 1437 1728 1445 .
1758 1413 1826 1452 Cur
1840 1424 1954 1447 omnes
1965 1412 1999 1446 hi
2013 1413 2092 1446 Gal-

1205 1466 1302 1497 licani
1324 1465 1452 1501 Eleas,
1478 1475 1547 1496 non
1570 1465 1643 1502 suos
1656 1464 1910 1503 Consecratores
1924 1463 2093 1505 Metropo-

1203 1512 1275 1545 litas
1296 1534 1307 1550 ‚
1333 1511 1386 1544 sed
1408 1521 1467 1552 pro
1491 1511 1732 1553 dispensatione
1755 1513 1951 1543 accesserunt
1975 1511 2094 1546 Sedem

1192 1560 1432 1605 ‚Apostolicam
1454 1561 1467 1593 ἓ
1492 1559 1594 1606 Qod
1617 1561 1752 1603 praesens
1766 1561 1920 1603 Synodus
1933 1559 2018 1594 hanc
2036 1571 2096 1603 po-

1193 1612 1349 1646 ‘testatem
1370 1610 1507 1644 laudatae
1530 1609 1618 1644 Sedis
1642 1610 1839 1644 reservasset.

1252 1660 1522 1697 Neocaesareenfis
1543 1660 1696 1703 synodus
1731 1662 1813 1695 olim
1842 1661 1980 1695 statuit:
2008 1659 2095 1705 Pres-

1201 1712 1280 1752 hym
1299 1721 1371 1753 ante
1388 1710 1565 1756 trigesimum
1583 1718 1685 1746 aetatis
1706 1710 1771 1755 suae
1793 1723 1905 1744 annum
1917 1714 2091 1747 nullatenus

1200 1765 1370 1804 ordlnetur,
1395 1762 1462 1796 licet
1484 1763 1576 1796 valde
1595 1760 1632 1803 fit
1654 1763 1763 1806 dignus
1797 1788 1807 1803 ,
1838 1760 1895 1805 sed
1912 1762 1962 1795 hoc
1977 1770 2094 1803 tempus

1201 1811 1348 1856 observet.
1364 1809 1467 1846 'Nam
1489 1816 1632 1845 Dominus
1658 1812 1747 1853 noster
1762 1811 2018 1855 trigelt‘moaetatis
2027 1810 2097 1856 suae·

1199 1874 1278 1900 anno
1299 1863 1474 1906 baptizatus
1496 1862 1553 1903 est,
1583 1864 1617 1897 (9⁸
1633 1861 1672 1904 fic
1697 1868 1783 1904 coepit
1808 1864 1924 1895 docere.
1961 1863 2094 1896 Eisdem

1200 1913 1266 1948 sere
1284 1913 1388 1948 verbis
1412 1923 1610 1960 conceptum
1634 1912 1809 1947 Canonem
1836 1913 2019 1947 Gratianus
2042 1912 2097 1947 ad-

1200 1963 1311 2004 scribit
1338 1963 1513 1999 Bonifacio
1539 1963 1660 2007 primo.
1689 1963 1866 2010 Qidquid
1889 1964 1924 1996 sit
1953 1988 1962 2004 ‚
1990 1963 2097 2006 ipsum

1201 2014 1373 2052 innovavit
1394 2013 1556 2048 Trullana
1579 2013 1751 2056 Synodus.
1781 2012 1837 2046 Ob
1862 2013 1927 2047 sola
1950 2014 2095 2056 personae

1200 2064 1312 2101 merita
1334 2065 1425 2107 super
1445 2064 1551 2103 aetatis
1570 2062 1698 2103 defeetu
1713 2075 1780 2098 non
1795 2064 1954 2106 permittit
1967 2064 2098 2107 dispen-

1201 2114 1280 2148 sari.
1309 2113 1362 2148 Ex
1375 2114 1784 2157 solmClericoruminopia
1810 2114 1948 2157 gratiam
1971 2113 2092 2148 istam&

1202 2163 1311 2196 nostro
1322 2162 1487 2203 Apostolo
1501 2163 1678 2196 Bonifacio
1688 2162 1758 2197 fieri
1771 2164 1909 2205 permisit
1919 2164 2018 2197 etiam
2031 2163 2093 2198 Za-

1199 2208 1324 2246 charias
1347 2209 1503 2247 Pontifex
1518 2232 1526 2246 .,
1566 2209 1611 2247 Et
1629 2209 1716 2243 certe
1751 2211 1916 2253 generales
1941 2213 2091 2246 Ecclefiae

1201 2259 1355 2292 Canones
1371 2256 1416 2295 ob
1436 2258 1518 2291 solas
1541 2258 1689 2300 publicas
1711 2261 1820 2293 causas
1832 2260 1903 2294 laedi
1917 2261 2090 2304 &dispen—

1199 2308 1259 2341 sari
1288 2306 1441 2346 toleravit
1453 2306 1588 2351 antiqua
1615 2306 1805 2355 disciplina.
1831 2310 1861 2343 A
1889 2309 2007 2352 quibus
2029 2311 2093 2345 Pa-

1198 2366 1286 2391 trum
1316 2356 1464 2401 vestigiis
1482 2367 1686 2401 nequaquam
1697 2358 1819 2392 recessit
1832 2359 1938 2393 nostra
1952 2360 2016 2407 haec
2028 2361 2091 2404 Sy·

1201 2408 1305 2441 nodus
1317 2430 1324 2438 .
1351 2406 1456 2454 Qod
1475 2407 1566 2445 enim
1587 2408 1680 2454 ipsius
1696 2417 1843 2451 tempore
1855 2410 1997 2453 plerique
2009 2410 2091 2444 Gal-

1198 2457 1249 2497 liae
1263 2455 1439 2500 Episcopi,
1466 2455 1614 2497 Abbates
1626 2459 1659 2492 ὅ(
1672 2458 1795 2493 Clerici
1807 2459 1908 2493 essent
1923 2470 1980 2494 aut
1993 2461 2089 2495 fimo-

1198 2507 1288 2541 niacf:
1310 2505 1452 2541 ordinati
1471 2517 1529 2542 aut
1554 2506 1633 2542 laice
1655 2508 1819 2551 investiti,
1845 2510 1936 2552 supr&
1960 2510 2090 2545 audivi-

1197 2568 1269 2591 mus
1280 2568 1320 2590 ex
1341 2556 1414 2591 fidis
1435 2557 1651 2599 testimoniis,
1682 2569 1779 2603 atque
1803 2559 1848 2593 iti.
1871 2571 1991 2604 magna
2013 2561 2088 2595 istic

1196 2617 1265 2642 erat
1284 2606 1479 2641 idoneorum
1501 2606 1732 2643 Ministrorum
1759 2610 1871 2653 inopia
1894 2635 1901 2641 .
1929 2611 2022 2645 Hinc
2039 2610 2087 2645 ob

1199 2658 1265 2691 sola
1286 2659 1427 2700 personae
1450 2658 1565 2691 merita
1588 2658 1732 2702 permisit
1756 2661 1889 2702 praesens
1900 2661 2023 2695 Canon
2035 2662 2085 2694 su-

1198 2719 1251 2750 pet
1271 2715 1362 2742 aetate
1383 2706 1577 2751 dispensari.
1612 2709 1685 2742 Nec
1711 2709 1770 2741 soli
1797 2709 1960 2751 Episcopo
1980 2733 1992 2749 ‚
2027 2709 2086 2745 sed

1197 2756 1251 2800 ipsi
1275 2757 1370 2791 simul
1386 2768 1463 2792 cum
1486 2757 1604 2800 majori
1626 2758 1728 2792 Clero
1750 2757 1889 2793 credidit
1910 2757 1995 2793 hanc
2014 2770 2085 2803 gra·

1189 2808 1273 2841 tiam
1294 2808 1509 2842 conformiter
1519 2807 1560 2841 ad
1574 2808 1727 2850 antiquos
1740 2808 1896 2842 Canones
1908 2834 1918 2850 ,
1945 2809 2000 2852 qui
2012 2820 2084 2843 non

1193 2857 1211 2890 ὲ
1236 2857 1304 2891 solo
1327 2858 1406 2892 item
1428 2856 1612 2901 Episcopo,
1638 2858 1690 2892 sed
1713 2858 1753 2895 ab
1768 2858 1837 2902 ipso
1852 2871 1888 2893 ac
1900 2859 1968 2902 ejus
1980 2858 2084 2897 Clero

1193 2907 1348 2950 jusserunt
1369 2918 1475 2942 novos
1496 2908 1645 2942 Clericos
1669 2909 1768 2953 eligi.

1242 2957 1387 3005 Qiaestio
1398 2957 1444 2991 est
1455 2982 1467 2999 ,
1495 2959 1550 2992 An
1562 2958 1697 3003 triginta
1708 2960 1741 2992 in
1757 2959 1925 3004 Episcopis
1936 2971 1973 2994 ac
1993 2958 2083 2995 Pres-

1192 3006 1314 3051 byteris
1327 3032 1338 3047 ‚
1364 3007 1486 3052 viginti
1511 3009 1657 3051 quinque
1680 3010 1759 3043 anni
1773 3010 1807 3042 in
1822 3010 1983 3044 Diaconis
1995 3021 2081 3044 reve·

1194 3068 1226 3091 ra
1247 3057 1450 3102 requirantur
1472 3057 1490 3091 ὲ
1510 3057 1650 3093 Canone
1671 3058 1889 3102 Apostolic0?
1916 3059 2081 3094 Dubitan-

1193 3107 1226 3140 di
1249 3107 1409 3144 rationem
1434 3107 1511 3141 facit
1534 3109 1568 3142 in
1583 3109 1770 3152 praefatione
1781 3110 1869 3153 super
1884 3111 2022 3153 primam
2036 3110 2077 3143 E-

1194 3157 1343 3200 pistolam
1366 3157 1408 3194 ad
1427 3157 1651 3197 Timotheum
1673 3159 1806 3194 Sanctus
1819 3161 1960 3203 Joannes
1971 3159 2078 3201 Chry-

1195 3205 1371 3249 sostomus,
1396 3207 1571 3243 ostendens
1592 3208 1816 3249 Timotheum
1838 3207 1944 3243 adhuc
1957 3209 2079 3243 adoles-

1194 3267 1319 3295 centem
1340 3257 1434 3295 fuiffe
1454 3257 1496 3291 ab
1516 3259 1588 3303 ipso
1609 3259 1777 3304 Apostolo
1796 3260 2020 3295 consecratum
2036 3260 2077 3292 E-

1195 3307 1361 3350 piscopum
1373 3333 1383 3350 ,
1409 3318 1506 3352 atque
1518 3307 1720 3354 adjungens;
1749 3308 1896 3351 Apostolus
1910 3310 1973 3344 ciem
1985 3310 2023 3342 de
2032 3312 2077 3340 E·

1191 3355 1318 3400 piscopis
1338 3358 1503 3401 loqueretur
1518 3383 1530 3399 ,
1555 3359 1703 3402 multaque
1713 3359 1831 3403 dtxmffet
1843 3370 1909 3402 quae
1929 3366 1962 3393 in
1985 3355 2076 3399 Epis-

1191 3415 1257 3450 copo
1281 3408 1367 3450 effent
1389 3408 1537 3452 neceffario
1556 3410 1756 3453 requirenda,
1780 3408 1924 3453 nusquam
1943 3412 2073 3445 cernitur

1944 3456 2024 3504 leges

2119 1823 2188 1853 Can.
2207 1833 2217 1852 ι
2228 1831 2252 1851 r.

2118 1941 2189 1978 Cap.
2223 1949 2269 1977 ιφ.
