2366 3756
382 123 405 153 2
415 120 445 167 7
451 124 480 152 0

306 192 421 233 prodiit
431 196 464 222 in
469 188 619 230 publicum
631 209 642 226 ‚
668 188 759 220 donec
767 190 962 228 Imperatoris
971 188 1116 220 mandato
1125 187 1190 230 efflet

680 107 719 150 S.
756 105 1068 155 Gar—:eoam
1104 119 1346 156 sapum
1382 105 1762 152 Ponrtrtcts

1261 187 1355 221 verba
1372 189 1512 232 Joannes
1525 178 1695 231 Launojus
1706 188 1844 222 affirmat
1854 186 1873 221 ὲ
1887 187 2003 223 83ηὲὶο
2014 187 2143 232 Ioanne

309 247 345 274 in
353 242 473 275 exilium
482 236 629 269 abduc‘ius
639 261 647 269 .
673 237 757 285 Qae
768 238 882 271 omnia
904 236 1010 270 firmat
1032 237 1064 270 &
1086 238 1190 271 Zozo-
1239 251 1243 268 i
1260 237 1500 281 Chrysostomo
1514 240 1628 282 scripta
1639 240 1738 271 etiam
1750 237 1790 269 ad
1802 236 1980 272 Venerium
1993 239 2026 273 &
2037 237 2144 274 Chro-

309 300 424 326 menus
436 312 446 326 ,
472 297 580 322 errans
593 298 702 321 tamen
717 287 833 320 dietam
845 287 997 321 adversus
1010 283 1192 321 Antioche·
1238 275 1243 322 l
1258 289 1396 322 matium
1410 313 1421 329 ,
1446 301 1484 324 ac
1495 288 1599 335 pergit
1612 302 1623 322 .-
1651 291 1835 327 lnnocentius
1850 298 1909 321 non
1921 289 2002 321 dicit
2023 288 2143 332 Chryso·

307 350 368 374 nos
380 337 534 372 Canones
543 337 771 380 exceptionem
788 349 855 371 non
866 339 883 372 a
906 338 1031 381 Joanne
1045 360 1056 376 ,
1076 337 1130 370 sed
1151 336 1193 371 ab
1237 323 1241 374 l
1251 337 1377 377 stomum
1391 341 1569 383 dignitatem
1580 340 1666 372 Sedis
1678 340 1790 370 Primae
1803 333 1896 379 laefiffe
1908 358 1919 375 ‚
1944 340 2028 379 quod
2035 342 2079 373 ad
2088 345 2143 374 Ve-

306 388 494 423 adversariis
522 387 692 431 Episcopis
719 388 813 422 fuisse
838 388 1038 431 interjectam
1060 412 1067 419 .
1102 387 1191 421 Nam

306 438 478 481 quomodo
499 438 596 472 factio
619 437 769 472 adversas
780 438 921 482 palmare
935 436 1119 482 iniquitatis
1132 437 1194 471 suae

306 488 562 531 fundamentum
589 488 809 523 interceffiffet
821 489 838 520 ,ἶ
864 488 968 535 Qod
998 488 1102 532 ipsum
1114 499 1193 522 con-

305 539 415 573 firmat
440 539 589 574 oculatus
615 538 704 573 testis
729 537 892 572 Palladius
906 550 913 570 :
940 540 985 571 Et
996 539 1116 581 quidem
1127 542 1195 570 Am-

307 595 421 624 monius
454 602 489 625 ac
515 594 658 623 Leontius
678 612 690 630 ‚
726 588 872 630 conjuncti
909 593 1010 622 Acacio
1034 590 1069 623 o·
1097 592 1193 620 Antio-

305 638 357 673 eho
367 664 378 681 ,
414 641 525 685 ingreffi
548 641 592 672 ad
614 642 722 683 Regem
747 638 883 673 dicebant
910 641 1006 678 decem
1029 637 1191 681 Episcopos

304 701 343 726 ex
360 698 450 731 parte
463 692 604 734 Joannis
625 691 792 724 evocandos
810 699 869 733 pro
889 695 1045 724 canonum
1067 688 1191 721 aue‘lori-

302 747 365 773 tate
379 739 566 780 statuenda,
604 741 673 773 aliis
691 741 885 783 afli-rentibus
907 752 954 774 eos
978 741 999 771 ἂ
1027 737 1188 771 Catholicis

301 793 396 824 editos
406 815 417 831 ,
442 792 512 824 aliis
527 792 544 825 e*
555 798 655 824 contra
667 791 831 824 dicentibus
841 790 879 823 ab
892 796 1012 823 Arianis
1016 788 1105 830 fuisse
1115 798 1186 820 com-

296 838 402 882 pofitos
415 866 422 873 .
449 842 590 885 Ingressus
600 850 699 874 autem
709 842 853 882 Elpidius
870 842 1035 874 Laodicaeae
1049 841 1068 871 5
1065 845 1136 877 yriae
1148 842 1189 871 Ε.

295 889 433 934 piscopus
446 916 457 932 ,
483 898 533 926 vir
544 898 619 925 vitae
643 897 750 931 merito
770 892 806 924 <5
824 896 935 924 canitie
954 887 1019 933 ipsa
1039 899 1188 923 veneran-

299 942 359 975 dus
370 966 382 982 ‚
407 944 467 976 una
478 954 542 976 cum
555 941 727 984 Tranquillo
741 965 752 981 ,
774 939 944 984 suadebant
954 943 1028 984 Regi
1040 950 1097 973 non
1110 947 1190 981 opor·

296 997 358 1024 tere
360 995 394 1036 J
395 1004 519 1026 oannem
532 991 778 1025 irrationabiliter
788 994 854 1031 ejici
867 1016 874 1023 .
893 995 1003 1036 Neque
1012 995 1092 1024 enim
1099 991 1187 1031 prius

296 1040 456 1083 deposttus,
476 1044 534 1088 sed
540 1041 646 1085 pulsus
659 1043 679 1075 ἃ
690 1041 918 1083 Comitesuerat
931 1065 943 1081 ,
965 1052 1056 1082 neque
1065 1042 1085 1073 ἂ
1092 1038 1187 1083 seipso

295 1103 447 1127 remearat
458 1116 468 1132 ,
477 1091 537 1136 fid
543 1105 582 1126 ex
597 1095 748 1134 Praecepto
756 1094 883 1125 Pietatis
892 1090 957 1134 suae
968 1116 978 1132 ,
1005 1095 1132 1123 Notario
1143 1092 1187 1122 ad

294 1142 347 1175 hoc
357 1143 436 1186 misso
447 1168 454 1176 .
483 1144 620 1177 Praetera
633 1167 645 1183 ‚
670 1153 742 1184 quos
750 1141 921 1183 proferrent
934 1146 1070 1175 Canones
1084 1145 1184 1173 Haere-

292 1199 417 1226 ticorum
426 1193 478 1236 effe
489 1215 500 1231 ,
517 1194 596 1235 quod
605 1198 718 1234 apertis
729 1193 848 1225 indiciis
861 1190 1065 1232 aliendipqffet
1074 1214 1081 1221 .
1108 1193 1183 1222 Cum

291 1246 363 1276 vero
371 1243 552 1286 perftslerent
556 1247 588 1288 J
591 1248 697 1285 oannis
708 1240 878 1283 adversarii
887 1240 1108 1284 indisciplinate*
1120 1251 1179 1272 con·

289 1295 415 1326 tendere
430 1317 441 1333 ,
466 1294 562 1326 &alii
578 1294 695 1333 quidem
717 1290 843 1333 clamosa
866 1302 934 1324 voce
950 1290 1181 1333 perstreperent,

289 1343 346 1375 alii
369 1346 440 1376 vero
460 1341 602 1383 improbis
625 1340 756 1385 gellibus
769 1363 779 1380 ,
801 1339 951 1383 praes‘ente
978 1344 1157 1381 Imperatore
1167 1365 1178 1380 ‚

287 1394 400 1425 tumido
412 1392 527 1434 pec‘lore
538 1389 693 1434 &spiritu
705 1393 823 1434 turgido
837 1389 970 1434 insanire
984 1392 1159 1423 viderentur
1168 1415 1178 1431 ,

287 1442 411 1483 modeste?
426 1439 783 1484 Canonumscientiffimus
796 1442 943 1483 Elpidius
955 1467 965 1482 ,
991 1442 1104 1474 modico
1126 1447 1179 1473 im-

1257 392 1370 421 nerium
1388 387 1676 432 Mediolanensem&
1697 386 1902 419 chromatium
1925 388 2142 432 aquileiensem

1256 448 1314 470 non
1324 438 1411 472 aliter
1423 451 1514 481 quam
1525 440 1567 472 ad
1574 437 1605 482 se
1609 436 1761 482 scripserit
1773 461 1785 478 ‚
1808 439 1889 480 quod
1898 439 2016 472 litteras
2029 444 2062 472 itt
2073 450 2143 473 ean·

1256 488 1325 521 dem
1330 485 1512 531 sententiam
1524 495 1712 524 exaraverit.

1307 537 1507 582 Respondeo
1529 540 1623 587 nullo
1645 537 1836 573 authentico
1855 537 2050 573 testimonio
2071 548 2141 583 pro-

1256 587 1324 622 bari
1339 611 1350 628 ,
1377 591 1466 632 quod
1479 602 1594 625 omnes
1606 600 1667 624 tres
1681 586 1815 623 laudatae
1825 587 1929 623 Sansti
1941 588 2079 635 loannis
2093 589 2137 622 E·

1255 639 1379 681 pistolae
1393 641 1514 674 fuerint
1533 642 1552 675 a
1573 640 1725 685 paribus,
1751 639 1784 673 ἀ
1809 637 1939 674 laudata
1964 636 2142 675 continue·

1253 689 1319 722 rint
1333 689 1445 723 verba.
1474 689 1581 725 Nullo
1593 691 1694 725 modo
1707 689 1818 734 idipse
1828 689 1982 724 affirmat.
2008 690 2052 724 Et
2063 691 2139 725 sane

1253 740 1427 782 quomodo
1437 740 1455 774 a
1467 739 1711 776 Mediolanensi
1728 750 1784 773 aut
1797 738 1996 783 Aquileiensi
2010 739 2140 783 Episco-

1252 800 1296 832 po
1321 789 1507 833 postulaffet
1518 791 1657 826 rescindi
1670 790 1824 834 iniquum
1846 787 2036 833 Theophili
2055 789 2140 832 judi-

1250 840 1340 873 cium
1354 864 1365 881 ‚
1393 841 1496 884 ipsum
1517 839 1610 876 subdi
1631 839 1862 875 Ecclefiasticis
1883 840 1990 883 poenis
2011 864 2022 880 ,
2048 840 2082 874 δε
2104 840 2139 874 se

1251 888 1340 924 reddi
1363 891 1426 924 suae
1449 892 1622 926 Ecclefiae?
1646 892 1730 937 Qae
1751 889 1820 924 istis
1834 890 2005 934 Episcopis
2027 890 2135 924 austo-

1251 940 1328 974 titas
1349 940 1384 974 in
1408 939 1630 976 Patriarcham
1653 940 1920 991 tglgqefandrinum
1940 965 1952 982 ‚
1977 949 2034 974 aut
2061 939 2139 984 Epi-

1250 991 1419 1034 scopatum
1431 991 1857 1035 Constantinopolitanum?
1893 988 2062 1037 Quocirca
2071 1001 2140 1025 cet·

1249 1049 1320 1075 tum
1330 1041 1374 1075 est
1388 1041 1454 1075 alio
1465 1042 1766 1077 verborumtenore
1786 1041 1821 1075 &
1846 1041 1938 1075 sensu
1952 1039 2027 1075 istas
2052 1039 2142 1075 litte-

1249 1101 1298 1123 ras
1308 1091 1488 1126 constitiffe
1499 1115 1508 1124 .
1535 1091 1714 1126 Habebant
1724 1091 1839 1126 eadem
1850 1090 1988 1125 exordia
2000 1114 2012 1130 ,
2033 1101 2137 1134 expo-

1251 1140 1372 1174 nebant
1384 1140 1499 1175 eadem
1510 1139 1699 1184 Theophili
1712 1142 1859 1176 facinora
1869 1165 1881 1182 ,
1907 1141 2021 1175 verum
2042 1140 2136 1175 aliter

1248 1188 1507 1224 concludebant.
1536 1189 1667 1234 Nempe
1685 1191 1806 1235 scripsit
1828 1191 1870 1225 ad
1892 1189 2078 1225 Venerium
2099 1189 2136 1224 δε

1249 1239 1483 1275 Chromatium
1493 1240 1631 1274 afflictus
1643 1239 1786 1282 Ioannes
1797 1263 1809 1279 ,
1834 1240 2010 1282 quomodo
2032 1239 2139 1274 Cleri-

1247 1301 1360 1324 corum
1373 1291 1521 1335 inopiam
1537 1291 1664 1334 patiens
1675 1288 1832 1323 Africana
1845 1287 1990 1323 Ecclefia
2003 1288 2138 1332 Episco-

1248 1351 1325 1383 pum
1352 1340 1477 1385 legavit
1498 1342 1544 1375 ad
1566 1338 1792 1384 transmarinas
1819 1341 1919 1372 Italiae
1941 1346 2050 1382 partes
2065 1360 2078 1379 ‚
2100 1347 2137 1373 ut

1246 1393 1265 1423 5
1266 1391 1363 1424 antiis
1375 1390 1539 1424 Fratribus
1552 1393 1586 1426 6·
1599 1388 1865 1434 Consacerdotibus
1877 1413 1889 1429 ,
1915 1398 1981 1422 tam
2006 1392 2139 1423 Venera-

1246 1441 1299 1474 bili
1308 1440 1416 1475 sanna
1427 1446 1535 1476 Fratri
1547 1439 1692 1484 Anastasio
1700 1462 1712 1479 ,
1737 1440 1825 1474 sedis
1835 1438 2003 1482 Apostolicae
2014 1437 2139 1483 Epifto·

284 1501 408 1535 perraro
421 1491 538 1534 silentio
552 1515 562 1531 ,
582 1491 622 1532 fic
643 1495 752 1533 Regem
771 1493 952 1533 alloquitur:
982 1495 1057 1523 Non
1067 1492 1179 1523 diutius
1241 1499 1302 1532 po,
1328 1503 1419 1533 quam
1443 1498 1534 1526 etiam
1561 1492 1671 1526 saneto
1684 1494 1790 1526 Fratri
1816 1493 1963 1532 Venerio,
1986 1489 2144 1524 sacerdota

287 1541 549 1586 Mansuetudinem
559 1550 644 1574 tuam
656 1541 799 1574 vexemus
811 1544 977 1581 Imperator
987 1563 998 1579 ‚
1020 1538 1079 1581 sed
1099 1539 1179 1579 iliud

284 1592 344 1636 fiat
367 1617 374 1625 .
401 1591 591 1635 Subscribant
618 1594 745 1624 Fratres
773 1590 858 1630 nostri
882 1593 1000 1623 Aeacius
1023 1589 1057 1622 Θ
1077 1592 1179 1623 Antio-

284 1642 378 1683 chus,
406 1643 440 1675 (r
452 1647 549 1674 caeteri
558 1640 592 1684 se
604 1640 657 1683 esse
677 1640 792 1672 illorum
812 1639 913 1681 fidei,
933 1639 1067 1682 qui-,illos
1088 1647 1178 1680 expo-

1247 1541 1468 1584 Mcdiolanenfis
1495 1542 1652 1586 Ecclefiae,
1678 1541 1868 1582 neceffitaetetn
1882 1538 2005 1584 ipsam,
2030 1550 2066 1573 ac
2085 1539 2148 1581 do·-

1242 1590 1332 1624 lorem
1346 1615 1357 1631 ,
1382 1601 1473 1634 atque
1485 1599 1617 1633 inopiam
1641 1597 1818 1625 intimaret.
1845 1590 1890 1624 Et
1915 1590 1981 1625 alia
2009 1588 2137 1624 ibidem

1245 1639 1398 1685 Synodut
1419 1641 1546 1675 statuit:
1578 1645 1624 1674 De
1650 1640 1816 1680 Donatistis
1837 1641 1979 1681 placuit,
2010 1647 2053 1674 ut.
2069 1649 2137 1671 con-

281 1690 410 1735 suerunt
420 1695 578 1730 Canones,
604 1686 744 1731 quos-ipsu*
763 1689 949 1728 obtendunt,
974 1690 1008 1722 Θ
1029 1684 1128 1730 soluta
1140 1687 1178 1728 est
1239 1688 1374 1732 sudamus
1402 1690 1532 1723 Fratres
1554 1692 1588 1724 Θ
1603 1688 1833 1733 consacerdotes
1859 1686 1968 1728 nostros
1993 1689 2135 1727 syricium

285 1739 492 1783 controverfia.
523 1738 643 1773 Multis
654 1736 797 1773 ostendit
809 1738 933 1782 abipso
947 1737 1094 1781 Ioanne,
1121 1748 1176 1771 ne·

284 1802 451 1836 quaquam
473 1788 515 1825 ab
536 1790 604 1833 ejus
616 1789 803 1823 adversariis
823 1789 993 1823 adversum
1016 1786 1094 1822 istos
1116 1786 1177 1821 Ca-

283 1853 392 1876 nones
419 1841 512 1875 fuiffe
539 1839 747 1875 intercessum
769 1863 776 1871 .
804 1837 867 1873 Per
890 1838 990 1878 istos,
1020 1838 1176 1882 inquam,

283 1891 442 1927 Canones
453 1892 592 1935 Joannes
604 1889 645 1924 ab
662 1900 798 1933 utraque
808 1888 1022 1923 damnatione
1035 1888 1176 1931 primurn

281 1954 422 1977 conatus
445 1943 490 1977 est
503 1942 535 1975 se
546 1940 695 1976 evolvere
707 1940 741 1973 &
757 1940 915 1973 extricare
928 1962 938 1977 ,
969 1939 1003 1971 ὅ(
1020 1948 1091 1971 non
1116 1937 1174 1969 nifi

280 1993 351 2036 post
365 1993 423 2026 fibi
437 1991 595 2024 inflictam
610 2001 664 2034 per
692 1989 775 2031 ipsos
797 1987 1046 2022 damnationem
1069 1985 1177 2030 appel-

281 2042 361 2078 lavit
383 2065 394 2081 ‚
426 2042 496 2086 jam
521 2040 709 2083 deportatus
731 2062 743 2079 ,
782 2038 824 2072 ad
863 2037 980 2072 Sedena
1008 2036 1176 2080 Apostoli-

279 2103 372 2128 cam.

332 2140 389 2176 Ad
402 2139 575 2183 Epist01ae‚
601 2148 700 2181 quam
710 2135 911 2170 Innocentio
935 2134 1097 2168 Pontifici
1122 2145 1176 2178 ap-

281 2193 408 2237 pellans
422 2190 563 2233 scripsit,
589 2187 713 2223 calcem
728 2187 869 2230 Joannes
880 2184 1008 2220 addidit
1026 2196 1034 2216 :
1063 2183 1172 2226 Scripsi

281 2254 345 2276 mus
374 2240 427 2282 ista
450 2242 484 2275 o·
506 2241 550 2272 ad
570 2243 729 2273 Venerium
756 2234 1003 2278 Mediolanensem
1027 2259 1037 2275 ,
1076 2237 1110 2269 (v
1132 2236 1176 2268 ad

283 2293 493 2326 chromatium
510 2286 725 2332 Aquilejensem
736 2284 912 2329 Episcopum
924 2310 931 2317 .
960 2285 1014 2319 Ad
1026 2295 1096 2328 quae
1110 2295 1176 2318 ver-

283 2344 324 2379 ba
335 2343 475 2385 Joannes
487 2339 670 2382 Launojus:
702 2341 749 2371 sic
766 2335 906 2380 scribitur
924 2346 990 2368 cum
1012 2337 1056 2368 ad
1070 2335 1173 2377 plures

280 2394 421 2439 scribitur
434 2415 445 2432 ,
462 2393 497 2426 Θ
506 2391 527 2423 ἃ
533 2396 606 2432 pari
617 2388 668 2422 vel
676 2390 695 2420 ἃ
702 2387 828 2430 paribus
837 2385 929 2430 firibi
941 2388 1051 2419 dicitur
1061 2410 1068 2417 .
1096 2389 1173 2417 Hinc

282 2443 464 2482 ut-chartae,
489 2446 535 2474 ita
557 2442 592 2475 <¹5
614 2437 757 2482 Epistola·
774 2438 923 2480 pariculae
947 2448 998 2471 cur
1017 2447 1075 2469 non
1099 2436 1168 2469 dice<

283 2494 414 2529 rentur?
440 2491 644 2526 Bellarminus
657 2490 694 2523 id
713 2499 816 2522 notare
836 2488 943 2522 oblitus
968 2486 1025 2526 est,
1052 2486 1100 2519 ubi
1117 2494 1173 2528 pro

285 2548 416 2579 Romani
435 2541 576 2585 Episcopi
604 2543 743 2573 Primatu
765 2540 871 2573 laudat
898 2537 973 2570 hanc
986 2534 1172 2579 chrysostomi

286 2594 453 2637 Epistolam
475 2618 482 2624 .
511 2592 630 2626 oblivio
651 2590 714 2624 haec
735 2587 938 2629 Ecclefiaflicae
961 2587 1097 2628 Historia·
1114 2597 1171 2620 non

281 2652 396 2689 parum
416 2649 558 2685 importat
579 2644 752 2675 detrimenti
775 2664 782 2671 .
810 2639 928 2683 ,Quibus
955 2643 1035 2670 enim
1058 2635 1171 2678 Episto

286 2697 326 2731 lae
338 2694 440 2729 verbis
454 2697 582 2727 Romani
593 2689 733 2734 Episcopi
749 2693 921 2723 Primatum
929 2693 1018 2731 erigit
1028 2713 1038 2728 ,
1065 2684 1172 2730 eisdem

289 2747 323 2779 6
335 2749 452 2778 Venerii
466 2741 687 2783 Mediolanensi}
700 2744 733 2776 (⁶5
744 2739 911 2773 Chromatii
924 2736 1111 2781 Aquileiensis
1129 2739 1158 2769 E
1162 2756 1182 2769 -.

285 2793 395 2837 piscopi
408 2797 577 2827 Primatum
589 2793 718 2834 erexiffet
731 2790 877 2834 fingulari
895 2796 927 2822 in
951 2787 1110 2823 tractando
1130 2799 1172 2820 re-

291 2846 417 2888 ligione,
441 2848 623 2875 accuratione
649 2852 781 2884 magna,
809 2842 917 2881 aequali
929 2840 1059 2879 judicio.
1089 2841 1182 2880 Pura

289 2902 368 2937 puta
379 2892 416 2933 est
429 2892 631 2934 difflmulatio.
662 2890 741 2923 Haec
764 2889 880 2922 verba:
908 2887 1030 2931 Obsecro
1050 2898 1083 2921 ut
1097 2886 1168 2930 scri-

295 2945 374 2984 bas,
400 2952 435 2976 ut
444 2942 509 2977 haec
518 2949 583 2975 tam
602 2941 702 2982 inique*
711 2939 820 2982 faHa,
848 2940 882 2972 (5
904 2937 1074 2980 absentibus
1089 2938 1171 2970 nobis

1246 1740 1280 1772 (τ’
1301 1726 1526 1780 simplicianum
1536 1740 1574 1772 de
1581 1737 1654 1782 solis
1664 1738 1838 1780 infantibus
1860 1742 1913 1779 qui
1934 1737 2135 1778 baptizantur

1243 1790 1329 1831 apud
1349 1786 1427 1832 ipsos
1442 1813 1450 1822 .
1473 1787 1579 1837 Qod
1606 1788 1765 1823 Romano
1791 1786 1955 1830 Epiicopo
1969 1784 2136 1822 Mediola-

1245 1840 1376 1873 nensem
1389 1850 1457 1873 non
1467 1839 1687 1883 aequaverint,
1711 1837 1798 1872 lucet
1819 1847 1860 1871 ex
1886 1833 1989 1870 hocce
2015 1836 2136 1871 Decre-

1243 1899 1278 1923 to
1293 1901 1300 1921 :
1329 1890 1448 1922 Placuit
1459 1897 1491 1921 ut
1503 1890 1614 1923 litterae
1626 1893 1789 1922 mittantur
1799 1886 1843 1920 ad
1856 1889 1983 1920 Fratres
2004 1887 2039 1920 ὃ·
2061 1889 2134 1920 Coe-

1241 1935 1373 1980 piscopos
1384 1938 1493 1979 nostros
1506 1964 1516 1979 ,
1542 1941 1576 1974 (9
1589 1939 1724 1972 maxime
1736 1938 1782 1970 ad
1799 1936 1902 1970 Sedent
1923 1935 2133 1978 Apostolicam,

1240 1993 1272 2020 in
1283 2000 1343 2030 qua
1353 1989 1493 2029 praefidet
1507 1988 1691 2022 Venerabilis
1710 1990 1823 2020 Frater
1840 1985 1930 2025 noster
1941 1984 2108 2028 Anastafius
2119 2010 2127 2017 .
2142 2028 2144 2030 Ι

1244 2037 1329 2071 Tres
1338 2036 1509 2073 dumtaxat
1522 2036 1754 2080 Metropolitas
1766 2034 1907 2070 habebat
1921 2045 2001 2069 tunc
2015 2034 2129 2069 Italia:

1244 2086 1436 2120 Romanum
1459 2111 1470 2127 ‚
1507 2087 1795 2120 Mediolanensem
1815 2109 1827 2126 ‚
1858 2096 1897 2121 ac
1937 2084 2130 2129 Aquilejen-

1243 2137 1307 2169 sem
1321 2161 1328 2167 .
1357 2136 1399 2169 Et
1413 2134 1447 2169 hi
1460 2135 1528 2170 duo
1541 2135 1662 2169 Italicis
1675 2135 1709 2168 in
1723 2134 1866 2177 synodis
1876 2133 2023 2169 solebant
2041 2132 2130 2170 adse·

1241 2186 1315 2220 dere
1329 2186 1486 2220 Pontifici
1499 2209 1510 2226 ,
1535 2186 1568 2219 &
1591 2184 1755 2230 graviores
1778 2194 1854 2218 cum
1877 2183 1938 2218 illo
1948 2183 2058 2219 causas
2067 2194 2131 2219 tra·

1245 2238 1327 2270 {iare
1339 2261 1347 2268 .
1375 2236 1465 2270 Nam
1477 2236 1510 2270 δε
1525 2236 1569 2269 ita
1583 2246 1684 2278 nuper
1695 2234 1840 2268 Damaso
1850 2233 1885 2267 in
1898 2232 2051 2268 Romana
2062 2257 2074 2274 ,
2094 2231 2130 2268 δε

1242 2287 1370 2329 Syricio
1389 2287 1424 2320 in
1447 2286 1605 2329 Capuana
1629 2282 1767 2329 Synodo
1791 2283 1970 2318 affederant
1995 2283 2131 2318 Sanctus

1244 2337 1434 2370 Ambrofius
1447 2335 1581 2370 Venerii
1597 2359 1608 2375 ,
1633 2335 1668 2369 δε
1694 2333 1958 2379 Augustinus(a)
1969 2332 2197 2393 Chromin-(n)
2216 2358 2302 2390 Vale-

1240 2386 1276 2419 tii
1289 2385 1484 2426 Anteccffor
1497 2409 1507 2425 ,
1533 2386 1566 2420 &
1579 2396 1656 2418 cum
1668 2384 1740 2427 ipfis
1753 2385 2001 2418 retrastaverant
2021 2382 2132 2426 appel·
2142 2390 2239 2429 fimus
2251 2420 2260 2429 ο

1242 2437 1402 2472 lationem
1416 2435 1562 2469 Maximi
1589 2434 1735 2479 Cynici,
1764 2433 1896 2478 Evagrii
1918 2433 1953 2468 δε
1976 2432 2127 2467 Flaviani
2145 2439 2224 2468 Ad».
2248 2445 2299 2472 Νι.

1238 2487 1278 2522 de
1293 2484 1505 2521 Antiochena
1532 2484 1695 2520 Cathedra
1723 2483 1958 2529 quaestionem,
1984 2482 2128 2527 aliasque
2145 2480 2182 2508 *ι’
2197 2494 2207 2506 ·

1238 2538 1349 2571 causas
1358 2535 1557 2581 graviffimas
1565 2561 1574 2569 .
1601 2534 1823 2570 Laudatarum
1834 2531 2128 2576 MetropoleondE-

1241 2587 1408 2630 piscopiin
1421 2585 1622 2619 Provinciali
1640 2585 1742 2618 ltaliae
1767 2582 1904 2624 synodo
1930 2591 2022 2616 erant
2049 2580 2127 2617 bina

1239 2638 1384 2677 Romani
1398 2635 1575 2671 Pontificis
1587 2635 1706 2668 latera:
1732 2632 1827 2666 Hinc
1852 2632 1917 2665 illis
1938 2629 2029 2665 suam
2051 2643 2127 2677 cau-

1239 2690 1304 2723 sam
1312 2710 1322 2726 ,
1348 2685 1429 2721 huic
1435 2682 1734 2720 commendandam
1745 2708 1756 2724 ,
1766 2681 2013 2717 commendavit
2023 2682 2126 2719 etiam

1237 2740 1256 2773 S
1264 2740 1378 2772 anstus
1389 2738 1532 2782 Joannes
1542 2733 1813 2778 Chrysostomus.

1291 2788 1403 2833 Pergit
1416 2788 1559 2831 Joannes
1573 2783 1760 2829 Launojus:
1788 2787 1977 2816 Innocentius
1990 2794 2048 2816 non
2057 2793 2126 2817 con-

1242 2846 1376 2882 queritur
1398 2862 1410 2879 ,
1446 2837 1526 2880 quod
1537 2833 1760 2876 echrysostomus
1788 2834 1832 2866 ad
1856 2833 1998 2872 synodum
2020 2838 2125 2875 potius

1240 2902 1329 2932 quam
1349 2890 1392 2921 ad
1402 2883 1699 2928 Sedemstpqllolicam
1719 2889 1929 2925 provocaverit
1940 2908 1947 2915 .
1974 2883 2069 2926 ‚Quod
2077 2887 2126 2919 ina

1242 2938 1386 2980 Pontifex
1398 2934 1655 2977 Ecclek‘asticarum
1668 2946 1764 2968 rerum
1769 2939 1886 2975 peritus
1898 2942 2025 2966 noverat
2035 2931 2137 2973 chry--

297 2996 332 3029 Θ·
353 2992 573 3026 declinantibus
588 2992 739 3032 judicium
748 3015 758 3029 ,
786 3001 844 3023 non
859 2988 992 3022 habeant
1010 2987 1096 3021 robur
1107 3012 1118 3028 ,
1138 2986 1173 3029 fi-
1235 2989 1390 3034 sbstomum
1404 2987 1483 3021 nihil
1489 2985 1583 3028 fectffe
1594 3010 1604 3025 ,
1630 2986 1710 3026 quod
1721 2986 1740 3016 ἃ
1752 2986 1901 3024 Majorum
1913 2982 2061 3024 Institutis
2073 2981 2126 3014 ab·

295 3053 343 3079 cut
354 3054 446 3086 neque
458 3052 566 3076 natura
572 3041 631 3084 sua
653 3040 782 3073 habent.
810 3039 859 3072 Illi
881 3046 1000 3079 autem,
1025 3044 1078 3081 qui
1100 3040 1174 3071 adeo
1239 3040 1396 3081 horreret;
1423 3039 1457 3071 id
1474 3037 1545 3070 vero
1561 3035 1678 3078 ficiffi,
1705 3034 1785 3076 quod
1803 3038 1941 3076 aequitati
1958 3034 1992 3066 (τ
2010 3036 2123 3065 rationi

296 3095 399 3137 inique
411 3093 491 3138 egisse
501 3090 675 3133 deprehensi
676 3090 750 3135 sunt
762 3115 772 3131 ,
796 3098 894 3132 poenae
914 3093 944 3121 E
947 3087 1174 3130 cclefiasticarum
1217 3107 1220 3122 l
1238 3089 1416 3133 consentiret
1427 3113 1434 3119 .
1461 3088 1552 3119 Immo
1567 3087 1686 3118 tantum
1697 3082 1774 3124 abest
1786 3108 1796 3123 ‚
1821 3093 1856 3117 ut
1868 3095 1904 3117 ea
1916 3084 1952 3116 de
1963 3094 1994 3116 re
2005 3092 2124 3125 conque·

296 3146 393 3189 legum
414 3142 591 3187 subjaceant
610 3152 620 3183 3
659 3141 740 3174 nobis
760 3143 831 3174 vero
842 3164 852 3180 ‚
877 3144 928 3182 qui
950 3150 1002 3172 nec
1027 3139 1175 3179 convicii,
1217 3129 1220 3153 ³
1236 3139 1347 3182 flusfit
1361 3163 1373 3178 ‚
1400 3142 1481 3172 utiis
1493 3134 1758 3178 quaeaTheopbilo
1769 3137 2031 3179 contraJoannem
2053 3131 2122 3166 aHa

298 3205 349 3228 nec
359 3196 535 3238 redarguti,
560 3202 612 3225 nec
621 3189 717 3224 habiti
728 3201 761 3224 ut
786 3196 831 3224 rei
845 3187 971 3233 sumus,
998 3191 1106 3222 litteris
1126 3201 1177 3222 ve·

291 3245 365 3286 stris
385 3246 419 3278 (5
439 3249 565 3277 caritate
585 3241 684 3281 vestra
697 3265 706 3279 ,
737 3242 916 3281 aliorumque
936 3245 1061 3272 omnium
1074 3265 1084 3280 ,
1111 3251 1177 3282 quo-

297 3306 365 3328 rum
372 3292 482 3337 scilicet
493 3294 526 3326 (9·
544 3292 634 3326 antea
651 3289 789 3334 societate
803 3289 981 3332 fruebamur
992 3315 1002 3330 ‚
1021 3289 1092 3331 frui
1112 3301 1178 3323 con—

297 3346 408 3378 cedite.
440 3342 578 3379 Exstans
588 3342 672 3384 apud
687 3340 873 3374 Palladium
897 3341 1042 3382 Epistola
1066 3340 1177 3374 addit:

1234 3191 1366 3234 fuerant
1377 3212 1388 3230 ,
1410 3185 1515 3229 &ase
1529 3188 1563 3220 ὼ·
1589 3190 1712 3219 Venerio
1725 3185 1760 3218 (εἰ
1785 3183 1955 3217 Chromatio
1980 3180 2095 3226 resciffls
2109 3205 2123 3222 ‚

1241 3241 1423 3283 neceffariam
1432 3236 1529 3271 adhuc
1551 3236 1716 3276 synodum,
1743 3245 1864 3277 eamque
1888 3232 1938 3276 esse
1959 3230 2054 3275 fhlam
2069 3233 2123 3274 ju·

1243 3291 1393 3323 dicaverit
1411 3312 1422 3328 ,
1461 3299 1528 3328 quae
1554 3293 1695 3320 excitata»
1721 3291 1799 3318 inter
1836 3281 2061 3326 chrysostomum
2087 3282 2123 3315 <9⁴

1242 3338 1432 3381 Theophilum
1446 3362 1455 3378 ,
1477 3344 1553 3370 inter
1579 3335 1709 3370 Thraces
1737 3343 1828 3377 atque
1852 3335 2034 3377 AEgyptios‚
2060 3342 2125 3365 con-

299 3393 432 3437 Ecclefiis
469 3393 572 3436 nostris
607 3391 705 3432 iubete
729 3390 840 3431 restitui
859 3415 866 3424 .
904 3391 986 3424 Haec.
1023 3391 1156 3433 inquam
1170 3412 1180 3429 ,
1222 3387 1385 3445 irreverfiae
1407 3387 1499 3430 finem
1524 3393 1703 3430 imponeret,
1729 3382 1788 3428 sed
1810 3382 2045 3428 exspectandum
2072 3381 2125 3425 effe

1221 3447 1229 3486 l

1987 3430 2076 3477 usque
