2366 3756
80 2682 115 2709 Α.
135 2690 213 2715 1074.

83 3101 103 3127 1<
116 3098 236 3138 3.Episs.

85 3149 134 3172 45-

634 206 1171 249 CONc1L1uM

251 291 422 335 Apologia
436 288 544 323 laudat
564 286 736 322 Ennodius
746 286 932 319 Ticinenfis
944 285 1116 318 Diaconus
1126 298 1136 316 .-

253 344 441 385 ‚Quicumque
460 342 640 372 Clericorum
662 337 700 368 ab
714 335 859 378 Episcopo
876 334 930 378 suo
940 333 1135 377 antesenten-

249 399 303 429 31ae
317 399 429 432 tempus
438 398 494 432 pro
517 388 607 422 dubia
615 385 777 429 suspicione
791 387 932 428 decesserit
944 408 954 423 ,
980 384 1136 426 manifhsta

247 452 315 474 eum
337 450 439 474 manet
463 437 614 481 Censura.
644 435 861 470 Seceffionem
886 436 979 469 istam
1003 446 1044 468 ex
1067 435 1134 468 sola

250 492 327 525 ante
340 491 536 524 sententiam
553 486 733 531 suspicione
745 487 897 520 attentari
911 494 998 519 vetat
1009 507 1019 525 ‚
1047 484 1135 518 ideo-

251 553 316 584 que
336 541 381 574 ob
394 537 601 574 manifestum
625 537 747 570 crimen
762 536 831 569 fieri
853 535 995 570 omnino
1007 534 1134 578 permit-

251 603 292 624 tlt
318 618 324 624 .
354 591 396 622 Et
422 588 500 621 hinc
527 587 677 621 Roberto
704 587 894 628 Imperatori
920 584 1133 624 Cardinales‚

250 643 306 683 qui
327 639 345 672 ὲ
362 638 516 683 Gregorii
540 636 726 670 duodecimi
749 636 920 669 Pontificis
943 634 1132 668 obedIentia

250 694 283 723 ie
309 688 553 727 subtraxerant,
581 687 824 730 interroganti,
850 690 956 718 Utrum
967 685 1133 718 obedientia

241 740 342 781 fuerit
348 738 556 782 subtrahenda
574 739 645 769 ante*
667 737 761 768 latam
784 735 989 779 sententiam,
1013 737 1047 768 (Ὗ
1061 735 1133 767 ante

250 788 346 831 causae
366 813 376 828 ,
398 797 521 830 propter
543 799 634 829 quam
661 785 725 826 fieri
747 786 872 819 debebat
885 811 896 826 ,
921 790 1132 830 cognitionem,

250 840 367 873 Petrus
380 839 421 872 de
446 841 626 871 Ancotano
637 837 765 870 Dostor
776 836 994 870 ssononienlis
1005 836 1133 877 respon-

250 891 318 923 dit:
348 890 442 931 ,Quod
459 886 632 929 subtrahere
653 887 849 919 obedientiam
871 885 977 925 nonest
1001 887 1134 925 malum,

250 942 308 971 imo
326 937 487 981 sanc‘lum,
515 937 620 970 bonum
643 938 676 970 (ἓν
681 935 793 978 justum
815 943 849 969 in
859 935 927 978 casu
951 934 1061 975 nostro,
1089 943 1135 966 at-

249 994 340 1022 tentis
364 986 585 1029 circumstantiis
600 1012 611 1027 ‚
638 989 671 1021 Θ*
694 988 766 1019 aliis
790 988 985 1020 attendendis
1007 1012 1014 1017 .
1041 984 1133 1031 Qia

247 1037 364 1081 nempe
376 1033 530 1081 Gregorii
554 1048 631 1071 cum
644 1037 810 1080 Antipapa
835 1036 1014 1070 Benedit‘to
1029 1060 1038 1075 ‚
1064 1045 1135 1067 om-

246 1100 326 1123 nem
350 1088 526 1122 Ecclesiam
548 1086 766 1123 scandalizans
789 1086 974 1120 &schisma
998 1086 1134 1125 fovens,

247 1139 384 1172 collusio
404 1150 473 1172 non
488 1137 587 1171 dubia
601 1139 679 1172 esset
701 1138 734 1171 ὅ(
747 1137 885 1180 suspecta
898 1161 908 1177 ,
935 1136 987 1170 sed
1003 1109 1152 1168 notoria¹
1169 1166 1172 1169 .

245 1199 285 1222 ac
308 1189 500 1222 manifesta.
530 1189 572 1221 Et
584 1185 662 1222 hinc
688 1187 897 1229 Responsum
923 1185 1134 1220 issudPisana
1157 1181 1165 1191 ”

245 1238 402 1280 synodus
426 1238 633 1272 confirmavit
658 1262 664 1269 .
693 1237 833 1270 Exstant
858 1238 942 1271 Asta
965 1236 1049 1279 apud
1069 1236 1135 1268 Lu-

245 1300 319 1321 cam
347 1287 551 1322 Dacherium
563 1312 570 1319 .
597 1286 773 1331 Qidquid
787 1288 822 1321 fit
836 1312 846 1327 ,
873 1286 963 1330 quod
975 1287 1016 1320 ad
1028 1285 1135 1330 leg-iti·

247 1349 340 1371 mum
355 1338 536 1381 Superioris
549 1338 740 1371 mandatum
755 1337 845 1380 plebs
867 1337 960 1380 possit
971 1348 1008 1369 ac
1018 1336 1133 1369 debeat

245 1389 279 1421 se
302 1388 318 1420 a
334 1387 499 1421 criminofi
524 1388 685 1430 Praepofiti
700 1389 804 1420 Sacris
817 1387 997 1425 abstinere,
1026 1384 1135 1418 vocari

246 1449 317 1470 non
344 1437 437 1479 possit
449 1437 483 1470 in
499 1436 637 1469 dubium
653 1460 660 1467 .
691 1435 734 1467 Et
749 1435 814 1468 tale
837 1433 876 1467 de
888 1434 1136 1468 concubinariis

246 1488 301 1520 seu
324 1486 510 1530 conjugatis
533 1483 734 1526 Presbyteris
748 1485 948 1526 Praeceptum
973 1483 1067 1525 ponit
1080 1481 1135 1515 hic

246 1536 412 1568 Nicolaus
434 1534 612 1566 secundus.
650 1532 744 1563 Hinc
768 1532 861 1562 addit
902 1543 909 1560 :
948 1534 1048 1571 ,Quem
1077 1529 1135 1569 scit

245 1582 438 1616 concubinam
465 1580 673 1614 indubitanter
699 1578 805 1612 habere
829 1604 835 1610 .
870 1579 965 1621 Juxta
987 1576 1136 1611 laudatos

245 1632 400 1666 Canones
413 1640 499 1666 vetat
511 1642 551 1664 ex
566 1630 748 1672 suspicione
761 1627 890 1672 procedi
904 1653 911 1659 .

295 1678 516 1716 Sanffiffimus
541 1680 676 1714 interim
698 1680 819 1713 Canon
845 1678 1054 1713 occasionem
1067 1689 1137 1721 pra:-

246 1732 319 1767 buit
344 1731 494 1776 piurimis
507 1730 601 1764 malis
614 1754 625 1770 ,
652 1729 693 1764 de
709 1729 825 1773 quibus
840 1728 1023 1774 Sigibertus
1036 1728 1136 1761 Gem-

248 1783 425 1818 blacenfis:
453 1786 680 1814 continentiam
688 1787 791 1821 paucis
805 1779 976 1812 tenentibus
988 1803 999 1818 ,
1026 1780 1135 1821 aliqui-

249 1835 305 1878 bus
326 1845 393 1866 eam
413 1832 541 1875 quaestus
565 1833 598 1864 (τ
614 1830 775 1871 jac‘lantiae
797 1828 886 1872 causa
898 1829 1109 1870 fimulantibus
1127 1851 1138 1866 ‚

249 1883 353 1916 multis
366 1886 616 1915 incontinentiam
625 1882 758 1922 perjurio
768 1889 820 1913 aut
832 1880 1032 1921 multipliciori
1053 1879 1137 1911 adul-

250 1939 324 1967 terio
348 1924 565 1965 cumulantibus
587 1956 597 1971 ,
623 1930 728 1964 adhaec
750 1930 805 1964 hac
827 1935 1046 1972 opportunitate
1068 1932 1137 1961 Lai-

250 1989 293 2016 cis
315 1981 530 2025 insurgentibus
554 1989 654 2014 contra
672 1981 771 2024 sacros
795 1983 924 2014 Ordines.
949 2005 959 2020 ,
987 1983 1020 2013 Θ
1042 1976 1076 2021 se
1098 1979 1136 2010 ab

253 2039 332 2065 omni
356 2031 552 2074 Ecclefiastica
569 2029 748 2074 subjecVIone
771 2030 989 2064 excutientibus
1015 2053 1025 2070 ,
1054 2032 1137 2062 Laicz·

249 2079 337 2126 sacra
364 2081 499 2123 Mysteria
520 2091 666 2115 temerant
683 2106 693 2121 ,
719 2083 803 2115 &de
817 2080 865 2114 bis
890 2079 1067 2123 disputant,
1095 2085 1134 2111 in*

247 2133 357 2174 fantes
381 2133 563 2174 baptizant,
583 2131 704 2175 sordido
718 2137 833 2164 aurium
855 2130 973 2163 humore
991 2138 1048 2171 pro
1055 2127 1139 2170 sacro

253 2186 310 2216 oleo
332 2186 365 2216 (9·
377 2181 534 2225 chrismate
547 2190 662 2214 utentes
675 2204 685 2219 ‚
711 2187 742 2213 in
757 2190 891 2212 extremo
902 2186 977 2211 vitae
993 2184 1140 2210 viaticum

251 2234 436 2263 Dominicum
458 2255 468 2269 ,
496 2232 528 2262 Ca·
543 2229 681 2270 uſstatum
705 2227 840 2268 Ecclefiae
864 2225 1028 2268 obsequium
1044 2223 1139 2267 sepul-

252 2290 328 2312 turae
341 2282 360 2310 ἂ
375 2278 557 2317 Presbyteris
572 2280 737 2322 conjugatis
749 2283 877 2318 accipere
883 2281 980 2317 parvi
986 2276 1139 2316 pendunt,

254 2333 389 2362 Decimus
404 2329 587 2366 Presbyteris
613 2329 778 2368 deputatas
802 2332 870 2367 igne
881 2333 1036 2363 cremant,
1063 2325 1140 2357 &ut

251 2385 283 2411 in
309 2390 364 2410 uno
386 2386 493 2411 caetera
511 2377 684 2418 perpendas
702 2400 712 2414 ,
739 2378 826 2407 Laici
847 2378 962 2415 Corpus
987 2375 1138 2406 Dominis?

250 2428 431 2467 Presbyteri:
451 2429 619 2470 conjugatis
633 2424 830 2468 consecratum
841 2423 867 2467 s
861 2426 924 2466 aepe
933 2423 1060 2466 pedibus
1074 2435 1137 2456 con-

249 2479 421 2517 culcarunt,
450 2479 677 2521 &Sanguinem
702 2479 823 2508 Domini
851 2476 1019 2508 voluntarie
1030 2473 1137 2514 effude-

250 2538 342 2568 runt,
371 2529 404 2562 Θ
417 2528 513 2561 multa
537 2526 598 2559 alia
607 2534 709 2559 contra
723 2527 780 2568 jus
806 2526 840 2559 (Ὗ
846 2523 901 2568 fas
909 2524 989 2569 gesta
1006 2522 1080 2569 ,funt
1105 2530 1138 2567 in

251 2577 394 2621 Eccltfia,
421 2577 520 2612 &bac
531 2573 667 2619 occafione
684 2578 774 2610 multi
786 2573 1031 2620 Pseudomagistri
1042 2575 1138 2619 exsur-
1180 2561 1295 2614 ldatus
1320 2579 1391 2613 Leo
1416 2590 1618 2620 correxerat,
1650 2580 1790 2625 ideoque
1811 2583 1899 2618 &de
1923 2585 1991 2619 istis
2004 2587 2081 2620 solis

245 2638 350 2672 gentes
369 2628 509 2670 profanis
535 2628 720 2661 novitatibus
739 2628 858 2669 plebem
878 2627 916 2660 ab
944 2625 1137 2670 Ecclefiastica

250 2677 406 2720 disciplina
443 2686 588 2712 avertunt
613 2704 619 2710 .
644 2679 731 2725 Qae
756 2678 871 2711 omnia
895 2676 1010 2713 iisdem
1033 2677 1136 2712 verbis

253 2727 396 2762 scribunt
420 2727 596 2762 Matthaeus
610 2728 792 2762 Parilienlis
806 2752 816 2767 ,
842 2729 875 2762 &
887 2726 1081 2771 R-adulphus
1094 2729 1137 2763 de

254 2778 393 2812 Diceto.
418 2779 609 2812 Occafionis
631 2777 772 2812 radicem
797 2779 898 2813 disces
920 2790 961 2813 ex
979 2777 1039 2812 hac
1052 2790 1136 2822 quae-

254 2828 359 2861 stione
373 2828 479 2862 Sancti
495 2827 643 2862 Anselmi
659 2828 908 2872 Archiepiscopi
920 2829 1133 2863 Cantuarien-

258 2878 295 2911 fis
308 2892 317 2910 :
344 2879 403 2910 sia
417 2878 596 2916 Presbyteris
609 2878 757 2920 foeminas
770 2878 947 2911 habentibus
969 2881 1057 2912 liceat
1068 2882 1135 2913 1²oe-

255 2934 415 2961 nitentitzm
438 2930 472 2962 (ν’
484 2933 598 2970 Corpus
609 2930 727 2963 Domini
747 2934 779 2962 in
786 2930 916 2971 periculo
936 2935 1039 2962 mortis
1062 2935 1134 2964 acci-

252 2987 343 3019 pere,
368 2989 432 3011 cum
454 2979 551 3011 nullus
578 2982 738 3012 continens
762 2979 842 3020 adest
856 2981 872 3011 ,ἓ
899 2983 945 3011 Et
950 2977 979 3020 fi
985 2982 1074 3021 licet,
1099 2983 1133 3014 (θ’

1242 202 1710 246 ROMANUM.

1947 200 2015 260 87

1197 286 1296 319 etiam
1312 287 1520 320 Sacramenta
1540 285 1687 321 errabant
1697 287 1715 319 a
1727 285 1910 330 conjugatis
1921 284 2075 320 Sacerdo-

1197 334 1282 369 tibus
1303 347 1362 369 nec
1384 336 1419 368 in
1441 337 1556 370 mortis
1577 337 1717 371 articulo
1739 336 1826 379 posse
1839 335 1976 378 suscipi,
2003 334 2075 376 qui-

1197 382 1271 418 dam
1283 386 1361 419 item
1374 385 1539 429 conjugati
1552 386 1743 420 Sacerdotes
1752 396 1788 419 ea
1799 396 1879 419 tunc
1892 384 2075 428 petentibus

1197 435 1230 466 in
1249 436 1355 477 spretae
1376 435 1550 468 suaeMiffae
1574 436 1752 469 vindictam
1773 435 1952 480 negabant.
1981 435 2075 468 Hinc

1197 484 1317 518 fastum
1329 484 1374 518 est
1388 508 1399 524 ,
1427 494 1462 517 ut
1475 483 1567 516 Laici
1578 485 1652 517 suos
1663 483 1718 526 ipsi
1730 495 1843 526 pueros
1854 485 2053 529 baptizarent
2063 508 2076 525 ,

1197 534 1397 577 istorumque
1412 534 1526 567 omnia
1539 533 1632 567 Sacra
1645 544 1712 566 non
1726 533 1873 576 fugerent
1884 535 2075 576 dumtaxat,

1196 584 1246 617 sed
1269 587 1369 618 etiam
1391 583 1621 617 conculcarent
1643 609 1650 615 .
1679 581 1783 617 Porro
1806 584 1895 626 quod
1920 595 1988 619 non
2008 594 2076 618 tan-

1196 645 1266 667 tum
1287 633 1585 668 Reconciliationis
1599 658 1610 673 ,
1636 632 1690 666 sed
1702 630 1999 667 Eucharistiaeitem
2011 636 2076 669 via-

1196 684 1421 718 ticumliceret
1444 683 1567 726 abipfis
1588 683 1691 725 accipi
1702 682 1736 716 in
1748 684 1902 717 extremis
1919 707 1930 723 ‚
1957 684 2075 727 scripsit

1196 735 1228 766 in
1245 734 1361 768 litteris
1383 734 1423 768 ad
1438 734 1579 768 Lucium
1591 733 1698 767 Sancti
1711 734 1853 775 Iuventii
1865 733 2075 776 Praepositum

1194 784 1296 817 etiam
1315 783 1475 818 Urbanus
1496 783 1671 818 secundus.
1699 783 1743 816 Et
1756 783 1825 826 jure
1846 784 1982 817 merito.
2011 786 2076 819 Ne-

1194 834 1344 868 ceffitatis
1367 834 1485 877 quippe
1498 835 1704 868 Sacramenta
1726 832 1761 866 in
1775 844 1924 867 extremo
1937 836 2076 872 articulo

1194 885 1294 918 etiam
1317 884 1359 918 ab
1372 885 1545 919 Haereticis
1567 883 1804 918 sumiEcclefia
1828 884 1950 927 semper
1961 889 2076 927 permi-

1194 935 1247 968 fit.
1277 933 1515 971 Eucharistiam
1538 945 1646 969 tamen
1663 959 1674 974 ‚
1701 933 1791 977 quod
1815 944 1883 967 non
1910 934 1946 968 fit
1969 935 2078 970 salutis

1195 984 1364 1024 medium,
1393 996 1461 1018 non
1481 984 1596 1019 debere
1607 985 1648 1019 ab
1672 985 1738 1018 illis
1748 984 1852 1025 sumi,
1880 984 1977 1019 docet
1989 985 2078 1020 Mar-

1195 1036 1318 1077 tyrium
1330 1036 1426 1068 saneti
1441 1035 1603 1078 Principis
1627 1034 1881 1079 Hermenegildi
1894 1059 1902 1067 .

1246 1085 1454 1119 clericorum
1478 1087 1639 1119 sacrorum
1662 1097 1777 1119 uxores
1797 1096 1853 1119 aut
1876 1085 2079 1120 concubinas

1196 1135 1324 1169 videtur
1351 1136 1472 1169 Canon
1511 1146 1587 1169 cum
1615 1133 1866 1169 subintroductis
1895 1147 1946 1179 per
1973 1136 2080 1170 Nicae-

1196 1197 1273 1219 nam
1302 1185 1474 1227 Synodum
1511 1184 1696 1228 proscriptis
1724 1185 1915 1219 mulieribus
1941 1188 2081 1220 confun-

1196 1235 1291 1275 dere,
1319 1237 1403 1268 inter
1428 1246 1508 1278 quas
1535 1245 1643 1268 tamen
1670 1235 1796 1268 constat
1816 1236 1879 1268 esse
1900 1236 2022 1279 grande
2047 1236 2081 1269 &

1197 1287 1321 1319 varium
1347 1286 1539 1319 discrimen.
1566 1285 1696 1328 Nempe
1716 1284 1967 1319 subintroductae
1989 1295 2082 1320 eran-t

1198 1336 1305 1378 paffim
1333 1336 1375 1370 de
1412 1335 1637 1369 concubinatu
1666 1336 1810 1378 suspectae
1830 1360 1841 1375 ,
1869 1335 1959 1370 &in
1987 1336 2081 1370 istam
2124 1368 2128 1374 ,

1198 1385 1336 1418 scabiem
1363 1395 1432 1417 nou
1460 1385 1534 1417 raro
1571 1384 1789 1426 proficiebant
1812 1408 1819 1415 .
1858 1385 1952 1418 Hinc
1986 1383 2082 1427 hujus

1199 1433 1303 1468 saeculi
1329 1433 1488 1468 Canones
1515 1434 1698 1477 frequenter
1733 1432 1845 1467 ambas
1880 1435 1968 1477 quali
2005 1447 2084 1469 con-

1198 1484 1342 1517 fundunt
1371 1507 1378 1514 .
1417 1482 1461 1514 Et
1487 1482 1566 1515 licet
1604 1483 1644 1514 de
1672 1483 1739 1515 sola
1765 1482 1948 1526 Presbyteri
1984 1485 2084 1520 Missa

1197 1532 1332 1563 statuere
1361 1528 1509 1561 videatur
1536 1530 1669 1570 praesens
1705 1531 1825 1563 Canon
1853 1556 1863 1571 ‚
1901 1534 2009 1574 ipsum
2039 1544 2086 1568 ta-

1198 1591 1272 1613 men
1295 1578 1336 1612 de
1357 1578 1475 1621 quovis
1500 1579 1579 1612 sacri
1606 1578 1728 1612 Clerici
1755 1579 1944 1615 Ministetio
1970 1583 2087 1618 statue-

1197 1641 1229 1663 re
1256 1629 1394 1662 affirmat
1422 1626 1622 1663 Bertholdus
1662 1628 1949 1665 Constantienfis.
1990 1633 2085 1668 Hinc

1196 1680 1286 1714 enim
1310 1679 1360 1712 uti
1389 1678 1624 1721 Presbyterum
1650 1679 1669 1713 a
1697 1680 1859 1715 cantanda
1886 1682 1983 1716 Missa
2001 1709 2011 1724 ‚
2041 1685 2087 1719 ita

1198 1731 1392 1764 Diaconum
1414 1740 1452 1764 ac
1464 1728 1709 1764 Subdiaconum
1736 1731 1754 1764 ὲ
1768 1731 1908 1776 legendo
1930 1732 1969 1766 ad
1984 1733 2086 1776 ipsam

1198 1778 1383 1824 Evangelio
1402 1780 1435 1812 &
1449 1779 1594 1824 Epistola
1609 1805 1620 1820 ,
1646 1782 1762 1815 cuncto
1778 1781 1795 1814 ὸ.
1820 1782 2021 1825 Presbyterii
2044 1785 2086 1819 ad

1197 1831 1313 1864 divina
1340 1830 1461 1863 Officia
1491 1830 1657 1871 consessu,
1684 1832 1717 1865 &
1741 1833 1864 1866 cunctis
1887 1832 2087 1868 Ecclesiasti-

1196 1881 1227 1914 ci
1252 1880 1435 1914 Ministerii
1458 1879 1618 1914 fructibus
1650 1881 1842 1924 proscribit,
1867 1879 1932 1915 hoc
1954 1883 2019 1922 est,
2044 1885 2088 1918 ab

1197 1931 1309 1965 officio
1333 1942 1370 1964 ac
1384 1929 1548 1965 beneficio
1573 1930 1665 1974 plene
1688 1931 1871 1975 suspendit.
1901 1933 1944 1966 Et
1958 1935 2088 1979 suspen-

1199 1983 1308 2015 sorum
1331 1981 1440 2014 officia
1461 1980 1479 2013 a
1504 1981 1626 2024 populo
1650 1993 1710 2016 nec
1734 1983 1818 2016 sumi
1844 1984 1998 2027 possunt,
2026 1997 2087 2020 nec

1197 2031 1319 2066 audiri.
1347 2031 1416 2065 Eos
1436 2031 1600 2075 suspendit
1624 2033 1725 2076 usque
1744 2033 1784 2066 ad
1809 2033 1995 2068 ulteriorem
2021 2037 2088 2068 sen·

1197 2082 1356 2116 tentiam:
1424 2081 1490 2115 uod
1514 2080 1630 2125 nempe
1645 2083 1778 2117 Sanctus
1790 2083 1905 2118 Petrus
1926 2085 2087 2119 Damiani

1196 2132 1231 2164 ἀ
1247 2130 1435 2164 Cardinalis
1458 2130 1703 2166 Hildebrandus
1716 2134 1802 2176 ipsos
1817 2134 1858 2168 ad
1883 2134 2087 2180 degradatio-

1199 2189 1274 2212 nem
1287 2178 1512 2220 postulassent.
1541 2180 1714 2222 Suspendit
1736 2193 1793 2214 eos
1806 2184 1911 2222 solos,
1943 2185 1999 2226 qui
2014 2186 2084 2228 post

1198 2227 1323 2262 Leonis
1349 2228 1430 2260 noni
1453 2227 1494 2261 de
1515 2228 1721 2262 Clericorum
1742 2230 1891 2265 castitate
1915 2232 2087 2268 Constitu-

1197 2288 1269 2310 tum
1292 2286 1348 2309 aut
1370 2275 1532 2309 duxissent
1556 2277 1661 2319 palam
1686 2278 1908 2314 concubinam
1923 2306 1934 2321 ,
1962 2294 2017 2318 aut
2028 2284 2085 2319 du-

1200 2328 1283 2358 etam
1296 2336 1363 2358 non
1375 2324 1565 2359 dimisissent
1580 2350 1587 2357 .
1615 2326 1767 2362 Imitatus
1788 2329 1833 2363 est
1846 2331 2083 2369 Innocentium

1198 2376 1341 2419 primurn
1353 2399 1363 2414 ‚
1392 2376 1448 2418 qui
1464 2375 1598 2410 similem
1611 2377 1704 2412 suum
1717 2390 1775 2422 pro
1790 2379 1946 2416 Clericali
1958 2384 2084 2420 castita-

1199 2436 1232 2460 te
1254 2426 1417 2468 poenalem
1441 2425 1614 2460 Canonem
1638 2427 1672 2460 in
1701 2429 1770 2462 illis
1793 2428 1963 2467 dumtaxat
1988 2459 1998 2474 ,
2025 2436 2081 2478 qui

1199 2475 1296 2510 simili
1311 2475 1533 2510 Antecefforis
1548 2477 1594 2510 sui
1606 2477 1714 2512 Siricii
1725 2479 1870 2516 Decreto
1886 2494 1951 2517 non
1966 2485 2083 2527 paruis-

1201 2528 1291 2569 sent,
1318 2525 1602 2566 voluitobtinere.
1630 2528 1724 2567 Solos
1746 2530 1847 2570 Italiae
1860 2533 2083 2572 Clericosiau-

2095 777 2175 817 Epist.
2189 782 2232 808 16.·

2107 2555 2138 2582 Α.
2154 2557 2236 2590 ι;)ς7.’

2105 2597 2187 2623 ιο”8.

1200 2630 1342 2664 statuisse
1365 2629 1419 2663 hic
1431 2631 1610 2665 Nicoraum
1631 2630 1851 2675 Pontificem,
1878 2634 1961 2669 reste
1976 2636 2082 2671 obser-
2143 2611 2150 2629 >

1199 2692 1252 2714 vat
1272 2679 1423 2715 laudatus
1433 2680 1632 2717 Bertholdus
1644 2708 1651 2715 .

1248 2730 1489 2773 presbyterium
1511 2734 1593 2766 acin
1616 2734 1685 2777 ipso
1711 2733 1982 2779 Presbyterorum
2003 2751 2080 2774 cum

1199 2782 1362 2825 Episcopo
1383 2784 1564 2816 consessum
1590 2782 1703 2818 laudat
1741 2784 1923 2828 frequenter
1950 2789 2080 2832 Martyr

1198 2832 1358 2875 ignatius.
1386 2832 1423 2865 In
1443 2833 1588 2875 Epistola
1611 2834 1651 2868 ad
1664 2835 1898 2879 Magnefianos
1910 2839 1992 2872 dicit
2006 2844 2080 2881 Epi-

1193 2880 1310 2924 scopum
1328 2883 1443 2922 affldere
1456 2889 1488 2915 in
1508 2884 1565 2916 loco
1579 2887 1658 2924 Dei,
1686 2887 1869 2924 Presbyteros
1882 2893 1913 2920 in
1937 2890 1993 2922 loco
2004 2895 2081 2923 Con-

1192 2930 1290 2974 fistorii
1311 2932 1519 2974 Apostolorum.
1549 2935 1637 2968 Etin
1665 2935 1812 2979 Epistola
1837 2938 1877 2971 ad
1891 2938 2079 2982 Philippen-

1197 2984 1264 3015 ses:
1290 2984 1389 3016 Saluto
1394 2982 1532 3026 sanHum
1546 2983 1744 3027 Episcopum,
1770 2988 2077 3023 &santra-santium

256 3030 299 3060 ills
325 3031 399 3061 dare
421 3029 522 3060 nolunt
547 3053 557 3068 ,
595 3035 667 3069 quia
699 3041 795 3062 eorum
833 3030 924 3072 Miffae
950 3025 1148 3064 contemnuml
1197 3032 1428 3071 Presbyterium.
1459 3035 1502 3068 Et
1527 3036 1560 3068 in
1587 3035 1703 3069 litteris
1725 3035 1764 3069 ad
1790 3038 1880 3071 suam
1897 3038 2078 3074 Antioche-

254 3087 304 3110 tur
330 3102 339 3116 ,
367 3079 443 3119 quid
455 3077 646 3118 faciendum.
676 3078 719 3112 Et
740 3091 782 3112 ex
805 3079 976 3123 Responso
999 3080 1134 3115 Pascha-

254 3129 295 3172 lis
323 3126 455 3161 secundi
495 3128 667 3161 Pontificis
688 3143 698 3161 .·
724 3133 760 3161 In
780 3132 909 3171 periculo
938 3135 1040 3163 mortis
1064 3130 1132 3173 post-

253 3187 318 3210 tum
350 3178 453 3210 melitis
479 3177 656 3216 aeflimamus
680 3180 717 3211 de
736 3191 824 3212 manu
846 3181 1002 3222 cujuslibet
1024 3183 1133 3214 Clerici

254 3230 441 3260 Dominicum
463 3232 579 3267 corpus
601 3232 727 3269 accipere
741 3253 751 3269 ,
777 3233 868 3271 quam
894 3232 931 3264 de
952 3240 1066 3273 corpore
1071 3231 1132 3273 fine¹

255 3283 365 3310 'z-iatico
379 3302 389 3316 ,
416 3278 489 3310 dum
502 3275 661 3320 Religiosus
678 3280 818 3312 Sacerdos
840 3279 1043 3323 exspet‘latur,
1070 3287 1131 3315 exi—

254 3339 285 3359 re
312 3351 319 3358 .
349 3330 380 3358 51·
413 3332 462 3368 qui
501 3329 569 3360 veri>
607 3327 838 3365 Presbyterorum
869 3339 923 3372 pro
965 3338 1040 3365 vitae
1070 3330 1133 3374 suae

255 3385 420 3417 contemptu
430 3382 582 3417 praeterito
593 3383 624 3408 in
634 3378 682 3410 illo
694 3386 892 3413 extremitatis
904 3383 1023 3414 articulo
1031 3381 1131 3422 postris

256 3431 396 3459 viaticum
418 3427 648 3470 denegaverint,
677 3437 830 3470 tamquam
855 3435 1022 3463 animarum
1045 3431 1131 3463 homi-

254 3476 328 3509 eidae
349 3475 506 3513 distrit‘liiss
527 3483 696 3518 puniantur
727 3503 734 3510 .

772 3477 918 3526 Qiidam
940 3480 1132 3516 neceffitatis

355 3523 536 3568 ChristLupi
547 3531 630 3570 Oper.
642 3529 756 3562 Tom.V.

1198 3093 1272 3115 nam
1296 3083 1491 3118 Ecclesiam:
1521 3086 1622 3118 Saluto
1638 3085 1776 3128 sanllum
1788 3088 2002 3127 Presbyterium
2026 3104 2076 3124 ve-

1191 3132 1285 3172 strum
1308 3157 1314 3164 .
1343 3133 1541 3177 presbyteris
1575 3136 1637 3168 effe
1664 3136 1877 3180 principalem
1904 3141 2075 3173 conseffio-

1197 3193 1296 3221 nem,
1323 3184 1405 3218 &ex
1428 3186 1495 3228 ipsa
1511 3184 1667 3228 quosdam
1691 3185 1819 3229 inflari,
1845 3188 1978 3223 testatur
1993 3191 2074 3223 item

1198 3232 1433 3274 Apostolorum
1456 3237 1625 3277 proximus
1647 3238 1779 3270 Saniius
1803 3240 1958 3272 Irenaeus.
1986 3240 2074 3273 Etin

1197 3282 1280 3315 libro
1304 3282 1343 3316 ad
1370 3285 1549 3318 castitatem
1576 3284 1802 3321 exhortatorio
1824 3289 2072 3325 Tertullianus:
2091 3323 2116 3338 ,-

1197 3330 1403 3371 Differentiam
1415 3341 1492 3368 inter
1504 3338 1647 3369 Ordinem
1669 3339 1701 3370 (3·
1715 3337 1835 3371 Plebcm
1857 3340 2003 3378 constituit
2016 3344 2073 3372 Ec·
2092 3331 2160 3361 ”³P'
2181 3333 2209 3359 7’

1194 3381 1281 3422 clefiae
1293 3383 1453 3416 audioritas
1465 3410 1475 3425 ,
1502 3388 1535 3418 &
1548 3385 1635 3418 bonor
1643 3395 1698 3428 per
1712 3388 1836 3421 Ordinis
1847 3388 2074 3431 conseffumsan·

1194 3432 1359 3473 c‘lificatus.
1387 3433 1430 3467 Et
1445 3436 1559 3468 iterum
1575 3449 1586 3469 .·
1612 3436 1667 3467 Ubi
1680 3436 1865 3477 Ecclefiastiei
1877 3440 2002 3470 Ordinis
2015 3450 2074 3471 non

1195 3481 1231 3522 est
1245 3480 1396 3524 consessus.
1428 3485 1470 3516 E:
1485 3486 1519 3517 in
1540 3485 1626 3518 libro
1639 3485 1918 3528 praescriptionum
1935 3500 1941 3519 :
1970 3492 2075 3522 Haere-
2090 3477 2162 3513 Cap.
2181 3484 2229 3512 3¹·

1654 3533 1691 3565 H
1741 3546 1765 3575 ι

2096 3167 2150 3197 Lib.
2162 3180 2189 3204 4.

2091 3217 2152 3245 cap.
2172 3219 2218 3244 44.

1975 3541 2027 3570 tici
