2366 3756
70 782 123 820 Ep.
145 790 211 819 ¹37·

60 1666 111 1702 Ep.
125 1675 168 1698 27.

64 1714 129 1745 cap.
142 1717 184 1735 ιο.

62 1942 113 1978 ΣΡ.
130 1948 172 1973 17.

330 128 423 166 160

251 204 414 250 piternam
431 206 584 250 gloriam,
597 200 743 247 adeoque
755 200 924 238 advenerit
937 212 1048 235 verum
1060 210 1143 237 tem-

253 266 313 299 pus
333 253 486 290 cantandi
505 252 638 296 Hymni
652 268 666 294 ,φ
690 263 788 297 quem
803 252 928 285 sancius
939 249 1145 295 Epiphanius

252 305 363 340 titulae
393 301 632 347 Prophetarum
644 303 757 347 Aggei
784 298 1012 337 &Zachariae.
1038 302 1144 351 Qod

253 357 334 400 ergo
346 353 498 396 Apostoli
524 354 587 388 &a
599 352 772 395 Prophetis
792 353 825 387 ὅ(
838 350 880 387 ab
892 353 986 387 omni
999 352 1146 397 postmo-

252 404 330 439 dum
355 405 531 448 Synagoga
555 404 589 437 in
603 402 813 438 Sacramento
836 413 1006 438 can-tatum
1021 428 1032 444 ‚
1057 402 1144 438 &ab

252 455 345 489 omni
370 454 592 498 triumphante
605 453 669 488 Dei
685 453 807 499 Regno
818 455 852 488 in
871 463 1042 498 perpetuas
1058 465 1146 488 aeter-

251 505 373 538 nitates
383 503 586 539 cantandum
603 514 761 538 noverant
780 529 790 545 ,
818 504 944 539 cantari
968 505 1145 539 voluerunt

252 554 350 588 etiam
378 554 396 587 a
423 554 589 589 militante
616 552 759 588 Ecclefia
788 579 798 595 ‚
826 563 923 599 atque
950 555 996 589 ita
1019 555 1143 590 Christi

250 606 390 639 Domini
406 606 562 651 Regnum
587 605 620 638 in
635 603 890 640 nobisinchoari
908 630 915 638 .

249 701 251 703 q
299 657 447 690 Caurum
476 656 566 690 hunc
590 657 652 690 effe
674 654 906 699 Apostolicum
933 655 1138 698 Institutum‚

248 704 357 740 lucide
381 707 521 741 affirmat
543 706 578 740 in
603 706 721 741 litteris
734 706 773 740 ad
786 706 933 740 nobilem
946 707 1142 742 Marcellam

245 757 384 791 Sanctus
414 757 668 801 Hieronymus:
695 761 804 799 Nuper
832 756 955 799 quaefisti
980 781 991 798 ,
1013 759 1093 800 quid
1108 769 1143 791 ea

247 807 343 839 verba
358 830 368 845 ,
394 819 466 850 quae
489 820 528 841 ex
550 809 678 845 Hebraeo
697 813 730 842 in
752 810 898 841 Latmum
918 818 978 840 non
1003 808 1143 841 habemus

247 858 398 901 expreffa‚
425 860 509 900 apud
519 870 569 892 nos
577 858 721 902 sonarent
734 882 744 897 ,
772 869 877 899 curque
882 857 946 900 fine
965 863 1144 899 interpreta-

247 914 325 941 tione
342 907 405 950 fint
421 907 515 950 posita
533 928 545 948 5
571 919 607 942 ut
627 908 666 947 est
687 908 766 941 illud
788 908 915 948 Alleluja
947 907 964 938 ἓ
991 908 1042 940 Ad
1063 904 1144 950 qued

246 959 385 993 breviter
398 958 604 1002 respondemus
614 983 625 999 ‚
648 958 714 1000 five
721 956 918 1001 septuaginta
932 961 1118 1000 Interpretes
1131 982 1142 999 ,

242 1007 305 1050 five
327 1009 468 1051 Apostolos
493 1011 528 1042 id
534 1008 663 1052 curasse,
688 1017 723 1040 ut
736 1013 877 1049 quonlam
896 1014 1002 1051 prima
1014 1009 1142 1052 Ecclesia

244 1071 281 1092 ex
296 1063 327 1104 J
331 1061 427 1092 udaeis
451 1058 558 1101 fuerat
577 1067 775 1104 congregata,
802 1057 880 1092 nibil
898 1060 944 1093 ad
960 1062 1142 1094 credentium

237 1108 414 1153 scandalum
449 1115 632 1142 innovarent
652 1134 664 1150 ‚
685 1109 746 1154 sed
769 1114 813 1143 ita
834 1119 868 1143 ut
888 1111 910 1143 ἂ
932 1119 1033 1153 parvo
1057 1110 1140 1144 imbi-

241 1159 348 1192 berant
388 1160 543 1194 traderent
565 1182 576 1199 ,
608 1159 710 1202 posted
745 1163 817 1194 vern
842 1172 934 1204 quam
958 1167 992 1195 in
1019 1167 1139 1196 univer-

236 1207 293 1252 sas
314 1218 421 1254 gentes
442 1211 610 1254 Evangelii
634 1211 783 1245 dilatatus
806 1210 846 1251 est
862 1210 960 1254 sermo
977 1235 987 1250 ,
1012 1222 1070 1245 non
1087 1220 1140 1254 po-

240 1260 322 1302 tusffi’
339 1258 435 1304 semel
448 1259 583 1304 suscepta
605 1268 736 1294 mutari.
765 1262 850 1296 Licet
871 1264 906 1296 (ν
930 1263 1009 1296 illud
1037 1266 1137 1306 Or1ge·

240 1320 294 1343 nes
316 1314 426 1353 afferat
444 1320 568 1354 propter
599 1314 794 1346 vernaculum
813 1313 922 1357 linguae
949 1311 1134 1356 uniuscuius-

238 1372 295 1402 que
306 1364 416 1395 idioma
427 1374 485 1395 non
492 1362 566 1406 pff!
579 1368 622 1395 lta
636 1364 724 1404 apud
742 1364 815 1395 alios
823 1361 931 1406 sonare
952 1387 965 1408 Ι,
991 1372 1025 1396 ut
1056 1363 1141 1404 apud

233 1409 304 1454 suos
331 1412 413 1445 dic‘la
428 1411 523 1457 sunt,
552 1414 693 1448 &multa
717 1414 822 1446 meln‘cs
840 1412 892 1456 effe
913 1424 971 1447 non
994 1418 1137 1455 interpre-

237 1471 306 1493 tata
322 1472 430 1504 ponere
454 1486 465 1502 ,
491 1465 584 1505 quizm
609 1469 673 1496 vim
697 1475 796 1496 eorum
817 1469 1062 1504 interpretatione
1089 1472 1134 1496 te·

239 1523 330 1546 nuare
354 1538 361 1545 .
392 1518 486 1556 Igitur
515 1512 646 1551 alleluja>
669 1517 849 1552 exprimitur
876 1514 1015 1544 Laudare
1038 1516 1138 1544 Domi-

236 1574 307 1594 num
328 1588 335 1595 .
366 1562 465 1596 Adeo
492 1571 574 1596 tunc
597 1570 664 1595 erat
690 1561 861 1595 familiaris
884 1561 1070 1603 Hymnus,
1097 1572 1133 1594 ut

236 1612 389 1646 laudatus
411 1611 540 1647 Ductor
552 1610 670 1646 scribat
692 1611 734 1645 de
754 1611 823 1654 ipso
844 1610 886 1645 ad
912 1611 1058 1645 nobilem
1072 1611 1135 1644 vir-

236 1658 352 1707 ginem
383 1659 601 1696 Eustochium
631 1674 639 1694 :
666 1663 734 1704 Quo
755 1660 837 1705 signo
863 1660 1003 1694 Monac-bi
1029 1672 1136 1694 vocan-

235 1721 283 1745 tur
309 1714 353 1745 ad
376 1712 540 1745 Colledam'
559 1736 566 1743 .
596 1709 672 1744 Nec
693 1710 783 1744 enim
809 1710 938 1744 tantum
961 1710 997 1744 in
1020 1709 1133 1744 Eccle—

238 1763 282 1797 s1a
306 1762 476 1796 aelericis
488 1759 683 1796 cantabatur
693 1768 748 1794 aut
770 1758 975 1799 Monachis,
1000 1759 1135 1793 sederat

237 1814 272 1847 ὃς
296 1812 473 1847 Lai‘corum
509 1811 542 1846 in
570 1810 759 1845 durioribus
785 1809 940 1854 operibus
965 1810 1132 1844 celeuma.

238 1864 376 1898 Etenim
402 1862 443 1897 de
465 1860 637 1903 Palestinae
664 1860 791 1895 rusticis
817 1860 858 1894 ad
879 1860 1020 1895 eandem
1045 1860 1135 1894 Mar·

237 1915 354 1948 cellam
368 1912 478 1947 scribit
491 1910 578 1946 idern
591 1911 745 1946 Dostor:
771 1913 963 1956 ,Quocumque
985 1919 1014 1943 te
1037 1918 1133 1943 verte-

237 1972 283 1998 ris
297 1990 307 2006 ‚
333 1973 435 1999 arator
445 1962 559 2005 stivam
570 1969 675 1995 tenens
688 1961 820 2003 Alleluja
839 1962 1000 1994 decantat.
1029 1957 1134 2007 Qod

238 2017 345 2058 ipsum
363 2013 486 2049 eisdem
495 2012 599 2048 verbis
624 2013 746 2056 repetit
762 2011 957 2055 insequenti
980 2009 1133 2053 adipsam

242 2065 416 2109 Epistola,
438 2064 473 2099 δε
495 2062 666 2107 adjungit:
696 2068 768 2096 Haec
789 2061 862 2105 sunt
888 2066 920 2094 in
934 2060 991 2095 hac
1005 2062 1136 2093 Provin-

239 2110 454 2154 ciaearrninn,
479 2112 529 2148 hae
539 2119 696 2146 amatoriae
718 2113 898 2151 cantilenae‚
925 2110 973 2143 bic
986 2109 1136 2152 pastorum

233 2165 336 2208 fibtlus
355 2189 367 2204 ‚
390 2165 454 2197 haec
475 2174 564 2195 arma
586 2162 713 2195 culturae
734 2184 741 2191 .
768 2161 897 2202 Impura
919 2160 1048 2192 cantica
1071 2158 1136 2192 effe

240 2214 406 2260 pessimam
424 2211 539 2257 populi
554 2210 674 2255 pestem
697 2211 847 2244 clamant
871 2219 986 2242 omnes
999 2208 1136 2243 Patrum

241 2264 416 2301 Homiliae.
445 2263 540 2296 Hinc
553 2261 610 2303 qui
623 2261 688 2304 ipsa
701 2261 735 2294 in
752 2259 897 2303 Alleluja
909 2259 1136 2293 transmutant

244 2318 346 2351 etiam
369 2313 456 2359 apud
477 2311 635 2349 rusticos,
660 2311 777 2344 sancto
800 2310 1016 2351 Hieronymo
1043 2307 1137 2350 Pale-

245 2368 329 2402 stina
342 2363 486 2400 Ecclesia
509 2362 686 2405 plurimum
710 2359 897 2405 obligatur.
927 2358 971 2393 Et
983 2370 1038 2402 per
1050 2357 1136 2391 hanc

247 2418 424 2451 castitatem
459 2412 610 2458 persuafit
641 2410 754 2445 multis
781 2409 948 2444 nobilibus
981 2410 1017 2443 in
1043 2407 1138 2450 Pale-

248 2468 332 2502 ssina
359 2464 468 2511 potius
480 2457 920 2506 quam‘initaliahabitare.
949 2460 1020 2503 Ipsa
1049 2459 1138 2492 enim

249 2521 350 2553 etiam
375 2517 538 2551 elementa
572 2512 615 2546 ab
645 2512 780 2554 impuris
816 2509 969 2545 cantibus
994 2505 1158 2543 cottum-¹

194 2574 196 2576 '
252 2570 311 2613 pi,
337 2566 513 2612 aliquoties
534 2564 668 2599 testatur
680 2562 814 2597 Sanftus
839 2561 979 2605 Joannes
995 2559 1141 2603 Chryso-

93 3285 246 3325 Epist-178.

253 2621 446 2712 ssoglllzluja
458 2666 503 2701 est
524 2663 720 2700 vocabulum
733 2660 934 2696 Hebraicum
949 2686 958 2700 ,
985 2660 1018 2693 &
1032 2659 1142 2694 adver·

255 2719 327 2753 sum
340 2718 407 2762 ejus
428 2714 624 2751 &Michaele
636 2713 807 2748 Cerulario
832 2712 942 2746 datam
955 2712 1143 2754 interpreta-

257 2770 385 2803 tionem
407 2768 489 2802 retl’te
521 2766 666 2810 reposuit
700 2763 890 2798 Cardinalis
917 2759 1142 2794 Humbertus:

258 2821 373 2851 Scimus
396 2818 524 2857 Alleluja
552 2816 696 2850 Hebraice
717 2815 851 2854 didam,
878 2813 1036 2846 &Latine
1054 2816 1144 2844 inter-

255 2874 396 2911 pretari,
426 2864 674 2901 LAUDATE
687 2864 835 2899 DEUM
848 2886 858 2902 ,
878 2861 938 2905 sed
947 2864 1124 2904 quodetiam
1136 2883 1146 2898 ,

260 2915 493 2952 DOMINUS
520 2914 676 2948 VENIT
703 2939 712 2954 ,
748 2924 804 2948 aut
829 2910 1144 2948 BENEDICTUS

258 2967 355 3014 *QJI
380 2964 562 3005 VENIT,
584 2970 812 3006 interpretetur,
842 2961 983 3006 nescimus
997 2985 1008 3000 ,
1035 2972 1086 2994 nec
1096 2959 1151 3002 nisi

263 3020 283 3050 ἰι
298 3018 381 3050 vobis
395 3016 534 3050 hactenus
557 3017 734 3049 audivimus
751 3040 757 3047 .
786 3013 950 3058 Loquitur
962 3024 1004 3046 ex
1016 3011 1145 3044 laudata

265 3067 374 3101 Sancti
403 3066 605 3108 Hieronymi
650 3066 691 3099 ad
739 3064 931 3098 Marcellam
980 3060 1146 3104 Epistola.

266 3114 398 3159 Nempe
410 3115 581 3149 calumnia»
591 3117 828 3149 consueverunt
842 3110 997 3148 omnibus
1010 3111 1146 3154 pedibus

266 3168 474 3202 claudicare.
502 3164 558 3197 Est
581 3164 759 3199 Canticum
791 3162 873 3198 adeo
900 3164 1041 3196 santium
1063 3162 1146 3204 apud

268 3229 384 3252 omnes
405 3227 444 3249 ae
469 3211 670 3252 venerabile,
698 3226 734 3248 ut
759 3214 798 3248 de
819 3214 887 3258 ipso
914 3212 954 3246 ad
978 3212 1145 3246 Comitem

268 3268 475 3302 Pascentium
498 3265 616 3298 dixerit
637 3265 766 3297 Sanetus
790 3263 994 3308 Augustinus
1018 3276 1028 3295 :
1054 3264 1147 3295 Scien-

268 3320 340 3351 dum
365 3317 425 3357 est,
453 3320 545 3348 Amen
566 3313 762 3354 &Alleluja,
787 3315 868 3356 quid
890 3325 941 3346 nec
965 3317 1076 3345 Latino
1097 3323 1148 3345 nec

270 3367 410 3400 Barbara
434 3366 500 3399 licet
511 3371 543 3398 in
550 3360 644 3410 suam*
658 3364 790 3406 linguam
806 3362 973 3404 transferre
986 3387 995 3402 ‚
1022 3363 1144 3396 Hebraeo

266 3419 388 3451 cunr‘las
404 3425 511 3462 gentes
535 3413 677 3450 vocabulo
696 3414 856 3448 decantare
880 3438 887 3446 .
916 3414 987 3447 Non
1012 3421 1093 3447 enim
1114 3418 1145 3445 in

637 121 1001 163 ALEXANDRI
1037 128 1293 162 securim
1329 118 1689 180 Pourimcrs

1208 203 1314 247 Africa
1329 229 1339 244 ,
1364 211 1418 237 aut
1435 209 1466 236 in
1483 202 1589 236 cuneta
1611 203 1764 239 Barbaria
1776 233 1785 248 ,
1807 207 1903 252 sedin
1914 215 1994 253 syria
2005 238 2014 254 ,
2040 213 2093 248 ubi

1209 256 1244 289 (νγ
1255 252 1321 297 'PF'
1332 265 1401 287 caro
1411 255 1506 287 voluit
1518 254 1556 287 de
1570 259 1691 298 Virgine
1701 255 1781 299 nasci
1791 262 1946 297 Dominica
1954 289 1966 304 ,
1995 266 2092 298 decuit

1206 306 1258 338 vel
1278 310 1407 346 oportuit
1428 304 1524 338 verba
1530 304 1602 347 fidei
1623 307 1824 348 compendiose
1832 310 1973 352 firmare.
2002 315 2044 348 Et
2056 315 2092 348 in

1206 354 1357 399 populari
1380 354 1421 387 de
1440 354 1570 389 diversis
1591 356 1741 391 sermone
1764 357 1874 395 scribit
1895 362 1937 396 de
1957 363 2092 399 Haerefi-

1207 405 1284 439 bus:
1313 407 1387 438 sunt
1397 403 1471 446 filiae
1481 406 1570 439 malae
1580 428 1592 445 ,
1611 407 1685 449 filiae
1697 417 1756 441 non
1761 406 1953 449 similitudine
1963 424 2091 457 morum,

1200 454 1259 498 fid
1283 457 1541 488 sacramentorum
1561 480 1569 487 .
1594 457 1714 491 Habent
1739 460 1775 493 (θ’
1794 459 1869 504 ipsae
1899 463 2092 497 sacramenta

1206 505 1324 545 nostra,
1350 504 1460 538 habent
1481 508 1653 548 Scripturas
1678 507 1815 550 nostras,
1841 510 1953 546 habent
1977 517 2091 555 Amen,

1203 557 1237 589 (δ’
1252 555 1379 597 Alleluja
1404 555 1531 596 nostrum
1542 555 1653 591 habent
1667 583 1674 590 .
1702 558 1812 593 Voces
1824 565 1917 596 Amen
1939 564 1974 597 &
1986 564 2092 598 Allelu-
2108 560 2142 591 C.
2154 571 2197 596 ¹7·

1198 609 1237 648 ja
1258 616 1409 639 numerat
1430 607 1516 640 inter
1527 605 1710 643 Catholicae
1737 609 1888 647 Ecclefiae
1905 614 2092 648 Sacramen-

1206 666 1238 690 ta
1252 682 1263 697 ‚
1289 657 1343 690 seu
1366 657 1452 690 inter
1475 657 1738 694 fundamentales
1758 661 1839 696 ritus
1854 686 1866 702 ,
1887 674 1968 705 quos
1981 664 2091 698 nullus

1205 717 1363 750 umquam
1389 708 1489 741 etiam
1515 708 1697 743 Haereticus
1728 713 1868 746 tentavit
1895 715 2092 756 proscribere

1205 766 1262 791 aut
1278 757 1451 792 transferre
1462 760 1496 791 in
1509 758 1608 793 aliam
1621 759 1792 805 linguam,
1821 763 1855 796 ἀ
1867 773 2006 806 quorum
2018 775 2093 798 cau-

1207 808 1237 841 sa
1250 817 1366 842 omnes
1377 808 1523 842 Haereses
1545 809 1604 843 fint
1616 809 1723 844 adhuc
1734 811 1798 846 Dei
1809 812 1883 847 filiae
1895 837 1908 854 ,
1933 814 1967 848 ὅ(
1978 814 2093 849 nostrae

1206 858 1331 893 sorores
1343 883 1350 890 .
1377 857 1471 905 Qid
1483 859 1621 894 sanetius
1634 872 1728 901 voce,
1742 865 1804 896 Deo
1808 868 1928 907 gratias
1943 863 1959 895 ,ἒ
1984 863 2092 908 Ipsam

1204 916 1315 943 tamen
1339 909 1594 953 proscripserunt
1614 911 1797 947 Donatista:
1820 937 1832 954 ,
1853 913 2000 958 Alleluja
2021 915 2091 950 non

1203 959 1267 994 auli
1292 969 1426 1003 tangere
1439 983 1446 993 .
1473 958 1510 992 In
1524 971 1638 995 omnes
1653 961 1797 997 Ecclefiae
1820 963 1903 999 ritus
1923 965 1956 999 ὅ(
1967 965 2092 999 Lutne-

1203 1009 1273 1043 rani
1298 1010 1332 1044 &
1347 1009 1535 1044 Calvinistae
1545 1012 1620 1046 sunt
1633 1012 1818 1055 impiissime
1837 1015 1991 1060 graffati:
2018 1015 2091 1050 No-

1203 1059 1330 1094 biscum
1354 1070 1463 1095 tamen
1484 1071 1619 1096 cantant
1641 1061 1804 1107 Alleluia.
1829 1065 1992 1113 Qod''in
2013 1066 2090 1109 alie-

1203 1120 1280 1145 nam
1307 1109 1459 1156 linguam
1476 1112 1638 1146 transferri
1659 1124 1730 1147 non
1754 1114 1871 1158 potiit,
1898 1116 1933 1149 in
1946 1116 2089 1159 superius

1203 1160 1332 1195 laudata
1364 1162 1405 1195 ad
1428 1161 1623 1196 Marcellam
1642 1161 1790 1207 Epistola
1812 1165 1899 1199 dixit
1923 1164 2019 1204 nobis
2046 1177 2090 1199 ex

1202 1210 1349 1256 Origene
1358 1211 1494 1260 sandius
1506 1212 1736 1256 Hieronymus
1748 1239 1758 1254 ,
1786 1215 1820 1249 ὅ(
1831 1215 1947 1260 repetit
1965 1217 2001 1251 in
2013 1216 2089 1260 Epi-

1201 1261 1283 1296 stola
1304 1260 1345 1296 ad
1358 1262 1539 1297 Damasum
1559 1261 1777 1296 Pontificem.

1252 1311 1437 1360 Qomodo
1448 1311 1550 1357 igitur
1561 1312 1571 1346 i
1574 1313 1629 1356 pse
1639 1313 1675 1346 in
1685 1311 1754 1346 istis
1764 1311 1884 1348 eisdem
1898 1313 1980 1349 locis
1992 1314 2090 1349 inter-

1201 1371 1344 1405 pretatur
1366 1373 1404 1397 ac
1426 1362 1577 1396 transfert
1604 1373 1674 1395 non
1701 1361 1806 1397 solnm
1833 1362 1976 1408 Alleluia
1997 1390 2008 1406 ‚
2034 1364 2088 1400 sed

1201 1412 1300 1447 etiam
1323 1411 1433 1447 Amen
1460 1411 1495 1446 ἀ
1523 1411 1658 1446 Osanna
1671 1435 1682 1453 ,
1704 1408 1802 1448 voces
1822 1413 1910 1458 aeque
1928 1416 2090 1450 sacrosan·

1200 1463 1293 1496 dias?
1320 1462 1521 1505 Respondeo
1543 1473 1617 1496 cum
1639 1462 1748 1497 SanCii
1770 1463 1953 1511 Augustini
1976 1465 2090 1500 secun-

1201 1512 1245 1545 do
1269 1512 1354 1545 libro
1374 1512 1415 1545 de
1438 1512 1582 1546 doeirina
1605 1511 1813 1549 Christiana:
1841 1515 1974 1550 Hebraea
1993 1516 2089 1550 verba

1200 1571 1258 1592 non
1281 1566 1478 1604 interpretata
1499 1561 1582 1605 scepei
1592 1569 1763 1597 invenimus
1773 1570 1806 1597 in
1810 1562 1908 1607 sacris
1919 1565 2006 1599 libris
2018 1590 2030 1607 ,
2050 1564 2091 1607 fi·

1199 1619 1248 1643 cut
1261 1614 1355 1644 Amen
1367 1635 1378 1650 ,
1400 1613 1531 1652 Alleluja
1543 1636 1554 1650 ‚
1581 1612 1688 1646 Racha
1699 1638 1710 1653 ‚
1737 1616 1772 1648 o·
1783 1613 1907 1657 Osanna
1918 1641 1925 1648 .
1953 1618 2090 1659 ,Quorum

1197 1664 1315 1701 purtim
1333 1668 1459 1703 propter
1476 1659 1655 1703 sane‘liorem
1678 1662 1887 1698 aulloritatem
1912 1689 1923 1705 ‚
1948 1670 2089 1707 quamvis

1202 1714 1400 1751 interpretari
1415 1711 1592 1753 potuffl'nt,
1613 1709 1744 1753 servata
1753 1711 1791 1753 est
1801 1719 1993 1756 antiquitas,
2016 1715 2088 1756 ficut

1198 1757 1236 1799 est
1250 1762 1342 1791 Amen
1367 1761 1402 1792 (5
1416 1761 1567 1801 Alleluja;
1589 1766 1707 1801 partim
1717 1765 1788 1795 verri
1799 1768 1832 1795 in
1848 1765 1942 1796 aliam
1951 1766 2087 1807 linguam

1200 1807 1361 1849 transferri
1388 1820 1447 1842 non
1456 1809 1580 1851 potut‘ffe
1602 1810 1764 1851 dicuntur,
1783 1810 1856 1851 st'cut
1866 1813 2009 1847 alia'duo
2019 1824 2088 1855 quae

1195 1856 1344 1902 posuimus
1366 1883 1372 1889 .
1404 1859 1452 1893 Et
1471 1859 1507 1893 in
1529 1858 1660 1893 laudata
1682 1860 1906 1903 disputatione
1925 1873 2002 1896 cum
2023 1862 2087 1896 Co·
2103 1884 2130 1914 C
2154 1893 2186 1913 n

1200 1909 1281 1941 mite
1307 1908 1504 1944 pascentio.-
1530 1913 1623 1942 Amen
1643 1911 1815 1952 &Alleluja
1836 1922 1889 1946 nec
1912 1915 2024 1946 Latino
2037 1923 2088 1947 nec
2131 1906 2137 1913 ’
2192 1903 2202 1915 ”

1200 1958 1336 1991 Barbara
1359 1961 1427 1992 licet
1447 1965 1481 1993 in
1500 1958 1589 2003 suam
1608 1961 1742 2003 llnguam
1761 1960 1932 2002 transferre
1949 1987 1956 1993 .
1985 1962 2030 1995 Et
2052 1963 2088 1996 in

1198 2007 1447 2053 quadragefimo
1472 2010 1580 2053 primo
1593 2011 1686 2052 supet
1697 2011 1803 2043 Sant‘fi
1831 2010 1967 2054 Joannis
1980 2012 2088 2046 Evan-

1199 2057 1325 2103 gelium
1345 2059 1480 2093 tractatu
1507 2057 1547 2093 ad
1570 2057 1636 2092 haec
1663 2059 1804 2093 Domini
1831 2059 1927 2095 verba
1953 2085 1964 2102 ,
1991 2065 2086 2096 Amen

1200 2110 1294 2141 Amen
1304 2109 1367 2141 dico
1389 2108 1475 2142 vobis
1490 2133 1501 2150 ,
1526 2108 1657 2143 scribit:
1684 2113 1777 2143 Amen
1799 2116 2017 2155 interpretqtur
2036 2124 2088 2147 ve-

1201 2158 1268 2189 rum
1277 2179 1287 2196 ,
1314 2158 1349 2190 (5
1362 2165 1464 2189 tamen
1475 2168 1532 2190 non
1541 2157 1579 2196 est
1595 2164 1828 2199 interpretatum
1839 2184 1849 2199 ‚
1877 2161 1942 2194 cum
1951 2163 2085 2204 potuifflrt

1201 2207 1261 2239 dici
1275 2231 1286 2247 ‚
1305 2205 1493 2241 VERUM
1504 2205 1624 2241 DICo
1635 2205 1774 2242 VoBIS
1784 2234 1792 2241 .
1821 2213 1888 2243 Nec
1898 2213 2022 2244 Graecus
2034 2209 2087 2243 boe

1200 2263 1348 2298 interpres
1372 2254 1461 2299 ausus
1481 2256 1519 2297 est
1534 2255 1662 2298 facere,
1689 2269 1741 2292 nec
1761 2261 1893 2292 Latinus
1905 2284 1915 2300 ,
1941 2272 2014 2293 nam
2035 2259 2087 2294 hoc

1201 2306 1325 2339 verbum
1339 2317 1392 2340 nec
1404 2309 1540 2339 Graecum
1549 2306 1587 2345 cst
1599 2317 1650 2340 nec
1660 2311 1808 2341 Latinum
1817 2332 1828 2349 ,
1848 2308 1907 2351 Jed
1915 2310 2087 2345 Hebraeum.

1199 2358 1245 2389 Sic
1257 2355 1364 2398 manfit
1377 2379 1388 2396 ,
1414 2367 1471 2388 non
1483 2354 1520 2395 est
1531 2361 1761 2406 interpretatum
1770 2380 1780 2396 ‚
1807 2366 1840 2390 ut
1851 2358 1986 2393 bonorem
1998 2358 2089 2393 babe-

1203 2413 1248 2439 ret
1259 2405 1427 2439 velamento
1432 2404 1538 2448 secreti
1550 2418 1561 2438 .·
1588 2409 1662 2440 Non
1675 2416 1708 2440 ut
1726 2407 1793 2450 effer
1804 2418 1946 2452 negatum
1956 2433 1968 2450 ,
1985 2408 2044 2454 sed
2051 2421 2087 2444 ne

1203 2454 1355 2499 vilesceret
1387 2457 1555 2489 nudatum.
1584 2456 1629 2490 Et
1647 2456 1683 2490 in
1706 2458 1826 2501 quinto
1845 2458 1978 2494 decimo
2001 2459 2088 2495 libro

1203 2506 1355 2540 adversus
1380 2506 1535 2540 Faustum
1563 2518 1570 2537 z
1600 2510 1694 2540 Amen
1717 2511 1935 2550 interpretatur
1960 2514 2088 2551 ⁵nerum,
2101 2534 2127 2565 C

1205 2568 1261 2590 non
1273 2557 1552 2600 quomodocumque,
1574 2554 1632 2598 sed
1639 2556 1751 2596 mystica
1761 2558 1912 2602 Religione
1923 2583 1931 2590 .
1958 2560 2086 2594 Distin-
2128 2555 2135 2562 ⁶
2147 2545 2174 2570 ⁹¹

1203 2607 1275 2652 guit
1286 2606 1448 2650 duplicem
1463 2604 1706 2648 possibilitatem
1718 2620 1729 2639 .-
1756 2606 1949 2641 Naturalem
1966 2619 2005 2643 ac
2017 2619 2087 2642 mo-

1204 2657 1303 2691 ralem
1314 2681 1321 2689 .
1351 2656 1486 2690 Etenim
1509 2654 1545 2689 in
1556 2653 1703 2689 moribus
1725 2654 1806 2691 illud
1816 2658 1982 2700 possumus
1994 2657 2084 2702 quod

1202 2707 1270 2751 jure
1293 2707 1459 2751 possumus
1481 2730 1488 2737 .
1516 2704 1692 2754 Qidquid
1711 2717 1781 2740 non
1803 2706 1881 2741 licet
1900 2731 1912 2749 ‚
1940 2707 2083 2743 Ecclefia

1206 2770 1273 2792 non
1294 2757 1398 2801 potest
1412 2782 1419 2789 .
1448 2755 1500 2790 Ex
1520 2766 1588 2800 quo
1609 2755 1771 2800 principio
1790 2755 1877 2791 dixit
1897 2757 1986 2802 supra
2004 2768 2083 2793 cum

1206 2809 1353 2852 Origene
1371 2808 1405 2842 ὅ(
1428 2807 1561 2841 Sanstus
1582 2805 1810 2849 Hieronymus
1836 2808 1965 2842 easdem
1986 2819 2083 2844 voces

1206 2858 1368 2892 transferri
1381 2869 1449 2892 non
1463 2858 1551 2900 posse
1562 2880 1573 2896 ‚
1600 2867 1641 2890 ne
1654 2857 1758 2890 sansta
1770 2857 1908 2899 ipsarum
1919 2863 1971 2892 vis
1981 2866 2084 2892 tenua-

1206 2918 1286 2943 retur
1300 2933 1307 2941 .
1320 2907 1492 2944 Consonat
1504 2907 1538 2940 in
1550 2905 1695 2940 secundo
1705 2906 1747 2940 de
1761 2906 1991 2942 Ecclefiasticis
2002 2908 2084 2942 Offi-

1208 2959 1266 2994 ciis
1277 2958 1361 2992 libro
1372 2959 1407 2993 δε
1419 2956 1554 2995 Sanetus
1563 2954 1702 2989 Isidorus
1715 2970 1721 2989 :
1734 2958 1849 3000 aleluja
1854 2956 1926 2998 ficut
1935 2958 1969 2990 (ν
1978 2961 2082 2999 Amen,
2099 2968 2134 3000 c,
2145 2973 2156 3000 i
2161 2977 2191 3007 3,

1209 3010 1245 3043 de
1255 3008 1384 3045 Hebraea
1405 3014 1438 3041 in
1449 3008 1540 3041 aliam
1549 3008 1680 3049 linguam
1693 3018 1882 3050 nequaquam
1894 3007 2086 3049 transferun-

1210 3069 1258 3094 tur
1269 3082 1280 3098 ‚
1306 3065 1378 3101 quia
1389 3061 1580 3100 interpretari
1593 3067 1776 3099 nequaquam
1788 3065 1918 3100 queant,
1939 3057 1998 3101 sed
2010 3057 2084 3100 ficut

1209 3111 1295 3150 ajunt
1317 3109 1478 3147 notiores,
1498 3105 1642 3149 servatur
1665 3112 1698 3140 in
1719 3113 1762 3140 eis
1784 3114 1953 3150 antiquitas
1960 3116 2084 3150 propter

1204 3159 1380 3202 sanc‘liorem
1398 3159 1620 3192 auetoritatem.
1651 3158 1733 3192 Sunt
1758 3157 1886 3192 laudata
1896 3156 2002 3191 Sancti
2016 3160 2085 3191 Au-

1209 3208 1331 3254 gustini
1354 3209 1449 3243 verba
1467 3219 1508 3241 ex
1530 3207 1619 3241 libris
1640 3207 1681 3241 de
1705 3208 1864 3242 Destrina
1876 3206 2062 3241 Christiana
2076 3233 2083 3239 .

1210 3260 1405 3303 Loquuntur
1416 3257 1450 3292 hi
1465 3257 1575 3291 Patres
1586 3258 1626 3291 de
1638 3257 1775 3300 publicis
1788 3256 1935 3291 Ecclefiae
1947 3256 2037 3291 libris
2051 3258 2086 3292 &

1208 3309 1341 3343 officiis:
1374 3309 1407 3342 in
1430 3307 1480 3341 his
1500 3308 1590 3342 enim
1605 3307 1678 3341 solis
1691 3306 1852 3341 transferri
1873 3317 1942 3340 non
1954 3307 2085 3350 possunt

1209 3360 1342 3394 laudatae
1354 3370 1467 3393 voces.
1498 3358 1562 3392 Eas
1576 3357 1799 3392 Ecclefiasticx
1808 3355 2005 3391 eruditionis
2015 3368 2086 3401 gra-

1209 3410 1251 3447 tia
1264 3409 1298 3445 in
1319 3409 1381 3444 suis
1394 3408 1483 3444 libris
1494 3408 1657 3444 transtulit
1668 3406 1815 3444 laudatus
1827 3406 2057 3496 Hieronffius
2072 3434 2079 3440 .
