2366 3756
90 725 120 752 Ι..

93 773 102 797 5

667 153 1208 198 CONCILIUM

271 241 305 274 ὁ·
325 234 548 274 blanditiarum
574 248 637 271 occa
649 247 725 269 iones
745 235 886 278 pelledlus
910 238 943 266 in
966 244 1095 266 amorem
1116 232 1177 298 su-i

267 289 409 322 barnavit
429 294 568 329 proximo
591 291 724 326 senatu,
753 290 804 328 qui
828 281 955 325 censeret
966 284 1122 326 cogendum
1130 283 1164 333 se

270 339 318 371 ad
338 339 501 372 discendam
521 349 586 372 eam
606 346 747 375 uxorem,
773 331 857 376 quast
876 334 1055 375 Reipubitcae
1067 299 1177 375 maxi-l

270 386 319 421 m?
346 389 488 432 interesset
509 413 520 429 ,
547 389 736 427 dandamque
760 390 876 417 caeteris
903 389 1024 416 veniam
1054 385 1177 417 talium³

272 440 474 482 conjugiorum
494 463 506 479 ,
542 450 608 481 quae
631 437 679 469 ad·
692 436 726 467 id
734 443 849 476 tempus
874 433 990 474 incoesta
1012 433 1163 468 habeban-

272 496 321 521 tur
345 513 352 520 .
392 494 431 521 At
454 494 510 522 vix
532 499 588 524 uno
606 484 769 528 interposito
788 486 836 517 die
860 484 983 525 confecit
1015 490 1162 526 nuptias,

279 550 339 571 non
362 543 487 581 repertis
510 543 560 578 qui
577 536 768 580 sequerentur
781 536 950 576 exemplum
963 559 973 574 ‚
999 543 1118 576 excepto
1128 536 1163 567 lt-

281 589 393 621 bertino
412 589 540 630 quodam
555 613 566 628 ‚
593 589 627 621 (5
651 588 744 620 altero
768 586 955 626 Primipilari
978 609 987 625 ‚
1014 587 1098 625 cujus
1121 584 1176 640 of-³

273 639 373 680 ficium
398 643 571 680 nuptiarum
593 638 626 671 Θ·
648 634 708 679 ipse
729 647 793 669 cum
808 641 973 679 Agrippina
982 635 1160 669 celebravit.

270 689 314 721 Et
336 688 370 721 in
397 688 581 722 Annalium
603 686 693 721 libris
713 686 890 720 Cornelius
902 685 1065 719 Tacitus:
1092 687 1153 717 Pa-

224 731 248 751 s‘
270 737 348 769 &ium
368 743 445 771 inter
467 740 628 771 Claudium
648 738 889 779 &Agrippinam
911 740 1131 769 matrimonium
1151 760 1161 776 ‚

265 790 336 828 jam
356 782 446 828 fama
469 813 479 828 ‚
512 791 582 829 jam
601 798 698 821 amore
729 788 828 820 illicito
848 786 1030 828 firmabatur
1053 811 1063 827 ‚
1101 797 1163 819 nec-

273 839 344 870 dum
372 837 516 872 celebrare
534 837 679 880 solemnia
699 843 872 879 nuptiarum
884 837 1056 877 audebant,
1084 838 1162 869 nullo

272 889 404 929 exemplo
426 888 562 921 deduc‘lae
588 895 621 922 in
650 891 769 922 domum
788 895 911 930 patrui,
930 887 1047 929 fratrtls
1069 888 1162 932 filiae.

271 937 454 984 Qomodo
476 938 625 974 adulator
649 937 803 972 Vitellius
824 938 979 973 Senatum
1002 938 1045 972 ad
1066 938 1161 972 eden-

271 987 349 1021 dam
370 988 475 1033 legem
497 988 797 1032 circumscripserit,
825 989 889 1023 late
909 990 1047 1033 exponit
1070 988 1159 1022 idem

271 1039 401 1080 auctor,
428 1050 466 1074 ac
488 1040 616 1083 pergit.-
643 1042 752 1082 Neque
767 1048 869 1072 tamen
890 1046 1024 1081 repertus
1048 1039 1088 1079 est·
1112 1039 1168 1081 nifi

271 1099 349 1121 unus
369 1090 440 1122 talis
477 1096 659 1123 matrimonii
693 1096 806 1132 cupitor
830 1115 841 1130 ,
882 1090 1012 1123 Alledius
1034 1092 1162 1123 severus

272 1141 376 1180 Eques
402 1143 554 1173 Romanus
567 1166 576 1181 ‚
604 1151 689 1182 quem
704 1143 839 1184 plerique
861 1144 1038 1183 Agrippinae
1055 1146 1161 1185 gratia

271 1187 428 1231 impulsum
441 1190 600 1231 fhrebant.
629 1191 673 1224 Et
697 1191 731 1224 in
758 1191 843 1224 libro
867 1191 908 1224 de
921 1192 1160 1226 Germanorum

273 1239 419 1273 moribus
440 1240 570 1275 scribit:
598 1244 731 1283 Sororum
748 1241 825 1282 filiis
859 1243 939 1276 idem
958 1245 1045 1283 apud
1067 1253 1163 1275 avun—

273 1289 368 1321 culum
382 1312 393 1328 ,
418 1297 469 1331 qui
492 1292 578 1331 apud
590 1299 714 1332 patrem
735 1290 825 1324 honor
839 1316 846 1323 .
875 1294 1012 1336 ,Quidam
1036 1289 1165 1333 sanc‘lio·

275 1349 358 1378 rem,
385 1339 595 1383 maioremque
614 1340 691 1375 hunc
714 1353 825 1374 nexum
831 1340 991 1384 sanguinis
1008 1342 1160 1375 arbitran-

275 1397 323 1420 tur
341 1411 351 1426 ‚
388 1391 422 1422 (θ’
452 1397 486 1422 in
510 1392 689 1430 accipiendis
714 1390 859 1430 obsidibus
883 1398 980 1434 magis
1018 1397 1161 1434 exigunt,

272 1448 429 1480 tamquam
450 1445 489 1472 iis
514 1441 548 1474 (tt
570 1446 703 1472 animum
716 1439 837 1480 firmiiis
851 1440 894 1473 o·
933 1442 1050 1473 domum
1071 1443 1161 1474 latius

269 1498 415 1521 teneant.
455 1489 674 1522 Matrimonia
701 1489 759 1522 ista
784 1491 824 1522 ad
844 1489 1007 1523 Barbaros
1031 1491 1164 1531 proscri-

270 1535 317 1568 bit
341 1560 352 1575 ,
379 1536 412 1569 δε
431 1534 472 1569 de
496 1535 650 1569 Barbarie
677 1537 812 1569 damnat
835 1537 870 1568 in
897 1537 987 1569 libris
1011 1537 1163 1570 adversus

268 1586 480 1627 Jovinianum
492 1586 625 1620 Sanctus
639 1585 887 1628 Hieronymus:
919 1583 1042 1628 Persae,
1070 1587 1163 1624 Medi,

265 1637 361 1675 Indi,
386 1635 550 1677 AEtbiopes
572 1660 583 1675 ‚
609 1648 674 1669 cum
706 1636 857 1668 matribus
884 1636 918 1668 (θ’
943 1640 1027 1669 aviis
1050 1660 1060 1675 ‚
1097 1647 1163 1669 cum

262 1685 386 1727 filiabus
413 1687 447 1719 (ν
474 1686 611 1728 neptibus
640 1686 829 1727 copulantur.
861 1685 964 1732 Qod
993 1686 1098 1731 ipsum
1125 1687 1160 1719 in

266 1734 383 1778 Tyriis
403 1745 496 1771 notat
519 1737 681 1779 Iustinus.
713 1736 756 1769 Et
781 1736 858 1770 hinc
872 1735 985 1769 tertius
1013 1736 1161 1777 Nicenus

267 1785 388 1820 Canon
412 1811 423 1826 ‚
462 1787 633 1831 Agapetas
656 1787 673 1820 a
699 1786 838 1820 Clericis
862 1796 975 1819 vetans
1001 1785 1162 1820 subintro-

149 731 191 750 '22

111 783 116 789 .
141 764 167 788 t‘.

266 1833 363 1876 duci,
391 1847 459 1870 non
486 1837 592 1870 solum
619 1847 759 1871 matrem
779 1836 909 1880 excepit
933 1848 971 1870 ac
991 1837 1159 1878 sororem,

265 1886 319 1919 sed
343 1887 441 1921 etiam
467 1885 627 1926 amitam,
655 1887 690 1920 ὅ(
717 1887 796 1920 alias
818 1887 858 1920 ab
870 1887 961 1921 omni
976 1886 1158 1930 suspicione

265 1935 381 1972 liberas
405 1938 579 1980 personas.-
610 1936 686 1970 Ubi
713 1949 825 1980 neptes
847 1937 990 1982 intelligi
1012 1935 1095 1970 reste
1117 1936 1161 1970 af-

264 1985 373 2020 firmat
394 1986 428 2020 in
452 1987 560 2021 Sancti
590 1985 770 2029 Augustini
799 1989 865 2021 vita
895 1987 1028 2020 Sanctus
1059 1987 1162 2020 Poffi-

262 2036 384 2070 donius
405 2062 412 2069 .
441 2036 548 2071 Unde
573 2038 696 2079 primus
722 2037 806 2071 inter
831 2035 1040 2071 Christianos
1063 2038 1158 2071 ausus

262 2097 395 2130 neptem
408 2087 523 2122 ducere
534 2087 599 2121 fuit
609 2086 791 2130 Imperator
803 2088 981 2121 Heraclius
991 2113 1001 2128 ‚
1030 2088 1071 2121 de
1085 2099 1151 2130 quo

263 2135 373 2171 scribit
398 2138 431 2171 in
455 2138 620 2171 Breviario
644 2138 777 2171 Sanetus
801 2135 1010 2186 Nicephorus
1021 2136 1159 2170 Patriar-

264 2184 326 2219 cha
354 2185 747 2228 Constantinopolitanus
772 2198 779 2216 :
822 2188 979 2220 Heraclius
1009 2191 1042 2216 in
1069 2192 1156 2216 tanta

259 2233 445 2274 publicarum
467 2246 566 2267 rerum
587 2236 759 2275 difficultate
783 2236 817 2267 (⁸2⁹
843 2239 993 2267 varietate
1014 2260 1024 2275 ‚
1065 2233 1157 2268 nihilo

265 2284 366 2315 melius
382 2289 521 2324 privatis
541 2283 682 2326 consuluit
708 2309 715 2316 .
758 2286 882 2325 ,Quippe
897 2283 1023 2324 facinus
1051 2291 1155 2327 ingens

264 2343 366 2365 contra
380 2336 431 2375 jus
458 2344 540 2367 omne
573 2345 607 2366 ac
640 2337 839 2365 Romanorum
871 2333 948 2376 leges
985 2334 1152 2377 aggressus,

266 2385 373 2415 Mariae
400 2381 512 2426 sororis
543 2382 640 2424 filiam
675 2386 843 2414 Martinam
866 2382 923 2423 fibi
965 2390 1154 2417 matrimonio

264 2435 443 2473 conjunxit,
471 2436 603 2466 Martino
631 2441 721 2474 patre
744 2443 872 2473 natam,
898 2439 944 2466 cui
961 2437 1063 2466 Maria
1084 2444 1155 2468 ante

264 2486 442 2525 Eutropium
465 2481 626 2525 nupserat.
655 2486 709 2514 Ex
747 2482 802 2515 hac
839 2482 940 2515 liberis
968 2483 1079 2516 duobus
1101 2483 1154 2527 su·

260 2531 398 2574 sceptis,
424 2533 512 2566 alteri
537 2534 669 2571 Flavio,
696 2534 785 2566 alteri
812 2532 960 2574 Theodofio
986 2546 1087 2567 nomen
1099 2541 1153 2566 im-

259 2580 374 2624 posuit.
403 2585 463 2615 Sed
481 2593 545 2615 tam
573 2582 739 2624 nefandum
758 2582 854 2625 fielus
879 2585 994 2616 Divina
1023 2585 1155 2628 Justitia

260 2632 463 2675 persequitur.
490 2636 596 2666 Horum
610 2638 690 2666 enim
701 2633 856 2666 liberorum
864 2632 976 2676 seniori
998 2636 1100 2667 collum
1110 2640 1154 2667 ita

266 2684 430 2725 dissolutum
450 2683 488 2723 est
513 2708 524 2723 ‚
549 2693 582 2716 ut
606 2684 664 2716 ali«)
687 2690 815 2725 torqueri
842 2695 898 2716 non
913 2685 1018 2726 posset.
1038 2688 1155 2729 Junior

264 2741 359 2774 erepto
384 2735 531 2767 audiendi
548 2732 634 2776 sensu
653 2735 778 2775 penitus
804 2733 974 2776 obsurduit.
1005 2739 1044 2766 At
1055 2744 1155 2777 turpes

266 2784 337 2815 illas
362 2784 395 2816 (ε’
416 2783 581 2823 inhonestas
605 2790 728 2825 nuptias
744 2783 1154 2826 Prastnapottfflmumfaci‘io

261 2842 318 2873 per
342 2832 493 2875 Circenses
513 2835 594 2866 ludos
619 2835 778 2878 agitabat,
805 2834 1036 2876 approbantibus
1051 2846 1154 2869 contra

267 2884 301 2916 (Ὗ
316 2882 501 2923 faventibus
526 2886 614 2916 aliis.
638 2887 756 2927 Sergius
778 2887 867 2926 porro
893 2883 1153 2928 Constantinopoli-

267 2942 357 2964 tanus
384 2932 564 2966 Patriarcbct
589 2935 697 2967 litteris
704 2934 770 2977 suis
786 2934 987 2968 vehementius
998 2936 1125 2975 instabat
1144 2961 1153 2974 ‚

267 2992 300 3014 ut
323 2984 406 3015 illam
425 2994 488 3015 cum
511 2985 632 3016 muliere
648 2983 817 3026 societatem
830 2987 989 3026 abjiceret.
1018 2988 1067 3019 Ad
1091 2986 1153 3020 haec

269 3036 432 3073 Imperator
459 3036 502 3065 ita
529 3032 700 3075 respondit:
741 3035 830 3068 Redit
857 3045 890 3068 tu
916 3037 1036 3078 quidem
1062 3042 1151 3069 omni-

270 3085 308 3114 no
335 3084 428 3114 dicis.
458 3085 551 3125 ‚Quod
574 3088 651 3116 enim
676 3086 710 3118 (τ
736 3086 947 3119 Patriarcbam
972 3087 1005 3119 (Ὗ
1026 3093 1151 3120 amicum

267 3133 349 3165 dccet
371 3155 381 3171 ,
416 3135 567 3174 quoddam
594 3136 689 3166 veluti
716 3135 843 3167 debitum
870 3136 1026 3176 reddidisti
1051 3162 1058 3169 .
1096 3139 1154 3170 sed

268 3182 355 3223 noslrz'
380 3189 438 3214 erit
462 3183 581 3215 arbitrii
600 3182 699 3223 fallis
725 3184 790 3226 ipfis
814 3187 956 3227 pra-stare
992 3189 1072 3228 quod
1101 3190 1152 3228 ju-

268 3233 334 3264 bes.
368 3235 426 3265 Per
451 3234 530 3266 idem
558 3241 674 3273 tempus
702 3234 891 3276 Ecclesiarum
903 3236 1034 3279 thesauri
1046 3237 1148 3277 distra-

266 3283 305 3314 Hi
322 3280 394 3324 sunt
419 3307 429 3322 ‚
468 3285 502 3316 (5
527 3283 633 3316 tributi
669 3291 782 3318 nomine
811 3291 844 3319 in
867 3287 1020 3319 Barbaros
1043 3286 1148 3328 divisi.

265 3332 393 3365 Divina
428 3334 462 3365 in
495 3332 599 3366 hocce
635 3335 884 3377 matrimonium
912 3338 1056 3372 vindit‘ta
1084 3339 1151 3370 He-

266 3382 399 3415 raclium
428 3395 469 3415 ex
497 3382 678 3417 feliciffimo
712 3395 749 3417 ac
784 3385 1014 3429 gloriosissimo
1049 3387 1151 3420 reddi·

267 3431 316 3465 a'it
355 3432 629 3473 infelicissimum,
665 3433 908 3480 circumscripsit
937 3438 972 3472 in.
1007 3436 1148 3472 haerefim

367 3481 649 3527 ChristLupt'Opcr.
662 3485 776 3517 Tom.V.
1007 3495 1009 3497 ’

122 2050 127 2055 .
161 2032 205 2058 26.

100 3340 133 3367 A.
156 3342 221 3368 616⁴

1281 152 1751 200 Romanum.
1952 173 2040 202 111

1228 234 1523 269 Monotheliticam
1547 260 1558 276 ,
1595 248 1634 273 ac
1666 238 1774 271 forsan
1797 236 1829 270 in
1861 235 2111 274 damnationem

1226 295 1392 322 aeternam.
1422 277 1506 333 Qai
1528 288 1643 321 omnia
1666 287 1864 322 confirmant
1887 312 1898 329 ,
1924 289 1956 322 &
1981 288 2110 331 insuper

1226 335 1304 367 alias
1328 336 1422 378 ipsius
1443 332 1639 379 temporales
1663 347 1774 380 poenas
1798 338 1983 381 producunt
2020 339 2111 372 Man-

1226 396 1278 426 tyr
1298 383 1549 427 Theophanes,
1576 386 1608 418 in
1634 387 1857 422 Ecclefiastica
1875 386 2008 422 historia
2021 387 2114 422 Ana-

1225 434 1335 468 stafius
1346 434 1506 468 Romanae
1521 434 1671 468 Ecclesiae
1683 435 1956 472 Bibliothecarius
1968 462 1979 478 ‚
2005 449 2042 473 ac
2053 437 2111 473 alii

1225 484 1448 518 Orientalium
1474 495 1581 520 retum
1605 486 1802 526 Scriptores.
1830 482 2111 522 Dixiistiusmodi

1224 535 1473 568 matritnonium
1494 534 1512 567 a
1550 534 1643 568 nullo
1667 534 1859 569 Christiano
1891 548 1968 572 ante
2007 538 2115 573 Hera-

1224 584 1324 616 clium
1337 584 1427 618 fuisse
1438 593 1655 621 attentatum:
1684 583 1820 619 Etenim
1843 587 2013 622 Orientale
2035 588 2114 622 Ale·

1222 635 1460 668 xandrinorum
1483 634 1742 670 Patriarcharum
1766 634 1982 676 Chronicon,
2010 639 2111 673 etiam

1225 684 1433 718 Demetrium
1454 684 1680 719 patriarcham
1704 687 1793 729 nepti
1825 686 2040 731 conjugatum
2066 688 2117 721 af:

1224 734 1377 774 firmans,
1402 735 1447 768 est
1471 735 1606 768 infirmae
1629 735 1725 770 fidei.
1752 735 1808 773 Est
1831 737 1922 771 enim
1937 734 2111 772 ‘recentius

1225 785 1378 828 scriptum
1403 810 1414 826 ,
1448 784 1482 818 ὃς
1505 784 1547 819 de
1565 797 1598 819 re
1627 786 1848 829 antiquissima
1871 786 1952 820 dicit
1987 788 2112 821 senten·

1225 834 1304 868 tiam
1326 836 1394 869 (ine
1413 834 1510 869 teste.
1539 836 1583 870 Et
1609 848 1667 879 pro
1690 835 1834 870 Claudio
1857 835 2054 879 Imperatore
2075 839 2111 872 &

1225 884 1410 931 Agrippina
1434 887 1775 921 Senatus-consultum
1798 886 1948 920 Gentiles
1963 887 2113 922 Romani

1225 948 1407 981 numquam
1423 936 1645 979 admiserunt,
1672 937 1773 982 longe
1783 935 1893 971 minus
1907 935 2112 970 Christiani.

1226 986 1270 1021 Et
1293 987 1454 1031 quidquid
1477 989 1515 1022 fit
1539 989 1579 1022 de
1597 989 1657 1023 isto
1680 987 1852 1023 Chronico
1872 1013 1883 1029 ‚
1924 987 2113 1021 Demetrius

1226 1049 1294 1072 non
1316 1039 1531 1079 consuetum,
1558 1040 1610 1073 sed
1632 1039 1791 1074 servandae
1829 1038 1984 1072 castitatis
2020 1039 2113 1081 pacto

1225 1087 1378 1122 vestitum
1400 1088 1594 1133 conjugium
1620 1089 1740 1124 dicitur
1760 1100 1836 1124 cum
1859 1099 1958 1132 nepre
1988 1087 2096 1123 iniisse

1225 1138 1331 1186 Qod
1352 1140 1459 1173 forsan
1483 1138 1578 1182 possit
1598 1140 1660 1173 effe
1673 1140 1877 1183 permiffum.
2106 1141 2117 1173 ξ

1276 1189 1350 1223 Nec
1371 1190 1500 1223 rantum
1524 1190 1557 1222 in
1575 1186 1640 1222 hoc
1663 1214 1674 1230 ,
1714 1190 1769 1223 sed
1790 1191 1822 1223 in
1835 1190 1954 1231 quovis
1977 1187 2116 1232 impedi-

1228 1250 1340 1273 mento
1363 1239 1581 1283 dispensando
1602 1240 1707 1273 Graeci
1733 1240 1856 1282 semper
1879 1240 2010 1272 fuerunt
2030 1237 2117 1271 diffi-

1237 1288 1372 1323 cillimi:
1400 1290 1475 1324 Imo
1498 1289 1580 1324 olim
1593 1300 1760 1333 nunquam
1773 1289 2017 1333 dispensarunt.
2041 1287 2116 1323 Nec

1228 1339 1271 1373 ob
1292 1338 1481 1384 Augustum
1496 1339 1682 1382 Principem
1697 1339 1885 1382 judicarunt
1898 1340 2054 1373 Canones
2067 1338 2119 1371 lae-

1227 1388 1351 1422 dendos
1365 1414 1372 1420 .
1400 1388 1570 1433 Infigniter
1582 1388 1647 1422 hoc
1660 1389 1747 1422 lucet
1758 1399 1800 1422 ex
1819 1388 2005 1432 Nicephori
2029 1386 2118 1422 Pho-

1226 1450 1270 1471 cae
1282 1439 1490 1482 Imperatoris
1508 1449 1586 1472 cum
1608 1435 1864 1482 Theophanone
1886 1438 2117 1473 Antecessoris:

1228 1487 1275 1519 sui
1288 1488 1385 1520 vidua
1399 1487 1577 1529 conjugio,
1603 1488 1644 1520 de
1656 1498 1723 1528 quo
1746 1488 1908 1531 Georgius
1929 1488 2117 1522 Cedrenus:

1229 1534 1365 1566 Peractis
1389 1539 1504 1575 nuptiis
1527 1540 1558 1565 in
1581 1545 1657 1567 novo
1676 1537 1721 1566 ad
1733 1537 1887 1568 Palatium
1899 1538 2004 1578 templo
2017 1561 2028 1577 ‚
2054 1539 2119 1571 cum

1226 1588 1259 1615 in
1274 1580 1480 1626 sanlluarium
1501 1583 1563 1626 esset
1589 1585 1767 1618 intrandum
1780 1609 1791 1625 ‚
1822 1585 2027 1629 Nicephorum
2054 1601 2117 1621 ma-

1227 1644 1267 1665 nu
1290 1642 1393 1667 tenens
1405 1634 1574 1674 Polyeuc‘lus
1587 1634 1770 1668 Patriarcba
1781 1659 1792 1675 ,
1817 1645 1852 1670 ut
1874 1634 2026 1679 adsacros
2039 1644 2123 1673 Can-

1224 1684 1308 1717 cellos
1334 1692 1459 1717 ventum
1481 1684 1541 1726 est,
1572 1683 1633 1729 ipse
1657 1692 1689 1718 in
1714 1687 1838 1725 Adytum
1848 1692 1986 1727 introiit,
2014 1690 2048 1723 <9⁶
2061 1694 2123 1723 Im·

1221 1742 1394 1775 peratorem
1414 1736 1531 1778 repellit
1554 1760 1567 1776 ,
1604 1741 1706 1778 aitque
1732 1748 1789 1769 non
1826 1738 2017 1781 intromissum
2054 1745 2121 1780 iri,

1225 1783 1405 1827 priusquam
1423 1794 1531 1827 poenas
1547 1794 1606 1828 pro
1621 1785 1760 1833 secundis
1773 1792 1888 1829 nuptiis
1901 1789 2009 1831 lutffet.
2032 1791 2121 1823 Mole-

1217 1834 1295 1874 stum
1319 1834 1369 1868 hoc
1381 1834 1446 1876 fuit
1469 1835 1636 1878 Nicephoro
1659 1861 1670 1876 ‚
1696 1839 1731 1871 Θ
1750 1839 1795 1870 ad
1808 1836 1898 1879 finem
1930 1837 2022 1881 usque
2043 1846 2120 1874 vitae

1227 1885 1376 1924 Polyeut‘lo
1394 1884 1574 1929 succensuit.
1603 1885 1758 1920 Edebatur
1785 1893 1873 1920 etiam
1885 1889 1989 1929 paffim
2001 1900 2119 1932 rumor,

1225 1929 1274 1977 qui
1295 1946 1353 1968 non
1376 1943 1497 1980 exiguas
1521 1943 1554 1970 in
1582 1937 1711 1978 Ecclesia
1737 1937 1841 1973 turbas
1867 1939 1953 1971 dedit
1973 1964 1983 1979 ‚
2027 1952 2119 1974 unum

1223 1985 1379 2019 liberorum
1406 1987 1633 2029 Theophanonis
1655 1988 1745 2032 fuisse
1771 1991 1791 2020 ἆ
1828 1988 1996 2030 Nicephoro
2022 1993 2038 2024 e?
2065 1993 2120 2024 Sa-

1223 2047 1271 2069 cro
1299 2035 1495 2079 Baptismate
1501 2036 1689 2081 susceptum.
1722 2042 1823 2077 Eum,
1851 2049 1884 2072 ut
1892 2038 2052 2083 speciosam
2064 2054 2121 2074 an-

1219 2085 1309 2128 sam,
1336 2094 1486 2129 arripiens
1514 2090 1698 2130 Polyeuc‘lus,
1720 2093 1933 2133 Imperatorem
1957 2101 2011 2124 aut
2034 2100 2118 2134 repu-

1224 2137 1309 2168 diare
1334 2148 1453 2169 uxorem
1473 2140 1566 2173 iuxta
1577 2140 1674 2172 Sacrae
1687 2139 2119 2184 constitutionirpraefi‘riptum

1224 2183 1329 2217 debere
1352 2186 1546 2218 contendebat
1560 2211 1569 2225 ,
1595 2197 1649 2219 aut
1674 2188 1805 2228 Ecclefia
1828 2189 1989 2228 abstinere.
2020 2197 2117 2235 Atque

1223 2232 1275 2268 boc
1292 2234 1434 2275 posterius
1444 2235 1525 2276 fecit
1550 2235 1735 2278 Nicephorus
1747 2261 1758 2277 ,
1785 2244 1870 2270 uxori
1897 2240 2039 2273 deditus.
2067 2245 2115 2274 Et

1221 2290 1388 2316 convocatis
1415 2291 1465 2326 qui
1490 2291 1523 2317 in
1554 2286 1625 2318 urbe
1651 2294 1715 2318 tum
1734 2293 1886 2331 peregrini
1924 2298 2014 2323 erant
2040 2295 2117 2333 Epi-

1216 2331 1313 2375 scopis
1341 2347 1377 2367 ac
1404 2333 1523 2368 delellis
1549 2336 1765 2377 senatoribus,
1791 2349 1855 2370 rem
1881 2345 1923 2372 eis
1949 2341 2116 2376 deliberan-

1220 2384 1292 2415 dam
1314 2383 1467 2426 proposuit
1482 2411 1489 2417 .
1519 2389 1561 2422 Hi
1583 2397 1681 2419 onmes
1709 2386 1940 2426 constitutionem
1965 2403 2033 2425 eam
2059 2396 2115 2425 Co·

1219 2440 1352 2475 pronymi
1377 2435 1425 2477 esse
1448 2460 1459 2475 ‚
1482 2447 1571 2476 eaque
1609 2441 1820 2479 Imperatorem
1846 2450 1905 2473 non
1931 2448 2024 2474 teneri
2045 2451 2111 2484 pro-

1221 2489 1442 2517 nunciaverunt
1455 2509 1465 2525 ,
1492 2485 1680 2529 libellumque
1702 2487 1893 2531 absolutionis
1915 2489 2113 2535 subscriptum

1220 2537 1238 2565 ἂ
1256 2533 1289 2576 se
1313 2533 1369 2575 t'pfi
1374 2537 1534 2568 dederunt.
1561 2536 1767 2572 Nihilominus
1779 2549 1880 2573 tamen
1894 2542 2111 2587 tergiversante

1221 2584 1399 2619 Patriarcba
1410 2610 1420 2624 ‚
1447 2589 1481 2620 (9·
1494 2598 1540 2619 res
1554 2586 1657 2629 sacras
1670 2600 1735 2623 cum
1752 2594 1933 2633 Imperatore
1944 2604 2110 2628 communes

1218 2633 1322 2667 babere
1342 2635 1494 2678 recusante
1516 2662 1526 2676 ,
1566 2637 1671 2681 Caesar
1692 2640 1788 2682 fidem
1803 2641 1880 2682 fecit
1904 2643 2108 2684 Nicephorum

1216 2696 1272 2717 non
1288 2685 1376 2728 fuiffe
1396 2685 1608 2730 susceptorem.
1638 2691 1701 2722 sed
1721 2692 1756 2723 (θ’
1778 2692 1921 2729 stylianus
1934 2697 2109 2736 magntPa-

1214 2736 1281 2768 latii
1305 2738 1475 2780 Protopapa
1489 2762 1499 2777 ,
1525 2740 1545 2770 ἃ
1569 2749 1623 2780 quo
1655 2740 1799 2782 emanasse
1822 2741 1872 2781 iste
1883 2754 1980 2775 rumor
1988 2742 2108 2784 fereba-

1215 2795 1264 2818 tur
1282 2811 1292 2826 ,
1318 2797 1413 2819 coram
1441 2789 1568 2820 Concilio
1591 2790 1625 2822 <9⁸
1644 2791 1756 2823 senatu
1771 2792 1897 2831 ¹iuravit
1915 2816 1925 2831 ,
1951 2791 1986 2836 se
2013 2805 2106 2837 neque

1214 2836 1337 2879 vidisse,
1365 2849 1458 2880 neque
1479 2843 1613 2880 cuiquam
1636 2841 1742 2883 dixisse
1761 2865 1771 2881 ‚
1808 2844 1890 2884 quod
1916 2843 2104 2884 Nicephorus

1213 2884 1276 2927 esset
1290 2886 1399 2927 fac‘lus
1417 2887 1565 2932 susceptor
1586 2915 1592 2921 .
1623 2889 1790 2930 Polyeut'Ius
1816 2902 1902 2936 ergo,
1928 2893 2044 2935 tametsi
2055 2903 2105 2936 pe-

1206 2938 1307 2976 jerare
1332 2940 1493 2976 stylianum
1506 2942 1582 2972 certo
1601 2939 1690 2983 sciret
1705 2966 1715 2981 ,
1740 2946 1847 2975 crimen
1874 2951 2102 2984 compaternita-

1212 2993 1253 3018 tis
1266 2988 1354 3029 omifit
1370 3014 1376 3020 .
1407 2989 1503 3024 Adeo
1516 2990 1789 3032 dispensationem
1804 2991 1896 3026 istam
1919 2993 2102 3036 desperavit

1213 3036 1442 3080 Nicephorus‚
1470 3051 1504 3073 ut
1515 3039 1665 3074 adversus
1677 3042 1911 3075 damnatricem
1924 3042 1990 3085 ejus
2000 3069 2009 3085 ,
2022 3054 2102 3079 tam-

1212 3098 1309 3130 quam
1333 3088 1518 3123 adamnato
1545 3090 1697 3133 Principe
1722 3091 1819 3125 latam
1838 3116 1848 3131 ‚
1874 3091 2011 3137 ideoque
2032 3095 2101 3127 irri-

1212 3145 1278 3169 tam
1303 3139 1406 3182 legem
1432 3141 1679 3183 proclamaverit
1702 3155 1713 3174 .·
1752 3141 1795 3175 Et
1813 3142 1945 3186 quidem
1965 3143 2098 3176 frustra.

1216 3186 1361 3223 Evadere
1386 3201 1452 3224 non
1477 3191 1586 3234 potuit
1612 3216 1623 3232 ‚
1664 3191 1720 3224 nifi
1747 3202 1801 3235 per
1834 3192 1966 3235 perjuria
1988 3194 2099 3228 everso

1214 3237 1470 3278 impedimento.
1503 3239 1596 3274 Adeo
1619 3240 1688 3275 illic
1715 3241 1866 3285 inipsum
1878 3243 1976 3276 etiam
1994 3243 2098 3286 Impe-

1213 3297 1351 3322 ratorem
1375 3291 1474 3324 sacrae
1496 3291 1633 3335 Regulae
1656 3291 1809 3336 vigebant
1834 3317 1841 3323 .
1874 3291 2034 3326 Nicolaus
2056 3293 2098 3326 se-

1213 3337 1339 3371 cundus
1360 3340 1470 3374 favore
1491 3351 1588 3384 atque
1607 3353 1703 3384 opera
1728 3341 1901 3375 Godefridi
1926 3342 2097 3377 L0tharin-

1214 3388 1275 3431 giae
1298 3389 1422 3429 Ducis,
1449 3401 1484 3424 ac
1511 3392 1544 3424 in
1568 3392 1662 3434 ipfius
1685 3400 1766 3425 terra
1789 3393 1892 3425 fuerat
1917 3393 1948 3424 in
1974 3391 2097 3432 Papam

1213 3438 1331 3473 electus
1341 3438 1373 3472 &
1385 3451 1554 3482 promotus
1568 3465 1574 3471 .
1601 3441 1642 3474 Et
1655 3441 1810 3484 agebatur
1823 3441 1877 3475 hic
1888 3441 1928 3474 de
1936 3439 2097 3475 Mathildi

1560 3489 1592 3520 K
1644 3502 1667 3525 2
1976 3489 2043 3523 filia

2129 2521 2188 2551 1²01·
2218 2526 2286 2559 649.
