2366 3756
88 1051 126 1079 Α.
137 1055 218 1088 1-0631.

86 1096 170 1126 1064.

339 157 403 204 80
477 154 887 199 NICoLitt

958 165 1351 200 SECUNDI

1421 155 1982 204 P0N111=1c1s

269 239 318 274 boc
331 243 387 283 jus
422 243 644 281 impetraverit.
673 239 718 273 Et
743 234 939 272 nominandi
959 231 1128 270 audaciam
1140 243 1166 279 ‚l
1214 251 1310 273 anno.
1336 240 1381 274 Et
1407 239 1485 275 hinc
1507 241 1541 275 in
1565 240 1675 285 primis
1696 241 1759 275 suis
1779 241 1820 276 ad
1843 245 1951 280 varios
1963 246 2089 290 Episto-

266 290 302 323 &
335 290 491 334 eligendae
516 290 661 332 personae
691 287 952 331 designationem
984 286 1121 321 damnat
1140 312 1152 329 ,
1214 291 1253 324 lis
1273 290 1452 335 Gregorius
1471 290 1595 326 dudum
1623 293 1656 325 se
1676 291 1820 326 titulavit
1841 292 1998 329 Romanae
2031 297 2092 330 Ec-

266 340 437 382 solumque
460 337 607 384 Regium
626 337 668 371 de
690 336 807 372 Electo
830 335 1027 372 consensum
1049 338 1152 372 mani-

266 390 344 424 feste
372 390 542 423 concedit.

316 439 474 474 Notanda
495 440 571 473 sunt
594 437 709 473 verba:
733 437 795 471 sibi
807 438 981 479 concessimus
996 450 1007 472 .·
1030 439 1074 474 Et
1083 449 1150 474 ver·

266 492 307 528 ba
327 503 334 523 :
373 496 433 525 Hoc
446 486 639 532 personaliter
667 494 898 530 impetraverint
921 514 928 522 .
959 488 1150 525 Ostendunt

267 540 434 576 indultum
459 537 522 573 hoc
546 549 603 583 pro
624 539 692 573 sola
717 539 809 573 fuisse
845 539 987 573 Henrici
1013 540 1149 583 persona

266 592 299 625 δε
322 591 387 624 vita
401 615 408 623 .
433 590 507 623 Scio
525 590 664 624 Henrici
692 588 796 631 quarti
819 588 969 624 Tutores
987 589 1029 624 ad
1051 600 1150 634 pater—

265 652 346 675 num
358 641 496 675 Henrici
510 641 598 673 tertii
611 639 818 684 privilegium
833 640 1017 674 reclamasse
1027 666 1038 682 ‚
1062 641 1151 676 ideo·

264 703 330 736 que
356 693 390 725 in
422 690 568 724 defun-sti
590 690 725 724 Nicolai
747 690 877 725 secundi
909 690 1021 725 locum
1044 692 1150 725 nomi-

264 742 353 775 naffe
377 741 560 775 Cadaloum
582 740 813 775 Parmensem:
849 739 975 775 Verum
998 740 1066 776 fine
1086 743 1148 775 fru-

265 792 318 824 ctu
343 792 515 827 Romanus
534 790 624 826 enirn
645 790 806 830 Senatus,
826 791 887 824 nisi
914 792 1076 834 praesentis
1091 791 1149 834 Sy-

263 841 347 876 nodi
371 842 515 876 Decreto
535 842 711 876 defierretur
734 865 745 881 ‚
777 840 995 875 defectionem
1018 841 1148 875 minita-

262 901 316 927 tus
338 893 382 926 est
404 916 414 932 ‚
448 892 587 933 ideoque
622 891 656 925 in
691 890 825 926 Urbem
847 891 996 935 Legatus
1016 892 1149 926 Sanetus

262 942 369 977 Anno
393 941 603 977 Coloniensis
637 940 914 985 Archiepiscopus
948 942 1150 976 nominatio-

263 1004 342 1027 nem
363 992 605 1031 circumduxit,
628 1001 726 1035 atque
746 992 790 1025 ita
819 991 1000 1026 Anselmus
1023 992 1149 1026 Lucen-

263 1044 301 1077 fis
321 1043 503 1088 Episcopus
541 1044 604 1077 fuit
636 1042 754 1076 elesius
777 1041 810 1074 in
845 1040 1072 1077 Alexandrum
1107 1043 1147 1076 se·

262 1097 409 1128 cundum
436 1120 442 1126 .
472 1093 553 1127 Late
587 1092 655 1127 haec
690 1090 788 1126 habes
817 1091 902 1135 apud
935 1093 1147 1127 Lambertum

261 1143 599 1188 schafnaburgensem
620 1167 627 1175 .
665 1143 780 1177 Etiam
807 1143 842 1176 in
865 1142 1028 1186 Synodali
1061 1143 1146 1187 apud

262 1196 416 1229 Sanstum
440 1195 573 1229 Petrum
596 1192 755 1228 Damiani
777 1193 999 1236 disputatione
1022 1193 1149 1238 Regius

263 1246 462 1280 Advocatus
483 1270 493 1286 ,
529 1244 673 1288 Regium
703 1244 815 1278 saltem
852 1245 1045 1277 consensum
1076 1255 1148 1287 prae·

262 1295 401 1330 tendens
424 1308 494 1330 non
525 1294 568 1328 ad
590 1295 694 1328 solam
729 1294 889 1328 Romanae
923 1293 1072 1327 Ecciefiae
1113 1293 1147 1327 li·

263 1344 402 1379 beralem
430 1345 568 1389 gratiam
589 1368 600 1384 ,
638 1342 691 1376 sed
729 1342 770 1376 ad
797 1343 1004 1385 Imperialem
1030 1344 1150 1376 succes-

261 1397 387 1430 sionem
413 1404 509 1436 atque
536 1392 693 1436 Augustae
729 1390 912 1433 Majestatis
948 1390 1016 1434 jura
1053 1392 1149 1434 perti-

260 1458 360 1486 nere,
386 1443 470 1479 nihil
495 1442 664 1476 obtinuit.
692 1441 826 1475 Etenim
852 1451 940 1474 mera
965 1452 1022 1484 per
1038 1442 1148 1476 Odoa-

260 1507 370 1534 crem,
396 1492 652 1527 Theodoricum
671 1513 684 1530 ,
710 1489 928 1532 Justinianum
950 1512 962 1528 ,
988 1500 1025 1522 ac
1052 1489 1148 1522 Pium

261 1545 471 1579 Ludovicum
519 1550 679 1574 attentata
726 1538 953 1572 Ecclefiasticae
990 1538 1148 1572 libertatis

258 1594 386 1629 invasio
411 1591 503 1627 dedit
529 1589 582 1625 isti
607 1588 753 1624 servituti
779 1588 891 1622 ansam
915 1588 1146 1632 &originem,

257 1646 399 1690 ideoque
425 1654 495 1677 non
523 1641 583 1675 nisi
609 1650 663 1683 per
699 1639 877 1683 gratiosam
913 1637 1063 1672 Ecclefiae
1099 1639 1147 1672 ln-

259 1694 467 1739 dulgentiam
493 1699 549 1724 aut
586 1690 834 1723 conniventiam
870 1688 1000 1732 purgari
1039 1688 1146 1730 potuit

258 1747 292 1779 ὃ(
321 1743 460 1778 firmari.
490 1740 586 1787 Qin
612 1739 646 1772 &
672 1740 769 1772 aliam
798 1737 849 1771 isti
877 1738 937 1770 suae
963 1737 1076 1782 gratiae
1112 1736 1149 1769 li-

258 1795 468 1830 mitationem
495 1790 613 1833 adjecit
640 1789 794 1822 Romana
822 1786 963 1821 Ecclesia
987 1795 998 1826 ,·
1028 1786 1146 1820 Henri-

258 1847 289 1880 ci
329 1845 436 1886 quarti
474 1840 581 1875 adhuc
628 1838 833 1872 minorennis
881 1838 1045 1871 affirmans
1082 1836 1146 1870 sese

259 1895 370 1939 quoad
397 1891 573 1936 spiritualia
600 1889 670 1933 iura
695 1890 758 1923 esse
782 1887 955 1921 Turricem
970 1909 981 1927 ,
1006 1886 1146 1928 ideoque

258 1941 470 1981 consecrandi
497 1940 670 1974 Pontificis
698 1939 826 1973 veniam
854 1949 922 1972 non
945 1937 986 1971 ab
999 1937 1067 1980 ejus
1081 1948 1147 1970 ma-

258 2009 307 2031 tre
326 2007 383 2030 aut
410 1992 570 2028 Palatinis
597 1989 834 2028 Curatoribus-,
860 1988 913 2022 sed
935 1987 975 2021 ab
1003 1987 1067 2030 ipsa
1094 1987 1147 2020 Se-

257 2048 299 2082 de
326 2043 520 2089 Apostolica
545 2041 637 2075 fuifle
663 2037 911 2083 postulandam.
940 2037 1034 2071 Hinc
1059 2036 1144 2071 abil-

208 2082 220 2097 ξ
256 2098 300 2132 lis
318 2096 477 2130 intrusum
499 2091 684 2126 cadaloum
708 2090 862 2123 refutavit
876 2099 946 2121 non
968 2089 1147 2121 solummo-

91 2662 224 2692 ixi-1073·

257 2146 323 2188 do,
351 2146 404 2179 sed
428 2145 463 2178 &
484 2143 547 2175 sine
568 2142 709 2182 ipsorum
731 2139 853 2171 assensu
876 2138 1046 2170 coronavit
1070 2137 1146 2169 Ale·

256 2196 418 2232 xandrum
446 2189 622 2225 secundum
648 2213 659 2228 ,
698 2186 869 2229 protestata
892 2196 1003 2219 tamen
1030 2184 1144 2219 adulto

255 2245 405 2288 Principi
432 2243 480 2285 jus
506 2242 600 2273 suum
614 2238 683 2271 fore
695 2238 837 2269 salvum.
866 2236 909 2267 Et
921 2234 1000 2268 hinc
1013 2234 1054 2267 de
1066 2236 1145 2267 Gre-

257 2298 354 2343 gorio
376 2294 534 2335 septimo,
560 2298 655 2331 quem
680 2297 748 2318 non
762 2282 971 2317 solummodo
983 2284 1119 2316 electum
1133 2307 1143 2322 ,

257 2348 312 2383 sed
331 2344 439 2379 statim
460 2340 588 2381 insuper
611 2336 834 2370 consecratum
847 2342 1012 2376 acceperat
1024 2331 1064 2366 ab
1076 2330 1144 2373 eius

258 2396 383 2432 aemulis
405 2399 602 2426 memoratus
626 2387 699 2421 Rex
722 2384 908 2422 Henricus,
946 2382 1051 2427 pergit
1077 2382 1143 2415 lau-

261 2449 354 2482 datus
368 2442 560 2478 Lambertus
572 2452 579 2471 ε
606 2440 715 2470 statim
727 2440 792 2468 Rex
804 2436 822 2465 ἃ
833 2435 925 2467 latere
931 2432 985 2476 suo
995 2432 1143 2465 Eberhar-

262 2499 336 2530 dum
358 2499 502 2526 Comitem
524 2488 598 2530 misit
622 2513 632 2528 ,
669 2492 718 2529 qui
745 2490 891 2517 Romanos
919 2486 1053 2517 Proceres
1077 2493 1140 2515 con-

264 2552 390 2581 veniens
411 2541 530 2585 causam
548 2539 588 2571 ab
611 2544 654 2571 eis
673 2534 868 2580 sciscitaretur
884 2558 894 2573 ,
920 2545 1009 2576 quare
1032 2541 1143 2575 praeter

264 2595 500 2639 consuetudinem
528 2591 674 2630 Majorum
703 2590 777 2628 Rege
804 2582 964 2625 inconsulto
999 2588 1143 2616 Romanae

265 2644 399 2686 Ecclefiae
426 2640 599 2682 Pontificem
625 2636 823 2679 ordinaffent‚
849 2632 1019 2675 ipsumque,
1038 2633 1069 2674 fi
1089 2645 1144 2666 non

267 2698 371 2731 idonee
383 2692 594 2738 satisfaceret,
623 2688 722 2721 illicite
743 2694 862 2726 accepta
873 2685 1018 2726 dignitate
1027 2684 1146 2716 abdica-

268 2759 300 2782 re
318 2746 349 2790 se
369 2750 562 2787 praeciperet.
591 2744 622 2771 Is
643 2743 765 2771 venient
784 2739 910 2767 Romam
933 2759 942 2774 ‚
980 2733 1104 2777 benigne
1128 2735 1148 2765 ἂ

272 2800 410 2838 GregorIo
423 2791 572 2835 susceptus
593 2788 648 2827 est.
674 2791 806 2827 Cumque
828 2786 872 2817 illi
900 2785 1048 2816 mandata
1057 2788 1149 2826 Regis

273 2843 464 2887 exposuiffet,
490 2837 639 2881 respondit
657 2835 706 2879 se,
739 2839 798 2867 Deo
809 2835 895 2874 teste,
923 2834 1038 2866 honoris
1062 2833 1149 2873 liujus

275 2902 389 2938 apicem
411 2900 572 2932 numquam
588 2895 642 2929 per
663 2885 852 2917 ambitionem
863 2884 1027 2926 affblhffe,
1055 2885 1151 2916 &ele-

278 2947 357 2979 Hum
374 2941 406 2986 se
427 2943 446 2973 ἃ
475 2943 618 2972 Romanis
641 2960 651 2976 ‚
688 2937 721 2968 (Ὗ
758 2934 900 2967 violenter
916 2933 972 2974 fibi
994 2932 1151 2974 impofitam

279 2991 463 3035 Ecclefiastici
483 2993 633 3032 regiminis
652 2986 834 3024 necessitatem
848 3007 859 3023 ‚
884 2988 944 3026 cogi
969 2993 1069 3016 tamen
1091 2985 1149 3015 nul¹

281 3048 308 3079 Io
330 3044 414 3077 modo
426 3040 565 3083 potuisse,
589 3045 620 3069 ut
640 3037 774 3068 ordinari
791 3032 824 3077 se
843 3039 1028 3074 permitteret
1056 3057 1066 3072 ,
1105 3035 1152 3065 do-

283 3107 333 3129 nec
360 3100 391 3126 in
411 3090 573 3124 electionem
590 3085 674 3129 suam
695 3094 758 3117 tam
790 3088 898 3127 Regem
920 3085 1011 3125 quem
1047 3086 1155 3115 Princi-

281 3155 335 3188 pes
363 3141 531 3174 Theutom'ci
551 3139 645 3180 Regni
676 3133 833 3177 consenfisse
857 3156 868 3172 ,
904 3143 983 3165 certa
1013 3136 1155 3176 legatione

285 3191 460 3237 cognosceret
480 3202 487 3221 :
516 3197 582 3224 Hac
601 3191 712 3218 ratione
728 3183 825 3216 adhuc
845 3182 978 3225 distulisse
997 3185 1155 3215 ordinatio-

286 3256 352 3279 nem
366 3241 457 3285 ‘fitam
480 3263 491 3279 ,
514 3239 547 3270 (ff
566 3235 629 3278 fine
648 3235 734 3267 dubio
759 3235 922 3265 dilaturum
940 3258 950 3274 ‚
985 3234 1071 3265 donec
1099 3233 1154 3274 sibi

286 3296 471 3329 voluntatem
490 3292 580 3331 Regis
608 3293 702 3318 certus
726 3284 796 3316 inde
818 3288 941 3316 veniens
977 3290 1095 3316 nuntius
1113 3290 1156 3315 in-

287 3347 402 3376 timarIt
423 3366 430 3372 .
460 3346 520 3374 Hoc
539 3337 587 3369 ubi
607 3339 679 3377 Regi
702 3333 739 3374 est
754 3338 955 3365 renuntiatum
979 3357 989 3371 ‚
1022 3333 1155 3366 lubenter

283 3393 405 3436 susoepit
419 3387 679 3433 satisfae‘lionem‚
705 3385 739 3417 (9·
766 3383 903 3421 laettffimo
918 3380 1058 3426 suffragio
1080 3406 1090 3421 ‚
1124 3392 1157 3415 at

286 3445 491 3482 ordinaretur,
504 3437 667 3471 mandavit
679 3460 686 3468 .
713 3434 804 3476 ,Quod
813 3432 967 3475 &fadum
978 3433 1014 3474 esi
1022 3432 1157 3477 sequenti

1211 341 1309 374 clesiae
1336 342 1509 375 dumtaxat
1532 342 1703 382 Elestum,
1732 341 1914 386 scripsitque
1939 345 1981 379 ad
2004 346 2093 380 Defi-

1213 391 1338 425 derium
1351 391 1517 426 Abbatem
1540 391 1761 427 Casfinensem
1784 404 1792 424 :
1821 395 1978 427 Dominam
2001 399 2093 439 Agne-

1211 450 1272 475 tem
1292 446 1513 484 Imperatricem
1525 465 1537 482 ,
1561 442 1701 477 Henrici
1722 443 1828 486 quarti
1847 454 1982 479 matrem
2007 469 2019 485 ‚
2052 456 2093 479 ex

1212 490 1308 532 nostra
1327 499 1419 535 parte
1430 490 1554 535 saluta,
1579 494 1616 527 θ
1635 501 1779 536 quantum
1800 505 1872 537 erga
1889 506 1942 527 nos
1963 494 2094 528 dile-Hio-

1211 547 1259 574 nis
1285 541 1445 584 babuerit,
1471 553 1548 577 nunc
1570 552 1603 576 ut
1627 543 1782 585 ostendat,
1804 544 1934 587 fideliter
1960 543 2093 588 obsecra..

1213 591 1410 636 Gregorium
1444 593 1610 638 Magnum
1647 595 1793 628 imitatus
1828 594 1990 640 efflagitat
2008 620 2020 636 ,
2055 604 2093 628 ut

1212 642 1351 687 Regiam
1375 643 1423 676 sui
1457 643 1598 686 Papatus
1622 643 1908 679 confirmationem
1940 644 2094 690 Augusta

1210 693 1400 737 dignaretur
1423 692 1579 736 impedire
1602 719 1610 726 .
1645 694 1852 741 Qapropter
1887 695 1991 737 ipsum
2028 695 2094 728 sine

1211 743 1267 777 tali
1288 744 1540 777 confirmatione
1559 743 1652 778 fuisse
1662 745 1904 785 consecratum,
1931 745 1966 778 &
1985 744 2020 776 in
2031 744 2094 778 suis

1211 793 1339 827 famofis
1361 793 1479 828 libellis
1501 793 1685 828 Cardinalis
1706 794 1845 835 Benno,
1870 794 1904 827 &
1930 794 1966 827 in
1992 792 2096 827 Brixi-

1211 844 1300 877 nenfi
1326 843 1508 879 Conventu
1531 844 1606 879 Rex
1627 844 1795 878 Henricus
1814 844 2015 879 mendaciter
2034 844 2094 877 fin-

1211 905 1326 928 xerunt
1344 919 1350 926 .
1378 893 1431 928 Ex
1457 894 1528 938 ipsis
1547 894 1687 929 eundem
1708 906 1849 929 errorem
1871 893 1978 929 hau-fit
1998 893 2093 928 Otho

1213 944 1391 989 Episcopus
1414 945 1641 990 Frisingenfis.
1678 946 1716 979 In
1739 945 1911 989 reprobam
1931 945 2010 978 varii
2034 944 2094 978 cri·
2108 935 2139 966 ¹3·
2160 938 2187 965 ⁶·
2215 943 2242 965 C·

1210 995 1310 1029 minis
1333 1005 1478 1029 mentem
1502 995 1611 1038 postea
1643 995 1736 1029 datus
1761 995 1928 1029 Henricus
1958 995 2033 1028 Rex
2051 993 2092 1028 ad
2110 985 2122 1012 3
2130 987 2155 1004 ²⁸
2191 984 2237 1015 ³3¹

1211 1055 1380 1089 paternum
1411 1044 1608 1080 nominandi
1631 1045 1806 1079 pontificis
1828 1044 2034 1089 privilegium
2046 1055 2093 1077 re-

1209 1095 1279 1129 dire
1299 1094 1404 1130 voluit
1427 1120 1437 1135 ,
1475 1095 1867 1139 GuibertumRavennae
1893 1095 2092 1138 Episcopum

1210 1145 1394 1179 subintrufit
1407 1145 1573 1190 Gregorio
1585 1170 1596 1186 ,
1617 1155 1715 1189 atque
1733 1145 1778 1180 ita
1797 1145 1979 1180 miserabile
2001 1142 2093 1178 schis-

1209 1206 1261 1229 ma
1284 1196 1318 1228 in
1332 1194 1469 1231 Ecclesia
1491 1195 1673 1230 suscitavit.
1700 1196 1793 1230 lllius
1812 1197 1892 1230 item
1905 1196 1992 1230 filius
2002 1194 2095 1228 Hen-

1212 1247 1294 1280 ricus
1316 1247 1451 1289 quintus
1478 1245 1523 1280 ob
1545 1246 1643 1280 laicas
1663 1246 1863 1280 Antistitum
1887 1246 2093 1279 investituras

1212 1294 1370 1330 horrende
1390 1296 1520 1330 vexavit
1553 1296 1740 1332 Romanam
1764 1295 1938 1329 Ecclesiam
1953 1319 1963 1327 .
1999 1293 2093 1327 Alias

1211 1356 1342 1388 quoque
1361 1355 1437 1378 cum
1459 1345 1525 1387 ipsa
1552 1345 1626 1379 lites
1640 1344 1824 1379 habuerunt
1837 1344 2023 1379 Fredericus
2033 1344 2095 1387 pri-

1212 1405 1307 1434 mus,
1327 1393 1492 1427 Henricus
1512 1394 1644 1431 sextus,
1667 1392 1763 1427 Otho
1781 1403 1930 1436 quartus,
1968 1392 2095 1436 Philip-

1212 1455 1292 1487 pus,
1320 1442 1511 1477 Fredericus
1530 1442 1711 1476 secundus.-
1737 1442 1818 1478 Non
1845 1444 1908 1477 fuit
1919 1453 1982 1485 pax
1994 1442 2095 1485 usque

1210 1492 1251 1525 ad
1275 1492 1484 1525 Austriacum
1495 1491 1668 1534 imperium
1680 1491 1977 1535 Rudolphiprimi.
2001 1491 2096 1525 Hinc

1211 1540 1346 1583 praesens
1365 1539 1383 1574 a
1407 1539 1552 1574 Nicolao
1585 1540 1729 1574 secundo
1748 1540 1863 1574 datum
1884 1539 2093 1585 privilegium

1212 1590 1245 1624 in
1273 1589 1414 1624 Henrici
1436 1590 1543 1632 quarti
1565 1591 1698 1634 persona
1711 1590 1774 1624 fuit
1784 1590 2002 1631 exstinetam,
2023 1591 2095 1624 nul-

1212 1641 1299 1684 lique
1331 1639 1485 1683 deinceps
1515 1639 1667 1684 Augusto
1701 1639 1849 1684 Principi
1883 1640 2070 1675 concessum
2084 1665 2093 1673 .

1209 1690 1258 1724 lta
1280 1690 1434 1724 Romana
1455 1690 1596 1725 Ecclesia
1618 1701 1673 1734 per
1684 1691 1883 1735 Gregorium
1895 1691 2068 1734 septimum
2081 1714 2094 1731 ,

1210 1747 1353 1773 attamen
1377 1750 1444 1773 non
1469 1750 1524 1782 per
1544 1740 1613 1783 ejus
1634 1763 1645 1779 ‚
1674 1751 1710 1775 ut
1742 1749 1835 1783 putat
1863 1738 1959 1774 Otho
1979 1740 2096 1773 Frisiu-

1210 1789 1337 1833 gensis,
1364 1788 1666 1829 consecrationem,
1692 1788 1746 1824 sed
1768 1801 1823 1832 per
1845 1789 1913 1831 ejus
1933 1789 1975 1823 ab
2000 1789 2094 1822 Hen-

1209 1840 1278 1873 rico
1296 1848 1413 1882 quarto
1432 1840 1692 1883 presecutiones‚
1716 1839 1832 1874 duram
1847 1839 1947 1885 Regii
1957 1839 2093 1874 consen·

1210 1890 1260 1923 sus
1288 1889 1475 1924 servitutem
1495 1891 1596 1924 evasit
1609 1915 1616 1923 .

1261 1939 1341 1972 Haec
1362 1939 1403 1973 de
1425 1940 1578 1975 Henrico
1607 1941 1699 1985 Rege
1719 1939 1812 1974 verba
1826 1964 1837 1980 ,
1864 1943 1903 1972 In
1915 1938 2091 1982 pra-semla-

1208 2000 1273 2021 rum
1292 1991 1358 2022 Rex
1385 1989 1512 2023 habetur
1526 2013 1537 2030 ,
1564 1992 1598 2024 (ς
1612 1990 1739 2032 futurus
1759 1995 1922 2032 Imperator
1927 1988 2087 2033 speratur,

1208 2038 1384 2073 ostendunt
1406 2040 1553 2074 Romani
1577 2039 1709 2083 Imperii
1734 2040 1884 2074 Elestum
1897 2064 1909 2080 ,
1928 2039 2004 2073 ante
2023 2051 2091 2083 per-

1208 2098 1335 2132 ceptam
1357 2089 1375 2123 a
1397 2089 1554 2124 Romano
1577 2088 1742 2124 Pontifice
1762 2091 1949 2123 unctionem
1971 2090 2005 2123 δε
2024 2090 2092 2124 Co-

1209 2149 1324 2171 ronam
1338 2162 1349 2177 ,
1374 2141 1484 2173 vocari
1505 2138 1677 2174 dumtaxat
1689 2140 1920 2174 Romanorum
1941 2140 2067 2183 Regem
2078 2164 2091 2181 ,

1211 2197 1277 2220 non
1303 2186 1493 2231 Augustum
1507 2210 1517 2227 ,
1538 2198 1595 2222 aut
1607 2188 1858 2231 Imperatorem.
1884 2188 1989 2235 Qod
2008 2189 2091 2221 olim

1210 2247 1278 2269 non
1305 2238 1337 2270 se
1358 2236 1591 2271 Romanorum
1614 2239 1744 2283 Reges,
1767 2239 1821 2272 sed
1834 2238 2018 2281 simpliciter
2029 2238 2094 2272 Re-

1208 2296 1265 2328 ges
1284 2309 1294 2325 ,
1321 2295 1377 2318 aut
1398 2286 1483 2319 certe
1511 2287 1711 2319 Francorum
1733 2298 1771 2320 ac
1794 2287 2091 2329 Longobardorum

1210 2335 1318 2378 Reges
1339 2334 1501 2368 titulat-int
1523 2333 1574 2367 isti
1588 2334 1687 2367 Elem
1701 2359 1711 2374 ‚
1738 2346 1780 2367 ex
1793 2335 1935 2377 quodam
1949 2335 2090 2370 Henrici

1208 2383 1314 2417 saneti
1339 2383 1518 2426 diplomate
1541 2384 1698 2418 monstrat
1721 2384 1755 2416 in
1766 2383 1913 2427 operede
1925 2386 2089 2430 Regniac

1212 2433 1340 2477 Imperii
1360 2433 1484 2476 juribus
1515 2433 1687 2475 Lupoldus
1721 2433 1965 2479 Bambergensis
1986 2460 1994 2467 .
2030 2436 2088 2470 Est

1208 2495 1269 2518 con
1276 2482 1408 2517 suetudo
1419 2484 1637 2526 antiquissima
1651 2508 1658 2515 .
1687 2484 1818 2517 Etenim
1830 2484 1870 2517 de
1882 2485 2005 2518 Carolo
2016 2485 2090 2520 Ma·

1207 2546 1276 2578 gno
1300 2558 1310 2573 ,
1337 2533 1400 2576 jam
1429 2535 1629 2568 Francorum
1650 2546 1687 2567 ac
1709 2533 2007 2578 Longobardorum
2023 2535 2090 2569 Re-

1208 2595 1248 2628 ge
1271 2609 1282 2624 ‚
1320 2584 1427 2617 scribit
1451 2582 1635 2627 sigebertus
1656 2582 1898 2617 Gemblacenfis
1916 2609 1924 2616 .
1960 2588 2089 2618 Romani

1207 2635 1312 2666 Carolo
1337 2638 1410 2677 Regi
1420 2639 1632 2675 Imperatorias
1643 2633 1747 2667 laudes
1761 2635 1941 2672 acclamant,
1969 2646 2088 2678 eumque

1203 2693 1257 2725 per·
1280 2695 1401 2716 manum
1427 2688 1534 2716 Leonis
1559 2687 1655 2725 Papae
1676 2692 1837 2723 coronant,
1879 2682 2029 2726 Caesarem
2055 2687 2090 2719 θ

1208 2734 1362 2777 Augustum
1379 2736 1555 2776 appellant3
1579 2737 1742 2776 Pippinum
1762 2737 1834 2767 vero
1854 2734 2020 2776 ejusfilium
2030 2739 2090 2769 Re-

1201 2796 1270 2827 gem
1293 2785 1392 2817 Italiae
1407 2786 1597 2824 ordinatum,
1619 2786 1739 2826 ideoque
1761 2785 1796 2817 (ν
1801 2782 1856 2827 suo
1868 2792 1995 2825 tempore
1998 2785 2090 2827 futu-

1207 2846 1274 2866 rum
1299 2838 1510 2876 Imperatorem
1529 2835 1717 2867 collaudant.
1747 2834 1789 2867 Et
1808 2832 1848 2868 de
1859 2834 2023 2868 Ludovici
2035 2835 2088 2869 Pii

1210 2885 1417 2926 Imperatoris
1442 2884 1549 2918 adhuc
1573 2885 1711 2918 viventis
1733 2885 1805 2918 filio
1825 2909 1835 2922 ,
1867 2883 1931 2926 jam
1952 2886 2088 2929 Longo-

1211 2934 1383 2969 bardorum
1398 2935 1510 2979 Rege,
1537 2933 1714 2968 Lothario:
1748 2933 1936 2967 Lothariusci
1950 2933 2087 2977 Paschalt

1215 2987 1300 3025 Papa
1321 2983 1502 3028 consecratus
1526 2987 1673 3016 Coronam
1693 2987 1810 3027 Regni,
1837 2987 1871 3017 &
1895 2989 2087 3026 Imperatoru-

1214 3043 1301 3077 atque
1325 3034 1439 3078 Augusti
1459 3045 1562 3067 nomen
1580 3042 1708 3075 accepit.
1733 3034 1774 3067 Et
1785 3034 1826 3067 de
1839 3034 1910 3068 filio
1924 3033 2017 3076 hujus
2028 3035 2095 3068 Lu·

1214 3084 1332 3124 dovico
1355 3099 1366 3117 .·
1407 3086 1574 3117 Ludovicus
1593 3085 1673 3126 filius
1696 3089 1886 3125 Imperatoris
1916 3084 2051 3117 Lotharii
2070 3085 2096 3115 ὰ

1216 3137 1308 3177 Sergio
1326 3133 1454 3177 secundo
1475 3137 1564 3175 Papa
1585 3141 1617 3167 in
1639 3138 1745 3177 Regem
1757 3134 2013 3177 Longobardorum
2038 3144 2092 3165 un-

1216 3185 1279 3218 Hus
1304 3184 1358 3224 est.
1384 3185 1432 3217 lta
1458 3184 1553 3216 futuri
1577 3185 1708 3227 Imperii
1729 3183 1776 3226 jus
1799 3183 1923 3226 accepit
1949 3207 1955 3214 .
1987 3183 2028 3215 Et
2048 3180 2092 3215 de

1218 3234 1354 3271 Othone
1374 3234 1481 3277 primo
1502 3231 1606 3268 adhuc
1615 3235 1786 3268 dumtaxat
1798 3234 1890 3276 Rege
1903 3231 2015 3265 Abbas
2026 3231 2092 3264 Re-

1218 3285 1295 3331 gino
1316 3297 1322 3316 :
1347 3289 1414 3317 Rex
1427 3287 1527 3316 Romae
1532 3284 1748 3324 favorabiliter
1754 3281 1903 3326 fiifieptus
1917 3306 1927 3320 ‚
1948 3283 2092 3314 acclama-

1218 3342 1296 3369 tione
1316 3340 1408 3366 totius
1432 3336 1561 3366 Romani
1577 3337 1677 3376 populi
1699 3334 1823 3367 &clm
1837 3353 1847 3368 ,
1878 3331 1916 3363 ab
1940 3331 2092 3373 Apostolico

1212 3390 1337 3431 Joanne
1352 3388 1517 3426 Imperator
1535 3386 1570 3418 Θ
1582 3384 1720 3428 Augustus
1732 3389 1849 3414 vocatur
1862 3382 1895 3414 ἕο·
1915 3383 2071 3413 ordinatur
2084 3408 2088 3413 .

1222 3436 1264 3470 Et
1275 3434 1315 3471 de
1325 3433 1391 3480 ejus
1402 3433 1470 3468 filio
1480 3433 1616 3470 Othone
1627 3431 1768 3469 secundo
1778 3429 2091 3515 Lambertusgchaf-

1933 3491 1973 3515 na
2000 3492 2047 3515 ur·

2107 1027 2153 1053 34·

2111 2466 2139 2495 [-
2162 2475 2193 2502 ἲς

2110 2660 2142 2687 A.
2173 2660 2240 2690 801,

2113 3039 2168 3066 ΑΙ.
2200 3041 2275 3073 823&

2111 3228 2168 3257 An.
2201 3230 2270 3263 84¹·

2113 3345 2167 3373 An.
2183 3346 2250 3379 961..
