<?xml version="1.0" encoding="UTF-8"?>
<!DOCTYPE html PUBLIC "-//W3C//DTD XHTML 1.0 Transitional//EN"
    "http://www.w3.org/TR/xhtml1/DTD/xhtml1-transitional.dtd">
<html xmlns="http://www.w3.org/1999/xhtml" xml:lang="en" lang="en">
 <head>
  <title>
</title>
<meta http-equiv="Content-Type" content="text/html;charset=utf-8" />
  <meta name='ocr-system' content='tesseract 3.04.00' />
  <meta name='ocr-capabilities' content='ocr_page ocr_carea ocr_par ocr_line ocrx_word'/>
</head>
<body>
  <div class='ocr_page' id='page_1' title='image "./operaomniastudio05lupuuoft_0314.png"; bbox 0 0 2366 3756; ppageno 0'>
   <div class='ocr_carea' id='block_1_1' title="bbox 257 107 1159 1026">
    <p class='ocr_par' dir='ltr' id='par_1_1' title="bbox 257 107 1159 1026">
     <span class='ocr_line' id='line_1_1' title="bbox 329 107 431 154; baseline 0.01 -1"><span class='ocrx_word' id='word_1_1' title='bbox 329 111 349 153; x_wconf 85' lang='lat'>3</span> <span class='ocrx_word' id='word_1_2' title='bbox 362 112 388 140; x_wconf 89' lang='lat'><em>0</em></span> <span class='ocrx_word' id='word_1_3' title='bbox 398 107 431 154; x_wconf 88' lang='lat'><strong>4</strong></span> 
     </span>
     <span class='ocr_line' id='line_1_2' title="bbox 258 169 1156 219; baseline -0.01 -7"><span class='ocrx_word' id='word_1_4' title='bbox 258 176 430 212; x_wconf 63' lang='lat' dir='ltr'>tractando</span> <span class='ocrx_word' id='word_1_5' title='bbox 451 173 573 219; x_wconf 80' lang='lat' dir='ltr'>judicio</span> <span class='ocrx_word' id='word_1_6' title='bbox 599 171 704 205; x_wconf 78' lang='lat' dir='ltr'>adeffe</span> <span class='ocrx_word' id='word_1_7' title='bbox 727 171 772 204; x_wconf 86' lang='lat' dir='ltr'>est</span> <span class='ocrx_word' id='word_1_8' title='bbox 786 170 938 213; x_wconf 83' lang='lat' dir='ltr'>Majestas</span> <span class='ocrx_word' id='word_1_9' title='bbox 952 171 1052 205; x_wconf 87' lang='lat' dir='ltr'>solius</span> <span class='ocrx_word' id='word_1_10' title='bbox 1065 169 1156 213; x_wconf 86' lang='lat' dir='ltr'>Apo·</span> 
     </span>
     <span class='ocr_line' id='line_1_3' title="bbox 258 219 1155 262; baseline -0.009 -1"><span class='ocrx_word' id='word_1_11' title='bbox 258 227 380 262; x_wconf 82' lang='lat' dir='ltr'>stolicae</span> <span class='ocrx_word' id='word_1_12' title='bbox 406 226 513 262; x_wconf 81' lang='lat' dir='ltr'>Sedis.</span> <span class='ocrx_word' id='word_1_13' title='bbox 540 221 633 255; x_wconf 89' lang='lat' dir='ltr'>Hinc</span> <span class='ocrx_word' id='word_1_14' title='bbox 659 219 748 255; x_wconf 81' lang='lat' dir='ltr'>enim</span> <span class='ocrx_word' id='word_1_15' title='bbox 776 221 866 257; x_wconf 87' lang='lat' dir='ltr'>idem</span> <span class='ocrx_word' id='word_1_16' title='bbox 894 221 950 255; x_wconf 87' lang='lat' dir='ltr'>ille</span> <span class='ocrx_word' id='word_1_17' title='bbox 971 222 1155 256; x_wconf 83' lang='lat' dir='ltr'>Dioscorus</span> 
     </span>
     <span class='ocr_line' id='line_1_4' title="bbox 258 269 1154 321; baseline -0.01 -9"><span class='ocrx_word' id='word_1_18' title='bbox 258 276 461 321; x_wconf 86' lang='lat' dir='ltr'>Ephefinum</span> <span class='ocrx_word' id='word_1_19' title='bbox 472 271 666 307; x_wconf 86' lang='lat' dir='ltr'>Concilium</span> <span class='ocrx_word' id='word_1_20' title='bbox 679 269 860 306; x_wconf 86' lang='lat' dir='ltr'>demutavit</span> <span class='ocrx_word' id='word_1_21' title='bbox 873 272 906 306; x_wconf 89' lang='lat' dir='ltr'>in</span> <span class='ocrx_word' id='word_1_22' title='bbox 933 272 1154 307; x_wconf 84' lang='lat' dir='ltr'>latrocinium:</span> 
     </span>
     <span class='ocr_line' id='line_1_5' title="bbox 259 321 1157 375; baseline -0.008 -13"><span class='ocrx_word' id='word_1_23' title='bbox 259 328 366 375; x_wconf 74' lang='lat' dir='ltr'>Qod</span> <span class='ocrx_word' id='word_1_24' title='bbox 378 323 495 368; x_wconf 72' lang='lat' dir='ltr'>nempe</span> <span class='ocrx_word' id='word_1_25' title='bbox 503 321 625 368; x_wconf 85' lang='lat' dir='ltr'>Magni</span> <span class='ocrx_word' id='word_1_26' title='bbox 635 322 759 359; x_wconf 89' lang='lat' dir='ltr'>Leonis</span> <span class='ocrx_word' id='word_1_27' title='bbox 772 348 783 365; x_wconf 83' lang='lat'><em>‚</em></span> <span class='ocrx_word' id='word_1_28' title='bbox 806 333 977 367; x_wconf 79' lang='lat' dir='ltr'>tamquam</span> <span class='ocrx_word' id='word_1_29' title='bbox 989 333 1044 367; x_wconf 89' lang='lat' dir='ltr'>per</span> <span class='ocrx_word' id='word_1_30' title='bbox 1054 323 1157 366; x_wconf 80' lang='lat' dir='ltr'>Euty-</span> 
     </span>
     <span class='ocr_line' id='line_1_6' title="bbox 259 373 1156 419; baseline -0.007 -7"><span class='ocrx_word' id='word_1_31' title='bbox 259 377 365 412; x_wconf 80' lang='lat' dir='ltr'>chctis</span> <span class='ocrx_word' id='word_1_32' title='bbox 376 374 635 419; x_wconf 78' lang='lat' dir='ltr'>appellationem</span> <span class='ocrx_word' id='word_1_33' title='bbox 651 373 772 407; x_wconf 86' lang='lat' dir='ltr'>excuffi</span> <span class='ocrx_word' id='word_1_34' title='bbox 794 374 829 408; x_wconf 75' lang='grc' dir='ltr'>δε</span> <span class='ocrx_word' id='word_1_35' title='bbox 851 374 992 418; x_wconf 75' lang='lat' dir='ltr'>suspensi</span> <span class='ocrx_word' id='word_1_36' title='bbox 1013 373 1132 417; x_wconf 85' lang='lat' dir='ltr'>judicis</span> <span class='ocrx_word' id='word_1_37' title='bbox 1145 397 1156 413; x_wconf 91' lang='lat'>,</span> 
     </span>
     <span class='ocr_line' id='line_1_7' title="bbox 258 423 1156 471; baseline -0.003 -10"><span class='ocrx_word' id='word_1_38' title='bbox 258 426 431 471; x_wconf 75' lang='lat' dir='ltr'>Legatosa</span> <span class='ocrx_word' id='word_1_39' title='bbox 445 423 605 467; x_wconf 87' lang='lat' dir='ltr'>Synodali</span> <span class='ocrx_word' id='word_1_40' title='bbox 616 424 815 467; x_wconf 80' lang='lat' dir='ltr'>praefidentia</span> <span class='ocrx_word' id='word_1_41' title='bbox 827 425 1028 460; x_wconf 81' lang='lat' dir='ltr'>exclusisset.</span> <span class='ocrx_word' id='word_1_42' title='bbox 1045 423 1156 458; x_wconf 87' lang='lat' dir='ltr'>Etiam</span> 
     </span>
     <span class='ocr_line' id='line_1_8' title="bbox 262 473 1156 521; baseline -0.004 -10"><span class='ocrx_word' id='word_1_43' title='bbox 262 478 409 521; x_wconf 81' lang='lat' dir='ltr'>priorum</span> <span class='ocrx_word' id='word_1_44' title='bbox 424 487 461 510; x_wconf 84' lang='lat' dir='ltr'>ac</span> <span class='ocrx_word' id='word_1_45' title='bbox 474 486 639 510; x_wconf 89' lang='lat' dir='ltr'>novorum</span> <span class='ocrx_word' id='word_1_46' title='bbox 647 474 795 515; x_wconf 89' lang='lat' dir='ltr'>judicum</span> <span class='ocrx_word' id='word_1_47' title='bbox 805 486 860 519; x_wconf 85' lang='lat' dir='ltr'>par</span> <span class='ocrx_word' id='word_1_48' title='bbox 869 485 1023 510; x_wconf 89' lang='lat' dir='ltr'>numerus</span> <span class='ocrx_word' id='word_1_49' title='bbox 1036 473 1076 508; x_wconf 91' lang='lat' dir='ltr'>ad</span> <span class='ocrx_word' id='word_1_50' title='bbox 1088 484 1156 509; x_wconf 88' lang='lat' dir='ltr'>rem</span> 
     </span>
     <span class='ocr_line' id='line_1_9' title="bbox 259 524 1158 561; baseline -0.003 0"><span class='ocrx_word' id='word_1_51' title='bbox 259 527 317 561; x_wconf 85' lang='lat' dir='ltr'>hic</span> <span class='ocrx_word' id='word_1_52' title='bbox 338 538 409 561; x_wconf 85' lang='lat' dir='ltr'>non</span> <span class='ocrx_word' id='word_1_53' title='bbox 432 526 512 561; x_wconf 88' lang='lat' dir='ltr'>facit</span> <span class='ocrx_word' id='word_1_54' title='bbox 525 550 532 557; x_wconf 93' lang='lat'>.</span> <span class='ocrx_word' id='word_1_55' title='bbox 560 526 740 561; x_wconf 83' lang='lat' dir='ltr'>Praesertim</span> <span class='ocrx_word' id='word_1_56' title='bbox 765 526 845 560; x_wconf 90' lang='lat' dir='ltr'>dum</span> <span class='ocrx_word' id='word_1_57' title='bbox 858 526 996 560; x_wconf 75' lang='lat' dir='ltr'>adfixerit</span> <span class='ocrx_word' id='word_1_58' title='bbox 1009 526 1027 559; x_wconf 69' lang='grc' dir='ltr'>ὸ.</span> <span class='ocrx_word' id='word_1_59' title='bbox 1044 524 1158 561; x_wconf 82' lang='lat' dir='ltr'>Ponti·</span> 
     </span>
     <span class='ocr_line' id='line_1_10' title="bbox 259 574 1158 622; baseline -0.002 -11"><span class='ocrx_word' id='word_1_60' title='bbox 259 577 330 611; x_wconf 78' lang='lat' dir='ltr'>ficis</span> <span class='ocrx_word' id='word_1_61' title='bbox 352 577 451 611; x_wconf 86' lang='lat' dir='ltr'>latere</span> <span class='ocrx_word' id='word_1_62' title='bbox 474 578 618 622; x_wconf 89' lang='lat' dir='ltr'>Legatus</span> <span class='ocrx_word' id='word_1_63' title='bbox 643 575 837 620; x_wconf 81' lang='lat' dir='ltr'>Presbyter.</span> <span class='ocrx_word' id='word_1_64' title='bbox 866 576 977 620; x_wconf 81' lang='lat' dir='ltr'>Hujus</span> <span class='ocrx_word' id='word_1_65' title='bbox 1001 574 1090 610; x_wconf 88' lang='lat' dir='ltr'>enim</span> <span class='ocrx_word' id='word_1_66' title='bbox 1104 587 1158 610; x_wconf 89' lang='lat' dir='ltr'>au—</span> 
     </span>
     <span class='ocr_line' id='line_1_11' title="bbox 261 625 1158 672; baseline -0.003 -10"><span class='ocrx_word' id='word_1_67' title='bbox 261 627 444 663; x_wconf 62' lang='lat' dir='ltr'>{toritatem</span> <span class='ocrx_word' id='word_1_68' title='bbox 453 627 593 672; x_wconf 82' lang='lat' dir='ltr'>exponit</span> <span class='ocrx_word' id='word_1_69' title='bbox 606 625 769 662; x_wconf 73' lang='lat' dir='ltr'>in&#39;litteris</span> <span class='ocrx_word' id='word_1_70' title='bbox 781 627 822 662; x_wconf 90' lang='lat' dir='ltr'>ad</span> <span class='ocrx_word' id='word_1_71' title='bbox 835 626 1041 662; x_wconf 81' lang='lat' dir='ltr'>Anastafium</span> <span class='ocrx_word' id='word_1_72' title='bbox 1053 626 1158 661; x_wconf 85' lang='lat' dir='ltr'>Thes-</span> 
     </span>
     <span class='ocr_line' id='line_1_12' title="bbox 260 676 1157 722; baseline -0.001 -11"><span class='ocrx_word' id='word_1_73' title='bbox 260 676 499 713; x_wconf 83' lang='lat' dir='ltr'>salonicensem</span> <span class='ocrx_word' id='word_1_74' title='bbox 525 677 749 721; x_wconf 87' lang='lat' dir='ltr'>Episcopum,</span> <span class='ocrx_word' id='word_1_75' title='bbox 776 678 870 713; x_wconf 87' lang='lat' dir='ltr'>suum</span> <span class='ocrx_word' id='word_1_76' title='bbox 890 679 926 712; x_wconf 91' lang='lat' dir='ltr'>in</span> <span class='ocrx_word' id='word_1_77' title='bbox 951 677 1087 722; x_wconf 88' lang='lat' dir='ltr'>Illyrico</span> <span class='ocrx_word' id='word_1_78' title='bbox 1099 677 1157 711; x_wconf 88' lang='lat' dir='ltr'>Vi·</span> 
     </span>
     <span class='ocr_line' id='line_1_13' title="bbox 264 726 1158 772; baseline -0.003 -10"><span class='ocrx_word' id='word_1_79' title='bbox 264 728 387 762; x_wconf 86' lang='lat' dir='ltr'>carium</span> <span class='ocrx_word' id='word_1_80' title='bbox 401 753 412 769; x_wconf 93' lang='lat'>,</span> <span class='ocrx_word' id='word_1_81' title='bbox 441 727 590 772; x_wconf 83' lang='lat' dir='ltr'>Magnus</span> <span class='ocrx_word' id='word_1_82' title='bbox 614 728 708 762; x_wconf 93' lang='lat' dir='ltr'>Leo:</span> <span class='ocrx_word' id='word_1_83' title='bbox 734 730 766 761; x_wconf 69' lang='lat'>52</span> <span class='ocrx_word' id='word_1_84' title='bbox 784 726 818 762; x_wconf 76' lang='lat' dir='ltr'>in</span> <span class='ocrx_word' id='word_1_85' title='bbox 838 740 891 769; x_wconf 84' lang='lat' dir='ltr'>eo,</span> <span class='ocrx_word' id='word_1_86' title='bbox 916 730 998 772; x_wconf 83' lang='lat' dir='ltr'>quod</span> <span class='ocrx_word' id='word_1_87' title='bbox 1016 726 1158 769; x_wconf 79' lang='lat' dir='ltr'>cumfra-</span> 
     </span>
     <span class='ocr_line' id='line_1_14' title="bbox 261 775 1158 821; baseline 0.001 -11"><span class='ocrx_word' id='word_1_88' title='bbox 261 778 358 811; x_wconf 76' lang='lat' dir='ltr'>tribus</span> <span class='ocrx_word' id='word_1_89' title='bbox 370 777 568 812; x_wconf 56' lang='lat' dir='ltr'>tractandum</span> <span class='ocrx_word' id='word_1_90' title='bbox 579 776 823 820; x_wconf 72' lang='lat' dir='ltr'>definiendumve</span> <span class='ocrx_word' id='word_1_91' title='bbox 833 780 998 814; x_wconf 69' lang='lat' dir='ltr'>credideris</span> <span class='ocrx_word' id='word_1_92' title='bbox 1008 803 1020 819; x_wconf 92' lang='lat'>‚</span> <span class='ocrx_word' id='word_1_93' title='bbox 1034 775 1158 821; x_wconf 80' lang='lat' dir='ltr'>diversa</span> 
     </span>
     <span class='ocr_line' id='line_1_15' title="bbox 261 827 1159 873; baseline -0.002 -10"><span class='ocrx_word' id='word_1_94' title='bbox 261 840 362 863; x_wconf 80' lang='lat' dir='ltr'>eorum</span> <span class='ocrx_word' id='word_1_95' title='bbox 368 827 466 869; x_wconf 76' lang='lat' dir='ltr'>fuerit</span> <span class='ocrx_word' id='word_1_96' title='bbox 479 830 500 861; x_wconf 80' lang='grc' dir='ltr'><em>ἂ</em></span> <span class='ocrx_word' id='word_1_97' title='bbox 512 837 566 863; x_wconf 86' lang='lat' dir='ltr'>tua</span> <span class='ocrx_word' id='word_1_98' title='bbox 577 830 733 864; x_wconf 79' lang='lat' dir='ltr'>voluntate</span> <span class='ocrx_word' id='word_1_99' title='bbox 743 828 891 873; x_wconf 81' lang='lat' dir='ltr'>sententia</span> <span class='ocrx_word' id='word_1_100' title='bbox 902 854 914 870; x_wconf 92' lang='lat'>,</span> <span class='ocrx_word' id='word_1_101' title='bbox 940 830 985 863; x_wconf 82' lang='lat' dir='ltr'>ad</span> <span class='ocrx_word' id='word_1_102' title='bbox 994 839 1048 861; x_wconf 87' lang='lat' dir='ltr'>nos</span> <span class='ocrx_word' id='word_1_103' title='bbox 1059 833 1159 861; x_wconf 72' lang='lat' dir='ltr'>omnia</span> 
     </span>
     <span class='ocr_line' id='line_1_16' title="bbox 257 876 1156 923; baseline 0.002 -12"><span class='ocrx_word' id='word_1_104' title='bbox 257 877 313 923; x_wconf 88' lang='lat' dir='ltr'>sub</span> <span class='ocrx_word' id='word_1_105' title='bbox 342 878 490 919; x_wconf 65' lang='lat' dir='ltr'>Gestorum</span> <span class='ocrx_word' id='word_1_106' title='bbox 513 878 714 922; x_wconf 70' lang='lat' dir='ltr'>testificatione</span> <span class='ocrx_word' id='word_1_107' title='bbox 738 879 909 921; x_wconf 79' lang='lat' dir='ltr'>referantur</span> <span class='ocrx_word' id='word_1_108' title='bbox 934 904 946 922; x_wconf 87' lang='lat'>‚</span> <span class='ocrx_word' id='word_1_109' title='bbox 982 886 1016 913; x_wconf 86' lang='lat' dir='ltr'>ut</span> <span class='ocrx_word' id='word_1_110' title='bbox 1038 876 1156 913; x_wconf 75' lang='lat' dir='ltr'>remotis</span> 
     </span>
     <span class='ocr_line' id='line_1_17' title="bbox 262 929 1156 973; baseline 0.002 -12"><span class='ocrx_word' id='word_1_111' title='bbox 262 929 514 973; x_wconf 78' lang='lat' dir='ltr'>ambiguitatibus</span> <span class='ocrx_word' id='word_1_112' title='bbox 541 954 553 971; x_wconf 90' lang='lat'>,</span> <span class='ocrx_word' id='word_1_113' title='bbox 580 931 660 972; x_wconf 82' lang='lat' dir='ltr'>quod</span> <span class='ocrx_word' id='word_1_114' title='bbox 682 931 744 964; x_wconf 86' lang='lat' dir='ltr'>Deo</span> <span class='ocrx_word' id='word_1_115' title='bbox 766 931 888 973; x_wconf 83' lang='lat' dir='ltr'>placeat</span> <span class='ocrx_word' id='word_1_116' title='bbox 913 954 926 972; x_wconf 91' lang='lat'>‚</span> <span class='ocrx_word' id='word_1_117' title='bbox 960 930 1136 965; x_wconf 78' lang='lat' dir='ltr'><em>decernatur</em></span> <span class='ocrx_word' id='word_1_118' title='bbox 1148 955 1156 963; x_wconf 88' lang='lat'><em>.</em></span> 
     </span>
     <span class='ocr_line' id='line_1_18' title="bbox 259 979 1157 1026; baseline 0 -12"><span class='ocrx_word' id='word_1_119' title='bbox 259 980 329 1014; x_wconf 86' lang='lat' dir='ltr'>Suo</span> <span class='ocrx_word' id='word_1_120' title='bbox 339 979 379 1013; x_wconf 82' lang='lat' dir='ltr'>ad</span> <span class='ocrx_word' id='word_1_121' title='bbox 403 979 577 1023; x_wconf 87' lang='lat' dir='ltr'>Synodum</span> <span class='ocrx_word' id='word_1_122' title='bbox 590 981 720 1026; x_wconf 89' lang='lat' dir='ltr'>Legato</span> <span class='ocrx_word' id='word_1_123' title='bbox 755 980 909 1016; x_wconf 87' lang='lat' dir='ltr'>adfirmat</span> <span class='ocrx_word' id='word_1_124' title='bbox 918 981 982 1016; x_wconf 76' lang='lat' dir='ltr'>esse</span> <span class='ocrx_word' id='word_1_125' title='bbox 1000 980 1157 1024; x_wconf 78' lang='lat' dir='ltr'>aequalem</span> 
     </span>
    </p>
   </div>
   <div class='ocr_carea' id='block_1_2' title="bbox 260 1028 1156 1123">
    <p class='ocr_par' dir='ltr' id='par_1_2' title="bbox 260 1028 1156 1123">
     <span class='ocr_line' id='line_1_19' title="bbox 261 1028 1156 1078; baseline 0.003 -15"><span class='ocrx_word' id='word_1_126' title='bbox 261 1028 338 1063; x_wconf 72' lang='lat' dir='ltr'>cum</span> <span class='ocrx_word' id='word_1_127' title='bbox 360 1038 430 1063; x_wconf 86' lang='lat' dir='ltr'>tota</span> <span class='ocrx_word' id='word_1_128' title='bbox 451 1029 590 1073; x_wconf 88' lang='lat' dir='ltr'>Synodo</span> <span class='ocrx_word' id='word_1_129' title='bbox 613 1029 832 1076; x_wconf 88' lang='lat' dir='ltr'>potestatem,</span> <span class='ocrx_word' id='word_1_130' title='bbox 860 1044 899 1068; x_wconf 88' lang='lat' dir='ltr'>ac</span> <span class='ocrx_word' id='word_1_131' title='bbox 922 1030 1014 1075; x_wconf 71' lang='lat' dir='ltr'>aeque</span> <span class='ocrx_word' id='word_1_132' title='bbox 1036 1041 1156 1078; x_wconf 81' lang='lat' dir='ltr'>potens</span> 
     </span>
     <span class='ocr_line' id='line_1_20' title="bbox 260 1077 472 1123; baseline 0.009 -11"><span class='ocrx_word' id='word_1_133' title='bbox 260 1077 451 1123; x_wconf 82' lang='lat' dir='ltr'>suffragium</span> <span class='ocrx_word' id='word_1_134' title='bbox 463 1102 472 1113; x_wconf 82' lang='lat'><em>.</em></span> 
     </span>
    </p>
   </div>
   <div class='ocr_carea' id='block_1_3' title="bbox 83 759 203 837">
    <p class='ocr_par' dir='ltr' id='par_1_3' title="bbox 83 759 203 837">
     <span class='ocr_line' id='line_1_21' title="bbox 83 759 202 795; baseline -0.008 -8"><span class='ocrx_word' id='word_1_135' title='bbox 83 759 139 795; x_wconf 81' lang='lat' dir='ltr'>Ep.</span> <span class='ocrx_word' id='word_1_136' title='bbox 157 761 202 793; x_wconf 83' lang='lat'>84.</span> 
     </span>
     <span class='ocr_line' id='line_1_22' title="bbox 84 808 203 837; baseline -0.017 -7"><span class='ocrx_word' id='word_1_137' title='bbox 84 808 203 837; x_wconf 72' lang='lat' dir='ltr'>cup-11,</span> 
     </span>
    </p>
   </div>
   <div class='ocr_carea' id='block_1_4' title="bbox 362 1288 1047 1424">
    <p class='ocr_par' dir='ltr' id='par_1_4' title="bbox 362 1288 1047 1424">
     <span class='ocr_line' id='line_1_23' title="bbox 362 1288 1047 1358; baseline -0.004 -19"><span class='ocrx_word' id='word_1_138' title='bbox 362 1294 653 1339; x_wconf 79' lang='lat' dir='ltr'>Examinantur</span> <span class='ocrx_word' id='word_1_139' title='bbox 671 1288 803 1336; x_wconf 79' lang='lat' dir='ltr'>horum</span> <span class='ocrx_word' id='word_1_140' title='bbox 826 1289 1047 1358; x_wconf 75' lang='lat' dir='ltr'>dogmatum</span> 
     </span>
     <span class='ocr_line' id='line_1_24' title="bbox 557 1358 841 1424; baseline 0.011 -18"><span class='ocrx_word' id='word_1_141' title='bbox 557 1358 818 1424; x_wconf 73' lang='lat' dir='ltr'>fundamenta</span> <span class='ocrx_word' id='word_1_142' title='bbox 827 1396 841 1409; x_wconf 90' lang='lat'><strong>.</strong></span> 
     </span>
    </p>
   </div>
   <div class='ocr_carea' id='block_1_5' title="bbox 77 1477 1160 2732">
    <p class='ocr_par' dir='ltr' id='par_1_5' title="bbox 355 1477 1153 1525">
     <span class='ocr_line' id='line_1_25' title="bbox 355 1477 1153 1525; baseline -0.003 -8"><span class='ocrx_word' id='word_1_143' title='bbox 355 1479 477 1517; x_wconf 84' lang='lat' dir='ltr'>Omini</span> <span class='ocrx_word' id='word_1_144' title='bbox 489 1478 581 1515; x_wconf 85' lang='lat' dir='ltr'>Petri</span> <span class='ocrx_word' id='word_1_145' title='bbox 592 1477 634 1515; x_wconf 86' lang='lat' dir='ltr'>de</span> <span class='ocrx_word' id='word_1_146' title='bbox 647 1478 763 1516; x_wconf 85' lang='lat' dir='ltr'>Marca</span> <span class='ocrx_word' id='word_1_147' title='bbox 778 1481 920 1525; x_wconf 88' lang='lat' dir='ltr'>primum</span> <span class='ocrx_word' id='word_1_148' title='bbox 931 1492 990 1525; x_wconf 85' lang='lat' dir='ltr'>pro</span> <span class='ocrx_word' id='word_1_149' title='bbox 1004 1482 1153 1523; x_wconf 81' lang='lat' dir='ltr'>suprema</span> 
     </span>
    </p>

    <p class='ocr_par' dir='ltr' id='par_1_6' title="bbox 381 1529 1152 1577">
     <span class='ocr_line' id='line_1_26' title="bbox 381 1529 1152 1577; baseline -0.005 -11"><span class='ocrx_word' id='word_1_150' title='bbox 381 1541 482 1577; x_wconf 85' lang='lat' dir='ltr'>atque</span> <span class='ocrx_word' id='word_1_151' title='bbox 507 1529 736 1574; x_wconf 80' lang='lat' dir='ltr'>inappellabssi</span> <span class='ocrx_word' id='word_1_152' title='bbox 759 1530 1022 1565; x_wconf 82' lang='lat' dir='ltr'>Provinciallum</span> <span class='ocrx_word' id='word_1_153' title='bbox 1046 1531 1152 1572; x_wconf 88' lang='lat' dir='ltr'>Syno-</span> 
     </span>
    </p>

    <p class='ocr_par' dir='ltr' id='par_1_7' title="bbox 256 1580 1152 1626">
     <span class='ocr_line' id='line_1_27' title="bbox 256 1580 1152 1626; baseline -0.004 -11"><span class='ocrx_word' id='word_1_154' title='bbox 256 1583 378 1617; x_wconf 87' lang='lat' dir='ltr'>dorum</span> <span class='ocrx_word' id='word_1_155' title='bbox 405 1580 597 1616; x_wconf 63' lang='lat' dir='ltr'>auctoritate</span> <span class='ocrx_word' id='word_1_156' title='bbox 621 1591 855 1626; x_wconf 79' lang='lat' dir='ltr'>argumentum</span> <span class='ocrx_word' id='word_1_157' title='bbox 879 1580 925 1615; x_wconf 90' lang='lat' dir='ltr'>est</span> <span class='ocrx_word' id='word_1_158' title='bbox 954 1580 1020 1615; x_wconf 88' lang='lat' dir='ltr'>hoc</span> <span class='ocrx_word' id='word_1_159' title='bbox 1046 1591 1054 1611; x_wconf 72' lang='grc' dir='ltr'>ε</span> <span class='ocrx_word' id='word_1_160' title='bbox 1083 1580 1152 1612; x_wconf 87' lang='lat' dir='ltr'>Illu-</span> 
     </span>
    </p>

    <p class='ocr_par' dir='ltr' id='par_1_8' title="bbox 77 1628 1160 2732">
     <span class='ocr_line' id='line_1_28' title="bbox 77 1628 1152 1675; baseline -0.006 -7"><span class='ocrx_word' id='word_1_161' title='bbox 77 1641 196 1674; x_wconf 80' lang='lat' dir='ltr'>I..7.c.1·</span> <span class='ocrx_word' id='word_1_162' title='bbox 251 1632 316 1673; x_wconf 75' lang='lat' dir='ltr'>stre</span> <span class='ocrx_word' id='word_1_163' title='bbox 344 1633 435 1675; x_wconf 79' lang='lat' dir='ltr'>hujus</span> <span class='ocrx_word' id='word_1_164' title='bbox 457 1630 591 1672; x_wconf 70' lang='lat' dir='ltr'>Institutt</span> <span class='ocrx_word' id='word_1_165' title='bbox 614 1633 783 1673; x_wconf 77' lang='lat' dir='ltr'>exemplum</span> <span class='ocrx_word' id='word_1_166' title='bbox 807 1630 907 1671; x_wconf 78' lang='lat' dir='ltr'>existit</span> <span class='ocrx_word' id='word_1_167' title='bbox 915 1632 1005 1672; x_wconf 84' lang='lat' dir='ltr'>apud</span> <span class='ocrx_word' id='word_1_168' title='bbox 1011 1628 1152 1662; x_wconf 61' lang='lat' dir='ltr'>Sanllum</span> 
     </span>
     <span class='ocr_line' id='line_1_29' title="bbox 258 1678 1154 1725; baseline -0.007 -9"><span class='ocrx_word' id='word_1_169' title='bbox 258 1686 442 1725; x_wconf 73' lang='lat' dir='ltr'>cyprianum</span> <span class='ocrx_word' id='word_1_170' title='bbox 466 1705 473 1712; x_wconf 93' lang='lat'><strong><em>.</em></strong></span> <span class='ocrx_word' id='word_1_171' title='bbox 500 1684 693 1721; x_wconf 71' lang='lat' dir='ltr'>Cyprianus,</span> <span class='ocrx_word' id='word_1_172' title='bbox 718 1692 786 1713; x_wconf 85' lang='lat' dir='ltr'>cum</span> <span class='ocrx_word' id='word_1_173' title='bbox 807 1691 846 1713; x_wconf 82' lang='lat' dir='ltr'>ex</span> <span class='ocrx_word' id='word_1_174' title='bbox 862 1678 1016 1723; x_wconf 71' lang='lat' dir='ltr'>sententia</span> <span class='ocrx_word' id='word_1_175' title='bbox 1028 1679 1154 1717; x_wconf 70' lang='lat' dir='ltr'>Concilit</span> 
     </span>
     <span class='ocr_line' id='line_1_30' title="bbox 251 1726 1154 1777; baseline -0.004 -11"><span class='ocrx_word' id='word_1_176' title='bbox 251 1731 300 1777; x_wconf 75' lang='lat' dir='ltr'>sur·</span> <span class='ocrx_word' id='word_1_177' title='bbox 323 1734 344 1764; x_wconf 73' lang='grc' dir='ltr'><em>ἃ</em></span> <span class='ocrx_word' id='word_1_178' title='bbox 354 1731 412 1776; x_wconf 78' lang='lat' dir='ltr'>sua</span> <span class='ocrx_word' id='word_1_179' title='bbox 432 1735 630 1764; x_wconf 66' lang='lat' dir='ltr'>communione</span> <span class='ocrx_word' id='word_1_180' title='bbox 654 1731 795 1773; x_wconf 62' lang='lat' dir='ltr'>reiecfflet</span> <span class='ocrx_word' id='word_1_181' title='bbox 815 1726 956 1772; x_wconf 85' lang='lat' dir='ltr'>quosdam</span> <span class='ocrx_word' id='word_1_182' title='bbox 973 1728 1154 1763; x_wconf 66' lang='lat' dir='ltr'>clericos&amp;</span> 
     </span>
     <span class='ocr_line' id='line_1_31' title="bbox 256 1775 1154 1827; baseline -0.008 -10"><span class='ocrx_word' id='word_1_183' title='bbox 256 1781 416 1827; x_wconf 76' lang='lat' dir='ltr'>quemdam</span> <span class='ocrx_word' id='word_1_184' title='bbox 431 1777 741 1823; x_wconf 72' lang='lat' dir='ltr'>Pseudo-Episcopum</span> <span class='ocrx_word' id='word_1_185' title='bbox 759 1785 963 1822; x_wconf 64' lang='lat' dir='ltr'>Hernicorum</span> <span class='ocrx_word' id='word_1_186' title='bbox 977 1803 989 1820; x_wconf 88' lang='lat'>,</span> <span class='ocrx_word' id='word_1_187' title='bbox 1014 1775 1154 1823; x_wconf 58' lang='lat' dir='ltr'>irafiyitur</span> 
     </span>
     <span class='ocr_line' id='line_1_32' title="bbox 259 1828 1155 1873; baseline -0.007 -6"><span class='ocrx_word' id='word_1_188' title='bbox 259 1832 412 1867; x_wconf 72' lang='lat' dir='ltr'>adversus</span> <span class='ocrx_word' id='word_1_189' title='bbox 441 1829 610 1864; x_wconf 85' lang='lat' dir='ltr'>Cornelium</span> <span class='ocrx_word' id='word_1_190' title='bbox 635 1828 818 1873; x_wconf 72' lang='lat' dir='ltr'>Epist-opum</span> <span class='ocrx_word' id='word_1_191' title='bbox 843 1833 1011 1868; x_wconf 80' lang='lat' dir='ltr'>Romanum</span> <span class='ocrx_word' id='word_1_192' title='bbox 1037 1853 1049 1870; x_wconf 91' lang='lat'>,</span> <span class='ocrx_word' id='word_1_193' title='bbox 1075 1828 1155 1871; x_wconf 68' lang='lat' dir='ltr'>quod</span> 
     </span>
     <span class='ocr_line' id='line_1_33' title="bbox 255 1878 1152 1924; baseline -0.01 -5"><span class='ocrx_word' id='word_1_194' title='bbox 255 1894 323 1919; x_wconf 83' lang='lat' dir='ltr'>eum</span> <span class='ocrx_word' id='word_1_195' title='bbox 349 1883 396 1915; x_wconf 72' lang='lat' dir='ltr'>illi</span> <span class='ocrx_word' id='word_1_196' title='bbox 423 1884 551 1915; x_wconf 79' lang='lat' dir='ltr'>Romam</span> <span class='ocrx_word' id='word_1_197' title='bbox 582 1879 746 1922; x_wconf 75' lang='lat' dir='ltr'>acceffiffimt</span> <span class='ocrx_word' id='word_1_198' title='bbox 772 1904 785 1921; x_wconf 92' lang='lat'>,</span> <span class='ocrx_word' id='word_1_199' title='bbox 821 1878 977 1924; x_wconf 68' lang='lat' dir='ltr'>haefitaffiet</span> <span class='ocrx_word' id='word_1_200' title='bbox 1017 1880 1152 1921; x_wconf 72' lang='lat' dir='ltr'>aliquan-</span> 
     </span>
     <span class='ocr_line' id='line_1_34' title="bbox 257 1927 1154 1974; baseline -0.01 -6"><span class='ocrx_word' id='word_1_201' title='bbox 257 1935 322 1970; x_wconf 72' lang='lat' dir='ltr'>tum</span> <span class='ocrx_word' id='word_1_202' title='bbox 336 1930 482 1974; x_wconf 73' lang='lat' dir='ltr'>Pontifex</span> <span class='ocrx_word' id='word_1_203' title='bbox 496 1954 508 1971; x_wconf 92' lang='lat'>,</span> <span class='ocrx_word' id='word_1_204' title='bbox 533 1939 575 1962; x_wconf 89' lang='lat' dir='ltr'>an</span> <span class='ocrx_word' id='word_1_205' title='bbox 589 1939 643 1964; x_wconf 74' lang='lat' dir='ltr'>,eos</span> <span class='ocrx_word' id='word_1_206' title='bbox 663 1935 696 1963; x_wconf 81' lang='lat' dir='ltr'>tn</span> <span class='ocrx_word' id='word_1_207' title='bbox 709 1927 1031 1971; x_wconf 71' lang='lat' dir='ltr'>commumonemsuam</span> <span class='ocrx_word' id='word_1_208' title='bbox 1043 1932 1154 1968; x_wconf 71' lang='lat' dir='ltr'>recipe·</span> 
     </span>
     <span class='ocr_line' id='line_1_35' title="bbox 255 1975 1156 2020; baseline -0.014 -1"><span class='ocrx_word' id='word_1_209' title='bbox 255 1994 322 2020; x_wconf 77' lang='lat' dir='ltr'>ret.</span> <span class='ocrx_word' id='word_1_210' title='bbox 350 1987 436 2016; x_wconf 83' lang='lat' dir='ltr'>Hanc</span> <span class='ocrx_word' id='word_1_211' title='bbox 461 1979 497 2014; x_wconf 89' lang='lat' dir='ltr'>ob</span> <span class='ocrx_word' id='word_1_212' title='bbox 513 1990 576 2013; x_wconf 80' lang='lat' dir='ltr'>rem</span> <span class='ocrx_word' id='word_1_213' title='bbox 595 1983 762 2019; x_wconf 63' lang='lat' dir='ltr'>Cyprianus</span> <span class='ocrx_word' id='word_1_214' title='bbox 775 1980 860 2019; x_wconf 84' lang='lat' dir='ltr'>apud</span> <span class='ocrx_word' id='word_1_215' title='bbox 869 1978 1040 2009; x_wconf 68' lang='lat' dir='ltr'>cornelium</span> <span class='ocrx_word' id='word_1_216' title='bbox 1050 1975 1156 2015; x_wconf 71' lang='lat' dir='ltr'>aperte</span> 
     </span>
     <span class='ocr_line' id='line_1_36' title="bbox 257 2023 1154 2078; baseline -0.016 -10"><span class='ocrx_word' id='word_1_217' title='bbox 257 2034 388 2078; x_wconf 78' lang='lat' dir='ltr'>edtffertt</span> <span class='ocrx_word' id='word_1_218' title='bbox 406 2032 484 2072; x_wconf 68' lang='lat' dir='ltr'>‚iura</span> <span class='ocrx_word' id='word_1_219' title='bbox 519 2026 732 2070; x_wconf 69' lang='lat' dir='ltr'>Epifroporum</span> <span class='ocrx_word' id='word_1_220' title='bbox 769 2023 996 2070; x_wconf 73' lang='lat' dir='ltr'>uniuftuJusque</span> <span class='ocrx_word' id='word_1_221' title='bbox 1022 2026 1154 2057; x_wconf 74' lang='lat' dir='ltr'>Provin-</span> 
     </span>
     <span class='ocr_line' id='line_1_37' title="bbox 257 2069 1157 2124; baseline -0.018 -5"><span class='ocrx_word' id='word_1_222' title='bbox 257 2090 335 2123; x_wconf 72' lang='lat' dir='ltr'>cia,</span> <span class='ocrx_word' id='word_1_223' title='bbox 360 2091 430 2124; x_wconf 81' lang='lat' dir='ltr'>quae</span> <span class='ocrx_word' id='word_1_224' title='bbox 451 2084 484 2113; x_wconf 72' lang='lat' dir='ltr'>tn</span> <span class='ocrx_word' id='word_1_225' title='bbox 506 2089 539 2113; x_wconf 86' lang='lat' dir='ltr'>eo</span> <span class='ocrx_word' id='word_1_226' title='bbox 561 2076 746 2119; x_wconf 84' lang='lat' dir='ltr'>versantur,</span> <span class='ocrx_word' id='word_1_227' title='bbox 771 2077 915 2111; x_wconf 74' lang='lat' dir='ltr'>utadeos</span> <span class='ocrx_word' id='word_1_228' title='bbox 924 2079 1083 2115; x_wconf 68' lang='lat' dir='ltr'>pertineat</span> <span class='ocrx_word' id='word_1_229' title='bbox 1094 2069 1157 2114; x_wconf 76' lang='lat' dir='ltr'>dis-</span> 
     </span>
     <span class='ocr_line' id='line_1_38' title="bbox 256 2123 1155 2174; baseline -0.014 -10"><span class='ocrx_word' id='word_1_230' title='bbox 256 2135 359 2174; x_wconf 72' lang='lat' dir='ltr'>cufflo,</span> <span class='ocrx_word' id='word_1_231' title='bbox 380 2130 567 2171; x_wconf 61' lang='lat' dir='ltr'>‚iudiciumffi</span> <span class='ocrx_word' id='word_1_232' title='bbox 592 2123 752 2167; x_wconf 77' lang='lat' dir='ltr'>causarum</span> <span class='ocrx_word' id='word_1_233' title='bbox 774 2148 787 2164; x_wconf 89' lang='lat'>,</span> <span class='ocrx_word' id='word_1_234' title='bbox 814 2125 850 2159; x_wconf 62' lang='grc' dir='ltr'><em>θ</em></span> <span class='ocrx_word' id='word_1_235' title='bbox 874 2128 1008 2167; x_wconf 70' lang='lat' dir='ltr'>regimen</span> <span class='ocrx_word' id='word_1_236' title='bbox 1026 2126 1132 2170; x_wconf 61' lang='lat' dir='ltr'>gregis</span> <span class='ocrx_word' id='word_1_237' title='bbox 1145 2144 1155 2162; x_wconf 92' lang='lat'>,</span> 
     </span>
     <span class='ocr_line' id='line_1_39' title="bbox 257 2173 1156 2219; baseline -0.013 -2"><span class='ocrx_word' id='word_1_238' title='bbox 257 2189 406 2219; x_wconf 73' lang='lat' dir='ltr'>rationem</span> <span class='ocrx_word' id='word_1_239' title='bbox 416 2174 685 2217; x_wconf 74' lang='lat' dir='ltr'>admimsttationts</span> <span class='ocrx_word' id='word_1_240' title='bbox 694 2173 760 2218; x_wconf 75' lang='lat' dir='ltr'>suae</span> <span class='ocrx_word' id='word_1_241' title='bbox 772 2176 832 2208; x_wconf 87' lang='lat' dir='ltr'>Deo</span> <span class='ocrx_word' id='word_1_242' title='bbox 842 2174 1009 2208; x_wconf 81' lang='lat' dir='ltr'>reddituros</span> <span class='ocrx_word' id='word_1_243' title='bbox 1022 2196 1035 2212; x_wconf 93' lang='lat'>,</span> <span class='ocrx_word' id='word_1_244' title='bbox 1058 2182 1156 2214; x_wconf 85' lang='lat' dir='ltr'>neque</span> 
     </span>
     <span class='ocr_line' id='line_1_40' title="bbox 260 2225 1156 2270; baseline -0.011 -6"><span class='ocrx_word' id='word_1_245' title='bbox 260 2237 350 2270; x_wconf 68' lang='lat' dir='ltr'>licere·</span> <span class='ocrx_word' id='word_1_246' title='bbox 360 2234 486 2263; x_wconf 88' lang='lat' dir='ltr'><em>Romam</em></span> <span class='ocrx_word' id='word_1_247' title='bbox 497 2251 508 2267; x_wconf 94' lang='lat'>,</span> <span class='ocrx_word' id='word_1_248' title='bbox 533 2225 632 2259; x_wconf 73' lang='lat' dir='ltr'>aliove</span> <span class='ocrx_word' id='word_1_249' title='bbox 641 2225 795 2267; x_wconf 78' lang='lat' dir='ltr'>appellare</span> <span class='ocrx_word' id='word_1_250' title='bbox 811 2249 819 2257; x_wconf 91' lang='lat'><strong>.</strong></span> <span class='ocrx_word' id='word_1_251' title='bbox 845 2228 957 2266; x_wconf 81' lang='lat' dir='ltr'>Neque</span> <span class='ocrx_word' id='word_1_252' title='bbox 969 2227 1050 2256; x_wconf 82' lang='lat' dir='ltr'>enim</span> <span class='ocrx_word' id='word_1_253' title='bbox 1062 2227 1156 2255; x_wconf 85' lang='lat' dir='ltr'>mtno-</span> 
     </span>
     <span class='ocr_line' id='line_1_41' title="bbox 259 2272 1156 2324; baseline -0.012 -9"><span class='ocrx_word' id='word_1_254' title='bbox 259 2295 324 2319; x_wconf 77' lang='lat' dir='ltr'>rem</span> <span class='ocrx_word' id='word_1_255' title='bbox 347 2282 398 2324; x_wconf 75' lang='lat' dir='ltr'>effe</span> <span class='ocrx_word' id='word_1_256' title='bbox 431 2277 638 2313; x_wconf 60' lang='lat' dir='ltr'>audomarem</span> <span class='ocrx_word' id='word_1_257' title='bbox 677 2273 887 2318; x_wconf 65' lang='lat' dir='ltr'>Episcoporum</span> <span class='ocrx_word' id='word_1_258' title='bbox 927 2272 1156 2314; x_wconf 75' lang='lat' dir='ltr'>Africanorum,</span> 
     </span>
     <span class='ocr_line' id='line_1_42' title="bbox 261 2320 1152 2378; baseline -0.015 -10"><span class='ocrx_word' id='word_1_259' title='bbox 261 2336 355 2378; x_wconf 65' lang='lat' dir='ltr'>quam</span> <span class='ocrx_word' id='word_1_260' title='bbox 379 2332 557 2371; x_wconf 69' lang='lat' dir='ltr'>reliquorum</span> <span class='ocrx_word' id='word_1_261' title='bbox 586 2350 594 2357; x_wconf 94' lang='lat'><strong>.</strong></span> <span class='ocrx_word' id='word_1_262' title='bbox 622 2323 737 2370; x_wconf 83' lang='lat' dir='ltr'>Urget</span> <span class='ocrx_word' id='word_1_263' title='bbox 761 2324 828 2359; x_wconf 84' lang='lat' dir='ltr'>haec</span> <span class='ocrx_word' id='word_1_264' title='bbox 854 2324 961 2359; x_wconf 71' lang='lat' dir='ltr'>Santsti</span> <span class='ocrx_word' id='word_1_265' title='bbox 990 2320 1152 2366; x_wconf 76' lang='lat' dir='ltr'>Cypriani</span> 
     </span>
     <span class='ocr_line' id='line_1_43' title="bbox 261 2372 1152 2419; baseline -0.016 1"><span class='ocrx_word' id='word_1_266' title='bbox 261 2384 382 2419; x_wconf 87' lang='lat' dir='ltr'>verba:</span> <span class='ocrx_word' id='word_1_267' title='bbox 410 2385 498 2414; x_wconf 84' lang='lat' dir='ltr'>Nam</span> <span class='ocrx_word' id='word_1_268' title='bbox 523 2387 588 2410; x_wconf 88' lang='lat' dir='ltr'>cum</span> <span class='ocrx_word' id='word_1_269' title='bbox 607 2373 757 2416; x_wconf 84' lang='lat' dir='ltr'>statutum</span> <span class='ocrx_word' id='word_1_270' title='bbox 775 2374 815 2415; x_wconf 79' lang='lat' dir='ltr'>fit</span> <span class='ocrx_word' id='word_1_271' title='bbox 833 2373 968 2407; x_wconf 69' lang='lat' dir='ltr'>omnibus</span> <span class='ocrx_word' id='word_1_272' title='bbox 981 2372 1090 2413; x_wconf 84' lang='lat' dir='ltr'>nobis,</span> <span class='ocrx_word' id='word_1_273' title='bbox 1116 2373 1152 2406; x_wconf 65' lang='grc' dir='ltr'><strong>θ</strong></span> 
     </span>
     <span class='ocr_line' id='line_1_44' title="bbox 263 2420 1152 2477; baseline -0.012 -11"><span class='ocrx_word' id='word_1_274' title='bbox 263 2442 384 2477; x_wconf 63' lang='lat' dir='ltr'>equum</span> <span class='ocrx_word' id='word_1_275' title='bbox 390 2429 428 2472; x_wconf 85' lang='lat' dir='ltr'>fit</span> <span class='ocrx_word' id='word_1_276' title='bbox 437 2432 554 2472; x_wconf 80' lang='lat' dir='ltr'>pariter</span> <span class='ocrx_word' id='word_1_277' title='bbox 565 2425 716 2466; x_wconf 81' lang='lat' dir='ltr'>acjustum</span> <span class='ocrx_word' id='word_1_278' title='bbox 729 2449 739 2466; x_wconf 93' lang='lat'>,</span> <span class='ocrx_word' id='word_1_279' title='bbox 753 2435 788 2459; x_wconf 86' lang='lat' dir='ltr'>ut</span> <span class='ocrx_word' id='word_1_280' title='bbox 797 2421 1022 2468; x_wconf 75' lang='lat' dir='ltr'>uniuscuiusque</span> <span class='ocrx_word' id='word_1_281' title='bbox 1033 2420 1152 2466; x_wconf 85' lang='lat' dir='ltr'>causam</span> 
     </span>
     <span class='ocr_line' id='line_1_45' title="bbox 266 2471 1153 2519; baseline -0.016 0"><span class='ocrx_word' id='word_1_282' title='bbox 266 2486 329 2519; x_wconf 67' lang='lat' dir='ltr'>illic</span> <span class='ocrx_word' id='word_1_283' title='bbox 354 2482 520 2519; x_wconf 75' lang='lat' dir='ltr'>audiatur,</span> <span class='ocrx_word' id='word_1_284' title='bbox 533 2475 645 2517; x_wconf 56' lang='lat' dir='ltr'>nubles}</span> <span class='ocrx_word' id='word_1_285' title='bbox 655 2481 767 2512; x_wconf 68' lang='lat' dir='ltr'>crimen</span> <span class='ocrx_word' id='word_1_286' title='bbox 787 2476 943 2519; x_wconf 74' lang='lat' dir='ltr'>admtffiem</span> <span class='ocrx_word' id='word_1_287' title='bbox 955 2499 967 2516; x_wconf 92' lang='lat'>‚</span> <span class='ocrx_word' id='word_1_288' title='bbox 993 2475 1028 2508; x_wconf 69' lang='lat' dir='ltr'>cb·</span> <span class='ocrx_word' id='word_1_289' title='bbox 1031 2471 1153 2517; x_wconf 75' lang='lat' dir='ltr'>singulis</span> 
     </span>
     <span class='ocr_line' id='line_1_46' title="bbox 267 2525 1154 2575; baseline -0.009 -11"><span class='ocrx_word' id='word_1_290' title='bbox 267 2532 438 2575; x_wconf 73' lang='lat' dir='ltr'>Pastoribus</span> <span class='ocrx_word' id='word_1_291' title='bbox 458 2532 559 2572; x_wconf 71' lang='lat' dir='ltr'>portio</span> <span class='ocrx_word' id='word_1_292' title='bbox 577 2530 678 2571; x_wconf 70' lang='lat' dir='ltr'>gregis</span> <span class='ocrx_word' id='word_1_293' title='bbox 704 2526 745 2569; x_wconf 84' lang='lat' dir='ltr'>fit</span> <span class='ocrx_word' id='word_1_294' title='bbox 770 2525 924 2569; x_wconf 82' lang='lat' dir='ltr'>adscripta</span> <span class='ocrx_word' id='word_1_295' title='bbox 950 2535 1053 2568; x_wconf 78' lang='lat' dir='ltr'>quam</span> <span class='ocrx_word' id='word_1_296' title='bbox 1067 2530 1154 2566; x_wconf 68' lang='lat' dir='ltr'>regat</span> 
     </span>
     <span class='ocr_line' id='line_1_47' title="bbox 267 2573 1155 2627; baseline -0.016 -8"><span class='ocrx_word' id='word_1_297' title='bbox 267 2580 466 2627; x_wconf 74' lang='lat' dir='ltr'>unusquisque</span> <span class='ocrx_word' id='word_1_298' title='bbox 492 2579 526 2612; x_wconf 64' lang='grc' dir='ltr'>Θ</span> <span class='ocrx_word' id='word_1_299' title='bbox 546 2576 714 2622; x_wconf 80' lang='lat' dir='ltr'>gubernet,</span> <span class='ocrx_word' id='word_1_300' title='bbox 740 2582 887 2611; x_wconf 73' lang='lat' dir='ltr'>rationem</span> <span class='ocrx_word' id='word_1_301' title='bbox 910 2573 958 2618; x_wconf 74' lang='lat' dir='ltr'>sut</span> <span class='ocrx_word' id='word_1_302' title='bbox 981 2574 1070 2623; x_wconf 57' lang='lat' dir='ltr'>acius</span> <span class='ocrx_word' id='word_1_303' title='bbox 1094 2576 1155 2605; x_wconf 89' lang='lat' dir='ltr'>Do-</span> 
     </span>
     <span class='ocr_line' id='line_1_48' title="bbox 270 2623 1159 2670; baseline -0.012 -4"><span class='ocrx_word' id='word_1_304' title='bbox 270 2640 351 2670; x_wconf 77' lang='lat' dir='ltr'>mino</span> <span class='ocrx_word' id='word_1_305' title='bbox 376 2632 574 2668; x_wconf 73' lang='lat' dir='ltr'>redditurus,</span> <span class='ocrx_word' id='word_1_306' title='bbox 599 2634 712 2669; x_wconf 79' lang='lat' dir='ltr'>oportet</span> <span class='ocrx_word' id='word_1_307' title='bbox 736 2631 840 2669; x_wconf 79' lang='lat' dir='ltr'>utique</span> <span class='ocrx_word' id='word_1_308' title='bbox 864 2637 935 2665; x_wconf 83' lang='lat' dir='ltr'>eos,</span> <span class='ocrx_word' id='word_1_309' title='bbox 960 2623 1159 2668; x_wconf 64' lang='lat' dir='ltr'>quibus-pra*-</span> 
     </span>
     <span class='ocr_line' id='line_1_49' title="bbox 268 2674 1160 2732; baseline -0.013 -13"><span class='ocrx_word' id='word_1_310' title='bbox 268 2685 370 2732; x_wconf 79' lang='lat' dir='ltr'>sumus</span> <span class='ocrx_word' id='word_1_311' title='bbox 393 2693 451 2717; x_wconf 91' lang='lat' dir='ltr'>non</span> <span class='ocrx_word' id='word_1_312' title='bbox 474 2676 716 2720; x_wconf 78' lang='lat' dir='ltr'>circumcursare,</span> <span class='ocrx_word' id='word_1_313' title='bbox 744 2688 796 2710; x_wconf 85' lang='lat' dir='ltr'>nec</span> <span class='ocrx_word' id='word_1_314' title='bbox 817 2674 1028 2719; x_wconf 68' lang='lat' dir='ltr'>Epffcoporum</span> <span class='ocrx_word' id='word_1_315' title='bbox 1048 2685 1160 2708; x_wconf 81' lang='lat' dir='ltr'>concor-</span> 
     </span>
    </p>
   </div>
   <div class='ocr_carea' id='block_1_6' title="bbox 89 2410 202 2450">
    <p class='ocr_par' dir='ltr' id='par_1_9' title="bbox 89 2410 202 2450">
     <span class='ocr_line' id='line_1_50' title="bbox 89 2410 202 2450; baseline -0.027 -9"><span class='ocrx_word' id='word_1_316' title='bbox 89 2412 139 2450; x_wconf 76' lang='lat' dir='ltr'>Ep.</span> <span class='ocrx_word' id='word_1_317' title='bbox 156 2410 202 2446; x_wconf 70' lang='lat'>58.³</span> 
     </span>
    </p>
   </div>
   <div class='ocr_carea' id='block_1_7' title="bbox 273 2725 1209 2770">
    <p class='ocr_par' dir='ltr' id='par_1_10' title="bbox 273 2725 1209 2770">
     <span class='ocr_line' id='line_1_51' title="bbox 273 2725 1209 2770; baseline -0.014 -1"><span class='ocrx_word' id='word_1_318' title='bbox 273 2739 359 2770; x_wconf 83' lang='lat' dir='ltr'>diam</span> <span class='ocrx_word' id='word_1_319' title='bbox 379 2732 575 2767; x_wconf 83' lang='lat' dir='ltr'>cobaerentem</span> <span class='ocrx_word' id='word_1_320' title='bbox 592 2725 650 2770; x_wconf 85' lang='lat' dir='ltr'>fua</span> <span class='ocrx_word' id='word_1_321' title='bbox 667 2725 794 2770; x_wconf 84' lang='lat' dir='ltr'>subdola</span> <span class='ocrx_word' id='word_1_322' title='bbox 815 2728 851 2761; x_wconf 64' lang='lat' dir='ltr'>(y</span> <span class='ocrx_word' id='word_1_323' title='bbox 866 2725 975 2768; x_wconf 74' lang='lat' dir='ltr'>fallaci</span> <span class='ocrx_word' id='word_1_324' title='bbox 991 2729 1159 2759; x_wconf 81' lang='lat' dir='ltr'>temeritate</span> <span class='ocrx_word' id='word_1_325' title='bbox 1205 2728 1209 2756; x_wconf 77' lang='grc' dir='ltr'>ἶ</span> 
     </span>
    </p>
   </div>
   <div class='ocr_carea' id='block_1_8' title="bbox 274 2774 1161 2824">
    <p class='ocr_par' dir='ltr' id='par_1_11' title="bbox 274 2774 1161 2824">
     <span class='ocr_line' id='line_1_52' title="bbox 274 2774 1161 2824; baseline -0.015 -4"><span class='ocrx_word' id='word_1_326' title='bbox 274 2785 409 2820; x_wconf 73' lang='lat' dir='ltr'>collidere</span> <span class='ocrx_word' id='word_1_327' title='bbox 435 2807 446 2822; x_wconf 89' lang='lat'>,</span> <span class='ocrx_word' id='word_1_328' title='bbox 468 2780 524 2824; x_wconf 82' lang='lat' dir='ltr'>sed</span> <span class='ocrx_word' id='word_1_329' title='bbox 548 2789 634 2823; x_wconf 83' lang='lat' dir='ltr'>agere</span> <span class='ocrx_word' id='word_1_330' title='bbox 661 2778 724 2811; x_wconf 71' lang='lat' dir='ltr'>illle</span> <span class='ocrx_word' id='word_1_331' title='bbox 748 2776 868 2820; x_wconf 83' lang='lat' dir='ltr'>causam</span> <span class='ocrx_word' id='word_1_332' title='bbox 889 2774 979 2819; x_wconf 89' lang='lat' dir='ltr'>suam</span> <span class='ocrx_word' id='word_1_333' title='bbox 1003 2799 1015 2815; x_wconf 92' lang='lat'>,</span> <span class='ocrx_word' id='word_1_334' title='bbox 1051 2774 1102 2808; x_wconf 74' lang='lat' dir='ltr'>ubi</span> <span class='ocrx_word' id='word_1_335' title='bbox 1126 2775 1161 2808; x_wconf 72' lang='lat'>&amp;-</span> 
     </span>
    </p>
   </div>
   <div class='ocr_carea' id='block_1_9' title="bbox 275 2823 1173 3426">
    <p class='ocr_par' dir='ltr' id='par_1_12' title="bbox 275 2823 1166 3122">
     <span class='ocr_line' id='line_1_53' title="bbox 277 2823 1166 2876; baseline -0.013 -7"><span class='ocrx_word' id='word_1_336' title='bbox 277 2831 453 2876; x_wconf 79' lang='lat' dir='ltr'>accusatores</span> <span class='ocrx_word' id='word_1_337' title='bbox 480 2828 586 2862; x_wconf 86' lang='lat' dir='ltr'>habere</span> <span class='ocrx_word' id='word_1_338' title='bbox 605 2827 639 2860; x_wconf 65' lang='grc' dir='ltr'><strong><em>Θ</em></strong></span> <span class='ocrx_word' id='word_1_339' title='bbox 659 2826 743 2865; x_wconf 83' lang='lat' dir='ltr'>testes</span> <span class='ocrx_word' id='word_1_340' title='bbox 751 2826 800 2870; x_wconf 78' lang='lat' dir='ltr'>sui</span> <span class='ocrx_word' id='word_1_341' title='bbox 811 2832 947 2860; x_wconf 77' lang='lat' dir='ltr'>criminis</span> <span class='ocrx_word' id='word_1_342' title='bbox 954 2826 1059 2868; x_wconf 80' lang='lat' dir='ltr'>poffint</span> <span class='ocrx_word' id='word_1_343' title='bbox 1071 2848 1083 2867; x_wconf 78' lang='grc'>,</span> <span class='ocrx_word' id='word_1_344' title='bbox 1108 2823 1166 2866; x_wconf 80' lang='lat' dir='ltr'>nifi</span> 
     </span>
     <span class='ocr_line' id='line_1_54' title="bbox 275 2875 1163 2930; baseline -0.008 -14"><span class='ocrx_word' id='word_1_345' title='bbox 275 2885 303 2930; x_wconf 76' lang='lat' dir='ltr'><em>fi</em></span> <span class='ocrx_word' id='word_1_346' title='bbox 318 2887 422 2927; x_wconf 83' lang='lat' dir='ltr'>paucis</span> <span class='ocrx_word' id='word_1_347' title='bbox 444 2877 611 2923; x_wconf 74' lang='lat' dir='ltr'>desperatis</span> <span class='ocrx_word' id='word_1_348' title='bbox 633 2876 667 2909; x_wconf 69' lang='grc'>(9·</span> <span class='ocrx_word' id='word_1_349' title='bbox 684 2877 817 2917; x_wconf 75' lang='lat' dir='ltr'>perditis</span> <span class='ocrx_word' id='word_1_350' title='bbox 843 2881 938 2910; x_wconf 68' lang='lat' dir='ltr'>minor</span> <span class='ocrx_word' id='word_1_351' title='bbox 963 2877 1087 2908; x_wconf 76' lang='lat' dir='ltr'>videtur</span> <span class='ocrx_word' id='word_1_352' title='bbox 1111 2875 1163 2919; x_wconf 75' lang='lat' dir='ltr'>effe</span> 
     </span>
     <span class='ocr_line' id='line_1_55' title="bbox 279 2925 1163 2971; baseline -0.011 -3"><span class='ocrx_word' id='word_1_353' title='bbox 279 2935 444 2969; x_wconf 64' lang='lat' dir='ltr'>auHoritas</span> <span class='ocrx_word' id='word_1_354' title='bbox 470 2925 684 2971; x_wconf 65' lang='lat' dir='ltr'>Episcoporum</span> <span class='ocrx_word' id='word_1_355' title='bbox 720 2930 754 2959; x_wconf 79' lang='lat' dir='ltr'>iu</span> <span class='ocrx_word' id='word_1_356' title='bbox 790 2926 895 2968; x_wconf 78' lang='lat' dir='ltr'>Africa</span> <span class='ocrx_word' id='word_1_357' title='bbox 928 2925 1163 2964; x_wconf 74' lang='lat' dir='ltr'>constitutorum,</span> 
     </span>
     <span class='ocr_line' id='line_1_56' title="bbox 279 2975 1165 3029; baseline -0.011 -12"><span class='ocrx_word' id='word_1_358' title='bbox 279 2990 333 3029; x_wconf 75' lang='lat' dir='ltr'>qui</span> <span class='ocrx_word' id='word_1_359' title='bbox 351 2986 421 3025; x_wconf 80' lang='lat' dir='ltr'>jam</span> <span class='ocrx_word' id='word_1_360' title='bbox 442 2982 478 3015; x_wconf 85' lang='lat' dir='ltr'>de</span> <span class='ocrx_word' id='word_1_361' title='bbox 503 2979 564 3013; x_wconf 79' lang='lat' dir='ltr'>illis</span> <span class='ocrx_word' id='word_1_362' title='bbox 584 2977 781 3019; x_wconf 76' lang='lat' dir='ltr'>judicarunt.</span> <span class='ocrx_word' id='word_1_363' title='bbox 808 2977 852 3011; x_wconf 90' lang='lat' dir='ltr'>Et</span> <span class='ocrx_word' id='word_1_364' title='bbox 864 2975 930 3010; x_wconf 77' lang='lat' dir='ltr'>haec</span> <span class='ocrx_word' id='word_1_365' title='bbox 940 2975 1036 3009; x_wconf 86' lang='lat' dir='ltr'>verba</span> <span class='ocrx_word' id='word_1_366' title='bbox 1049 2988 1061 3011; x_wconf 79' lang='lat'>.-</span> <span class='ocrx_word' id='word_1_367' title='bbox 1081 2980 1165 3020; x_wconf 84' lang='lat' dir='ltr'>Jam</span> 
     </span>
     <span class='ocr_line' id='line_1_57' title="bbox 282 3024 1166 3077; baseline -0.014 -8"><span class='ocrx_word' id='word_1_368' title='bbox 282 3032 372 3077; x_wconf 83' lang='lat' dir='ltr'>causa</span> <span class='ocrx_word' id='word_1_369' title='bbox 401 3042 498 3066; x_wconf 86' lang='lat' dir='ltr'>eorum</span> <span class='ocrx_word' id='word_1_370' title='bbox 523 3032 640 3074; x_wconf 81' lang='lat' dir='ltr'>cognita</span> <span class='ocrx_word' id='word_1_371' title='bbox 664 3026 705 3068; x_wconf 67' lang='lat' dir='ltr'>eff</span> <span class='ocrx_word' id='word_1_372' title='bbox 725 3051 738 3068; x_wconf 93' lang='lat'>,</span> <span class='ocrx_word' id='word_1_373' title='bbox 765 3028 837 3070; x_wconf 71' lang='lat' dir='ltr'>jam</span> <span class='ocrx_word' id='word_1_374' title='bbox 864 3028 904 3061; x_wconf 85' lang='lat' dir='ltr'>de</span> <span class='ocrx_word' id='word_1_375' title='bbox 926 3031 972 3061; x_wconf 79' lang='lat' dir='ltr'>eis</span> <span class='ocrx_word' id='word_1_376' title='bbox 998 3025 1079 3062; x_wconf 53' lang='lat' dir='ltr'>dida</span> <span class='ocrx_word' id='word_1_377' title='bbox 1100 3024 1166 3069; x_wconf 78' lang='lat' dir='ltr'>fim-</span> 
     </span>
     <span class='ocr_line' id='line_1_58' title="bbox 282 3080 464 3122; baseline -0.022 -4"><span class='ocrx_word' id='word_1_378' title='bbox 282 3090 381 3120; x_wconf 71' lang='lat' dir='ltr'>tentia</span> <span class='ocrx_word' id='word_1_379' title='bbox 407 3080 464 3122; x_wconf 81' lang='lat' dir='ltr'>est.</span> 
     </span>
    </p>

    <p class='ocr_par' dir='ltr' id='par_1_13' title="bbox 288 3126 1173 3426">
     <span class='ocr_line' id='line_1_59' title="bbox 338 3126 1170 3173; baseline -0.007 -6"><span class='ocrx_word' id='word_1_380' title='bbox 338 3131 419 3167; x_wconf 85' lang='lat' dir='ltr'>Haec</span> <span class='ocrx_word' id='word_1_381' title='bbox 430 3130 477 3165; x_wconf 92' lang='lat' dir='ltr'>est</span> <span class='ocrx_word' id='word_1_382' title='bbox 496 3128 572 3163; x_wconf 68' lang='lat' dir='ltr'>facti</span> <span class='ocrx_word' id='word_1_383' title='bbox 592 3129 730 3171; x_wconf 87' lang='lat' dir='ltr'>species.</span> <span class='ocrx_word' id='word_1_384' title='bbox 758 3126 970 3173; x_wconf 82' lang='lat' dir='ltr'>Apostolicus</span> <span class='ocrx_word' id='word_1_385' title='bbox 980 3126 1101 3161; x_wconf 88' lang='lat' dir='ltr'>Canon</span> <span class='ocrx_word' id='word_1_386' title='bbox 1112 3126 1170 3161; x_wconf 89' lang='lat' dir='ltr'>eli-</span> 
     </span>
     <span class='ocr_line' id='line_1_60' title="bbox 288 3176 1168 3230; baseline -0.007 -13"><span class='ocrx_word' id='word_1_387' title='bbox 288 3183 436 3230; x_wconf 61' lang='lat' dir='ltr'>gendum</span> <span class='ocrx_word' id='word_1_388' title='bbox 456 3179 656 3224; x_wconf 82' lang='lat' dir='ltr'>Episcopum</span> <span class='ocrx_word' id='word_1_389' title='bbox 679 3177 812 3214; x_wconf 88' lang='lat' dir='ltr'>mandat</span> <span class='ocrx_word' id='word_1_390' title='bbox 822 3180 884 3214; x_wconf 79' lang='lat' dir='ltr'>esse</span> <span class='ocrx_word' id='word_1_391' title='bbox 895 3183 968 3212; x_wconf 89' lang='lat' dir='ltr'>Non</span> <span class='ocrx_word' id='word_1_392' title='bbox 980 3176 1151 3220; x_wconf 68' lang='lat' dir='ltr'>neophytum</span> <span class='ocrx_word' id='word_1_393' title='bbox 1161 3202 1168 3211; x_wconf 88' lang='lat'>.</span> 
     </span>
     <span class='ocr_line' id='line_1_61' title="bbox 291 3227 1171 3274; baseline -0.007 -6"><span class='ocrx_word' id='word_1_394' title='bbox 291 3235 341 3269; x_wconf 86' lang='lat' dir='ltr'>At</span> <span class='ocrx_word' id='word_1_395' title='bbox 362 3232 441 3266; x_wconf 75' lang='lat' dir='ltr'>vero</span> <span class='ocrx_word' id='word_1_396' title='bbox 466 3230 601 3265; x_wconf 60' lang='lat' dir='ltr'>Sanctus</span> <span class='ocrx_word' id='word_1_397' title='bbox 621 3227 808 3274; x_wconf 82' lang='lat' dir='ltr'>Cyprianus</span> <span class='ocrx_word' id='word_1_398' title='bbox 832 3240 900 3264; x_wconf 89' lang='lat' dir='ltr'>non</span> <span class='ocrx_word' id='word_1_399' title='bbox 921 3228 1076 3262; x_wconf 64' lang='lat' dir='ltr'>tantum&amp;</span> <span class='ocrx_word' id='word_1_400' title='bbox 1094 3239 1171 3262; x_wconf 87' lang='lat' dir='ltr'>neo-</span> 
     </span>
     <span class='ocr_line' id='line_1_62' title="bbox 292 3278 1172 3328; baseline -0.008 -11"><span class='ocrx_word' id='word_1_401' title='bbox 292 3283 402 3328; x_wconf 84' lang='lat' dir='ltr'>phyto</span> <span class='ocrx_word' id='word_1_402' title='bbox 416 3305 427 3322; x_wconf 89' lang='lat'>,</span> <span class='ocrx_word' id='word_1_403' title='bbox 453 3280 508 3315; x_wconf 83' lang='lat' dir='ltr'>sed</span> <span class='ocrx_word' id='word_1_404' title='bbox 529 3281 630 3315; x_wconf 67' lang='lat' dir='ltr'>eciam</span> <span class='ocrx_word' id='word_1_405' title='bbox 650 3279 942 3315; x_wconf 59' lang='lat' dir='ltr'>&amp;catechumeno</span> <span class='ocrx_word' id='word_1_406' title='bbox 966 3279 1028 3312; x_wconf 87' lang='lat' dir='ltr'>fuit</span> <span class='ocrx_word' id='word_1_407' title='bbox 1053 3278 1172 3313; x_wconf 62' lang='lat' dir='ltr'>eleuus</span> 
     </span>
     <span class='ocr_line' id='line_1_63' title="bbox 294 3328 1171 3375; baseline -0.008 -7"><span class='ocrx_word' id='word_1_408' title='bbox 294 3335 331 3368; x_wconf 87' lang='lat' dir='ltr'>in</span> <span class='ocrx_word' id='word_1_409' title='bbox 359 3331 558 3375; x_wconf 86' lang='lat' dir='ltr'>Episcopum</span> <span class='ocrx_word' id='word_1_410' title='bbox 583 3330 617 3363; x_wconf 77' lang='grc' dir='ltr'>δε</span> <span class='ocrx_word' id='word_1_411' title='bbox 642 3331 846 3365; x_wconf 85' lang='lat' dir='ltr'>consecratus</span> <span class='ocrx_word' id='word_1_412' title='bbox 871 3354 879 3363; x_wconf 86' lang='lat'><strong>.</strong></span> <span class='ocrx_word' id='word_1_413' title='bbox 908 3328 1018 3363; x_wconf 65' lang='lat' dir='ltr'>Antea</span> <span class='ocrx_word' id='word_1_414' title='bbox 1043 3329 1171 3362; x_wconf 88' lang='lat' dir='ltr'>nullum</span> 
     </span>
     <span class='ocr_line' id='line_1_64' title="bbox 294 3379 1173 3426; baseline -0.006 -8"><span class='ocrx_word' id='word_1_415' title='bbox 294 3384 333 3419; x_wconf 83' lang='lat' dir='ltr'>in</span> <span class='ocrx_word' id='word_1_416' title='bbox 358 3382 515 3418; x_wconf 82' lang='lat' dir='ltr'>Africana</span> <span class='ocrx_word' id='word_1_417' title='bbox 539 3379 681 3416; x_wconf 79' lang='lat' dir='ltr'>Ecclesia</span> <span class='ocrx_word' id='word_1_418' title='bbox 709 3379 893 3426; x_wconf 79' lang='lat' dir='ltr'>praeceffiffe</span> <span class='ocrx_word' id='word_1_419' title='bbox 928 3379 1033 3414; x_wconf 75' lang='lat' dir='ltr'>simile</span> <span class='ocrx_word' id='word_1_420' title='bbox 1066 3389 1173 3415; x_wconf 81' lang='lat' dir='ltr'>exem-</span> 
     </span>
    </p>
   </div>
   <div class='ocr_carea' id='block_1_10' title="bbox 1160 2343 1210 2888">
    <p class='ocr_par' dir='ltr' id='par_1_14' title="bbox 1160 2343 1210 2888">
     <span class='ocr_line' id='line_1_65' title="bbox 1160 2343 1204 2546; baseline 0 -158"><span class='ocrx_word' id='word_1_421' title='bbox 1160 2343 1204 2546; x_wconf 95' lang='lat' dir='ltr'>     </span> 
     </span>
     <span class='ocr_line' id='line_1_66' title="bbox 1164 2546 1208 2737; baseline 0 -30"><span class='ocrx_word' id='word_1_422' title='bbox 1164 2546 1208 2737; x_wconf 95' lang='lat' dir='ltr'>   </span> 
     </span>
     <span class='ocr_line' id='line_1_67' title="bbox 1169 2737 1210 2888; baseline 0 0"><span class='ocrx_word' id='word_1_423' title='bbox 1169 2737 1210 2888; x_wconf 95' lang='lat' dir='ltr'>  </span> 
     </span>
    </p>
   </div>
   <div class='ocr_carea' id='block_1_11' title="bbox 1196 3044 1225 3459">
    <p class='ocr_par' dir='ltr' id='par_1_15' title="bbox 1196 3044 1225 3459">
     <span class='ocr_line' id='line_1_68' title="bbox 1196 3044 1225 3459; baseline 0 297"><span class='ocrx_word' id='word_1_424' title='bbox 1196 3044 1225 3459; x_wconf 95' lang='lat' dir='ltr'> </span> 
     </span>
    </p>
   </div>
   <div class='ocr_carea' id='block_1_12' title="bbox 639 89 1724 136">
    <p class='ocr_par' dir='ltr' id='par_1_16' title="bbox 639 89 1724 136">
     <span class='ocr_line' id='line_1_69' title="bbox 639 89 1724 136; baseline -0.003 0"><span class='ocrx_word' id='word_1_425' title='bbox 639 93 678 136; x_wconf 87' lang='lat' dir='ltr'>S.</span> <span class='ocrx_word' id='word_1_426' title='bbox 715 90 1032 136; x_wconf 58' lang='lat' dir='ltr'>Gur-:coitu</span> <span class='ocrx_word' id='word_1_427' title='bbox 1067 101 1232 133; x_wconf 71' lang='lat' dir='ltr'>sen-11</span> <span class='ocrx_word' id='word_1_428' title='bbox 1253 102 1314 132; x_wconf 81' lang='lat' dir='ltr'>MI</span> <span class='ocrx_word' id='word_1_429' title='bbox 1350 89 1724 135; x_wconf 63' lang='lat' dir='ltr'>Pom-rums</span> 
     </span>
    </p>
   </div>
   <div class='ocr_carea' id='block_1_13' title="bbox 1212 169 2125 2662">
    <p class='ocr_par' dir='ltr' id='par_1_17' title="bbox 1212 169 2125 2662">
     <span class='ocr_line' id='line_1_70' title="bbox 1220 169 2102 214; baseline 0.011 -12"><span class='ocrx_word' id='word_1_430' title='bbox 1220 169 1313 213; x_wconf 86' lang='lat' dir='ltr'>plum</span> <span class='ocrx_word' id='word_1_431' title='bbox 1336 169 1470 203; x_wconf 86' lang='lat' dir='ltr'>testatur</span> <span class='ocrx_word' id='word_1_432' title='bbox 1492 169 1526 203; x_wconf 91' lang='lat' dir='ltr'>in</span> <span class='ocrx_word' id='word_1_433' title='bbox 1554 169 1624 214; x_wconf 73' lang='lat' dir='ltr'>ejus</span> <span class='ocrx_word' id='word_1_434' title='bbox 1649 172 1715 205; x_wconf 88' lang='lat' dir='ltr'>vita</span> <span class='ocrx_word' id='word_1_435' title='bbox 1742 171 1882 208; x_wconf 88' lang='lat' dir='ltr'>Pontius</span> <span class='ocrx_word' id='word_1_436' title='bbox 1908 176 2102 212; x_wconf 87' lang='lat' dir='ltr'>Diaconus.</span> 
     </span>
     <span class='ocr_line' id='line_1_71' title="bbox 1218 219 2103 271; baseline 0.011 -18"><span class='ocrx_word' id='word_1_437' title='bbox 1218 219 1313 253; x_wconf 86' lang='lat' dir='ltr'>Hinc</span> <span class='ocrx_word' id='word_1_438' title='bbox 1339 221 1486 264; x_wconf 87' lang='lat' dir='ltr'>quinque</span> <span class='ocrx_word' id='word_1_439' title='bbox 1499 219 1764 266; x_wconf 75' lang='lat' dir='ltr'>Carthagine-niis</span> <span class='ocrx_word' id='word_1_440' title='bbox 1775 223 1924 260; x_wconf 82' lang='lat' dir='ltr'>Ecclefiae</span> <span class='ocrx_word' id='word_1_441' title='bbox 1934 226 2103 271; x_wconf 85' lang='lat' dir='ltr'>Presbyte-</span> 
     </span>
     <span class='ocr_line' id='line_1_72' title="bbox 1218 269 2103 322; baseline 0.011 -19"><span class='ocrx_word' id='word_1_442' title='bbox 1218 269 1245 303; x_wconf 89' lang='lat' dir='ltr'>ri</span> <span class='ocrx_word' id='word_1_443' title='bbox 1271 270 1536 312; x_wconf 77' lang='lat' dir='ltr'>recalcitrarunt,</span> <span class='ocrx_word' id='word_1_444' title='bbox 1562 271 1730 315; x_wconf 85' lang='lat' dir='ltr'>protestati</span> <span class='ocrx_word' id='word_1_445' title='bbox 1756 273 1831 307; x_wconf 88' lang='lat' dir='ltr'>sunt</span> <span class='ocrx_word' id='word_1_446' title='bbox 1858 275 2006 311; x_wconf 73' lang='lat' dir='ltr'>adversus</span> <span class='ocrx_word' id='word_1_447' title='bbox 2032 288 2103 322; x_wconf 82' lang='lat' dir='ltr'>pro·</span> 
     </span>
     <span class='ocr_line' id='line_1_73' title="bbox 1218 320 2103 370; baseline 0.009 -17"><span class='ocrx_word' id='word_1_448' title='bbox 1218 320 1404 355; x_wconf 83' lang='lat' dir='ltr'>motionem</span> <span class='ocrx_word' id='word_1_449' title='bbox 1417 345 1428 362; x_wconf 93' lang='lat'>,</span> <span class='ocrx_word' id='word_1_450' title='bbox 1454 321 1608 356; x_wconf 87' lang='lat' dir='ltr'>dixerunt</span> <span class='ocrx_word' id='word_1_451' title='bbox 1621 332 1814 358; x_wconf 88' lang='lat' dir='ltr'>attentatam</span> <span class='ocrx_word' id='word_1_452' title='bbox 1835 334 1950 359; x_wconf 82' lang='lat' dir='ltr'>contra</span> <span class='ocrx_word' id='word_1_453' title='bbox 1963 325 2103 370; x_wconf 79' lang='lat' dir='ltr'>Aposto-</span> 
     </span>
     <span class='ocr_line' id='line_1_74' title="bbox 1219 370 2102 417; baseline 0.009 -13"><span class='ocrx_word' id='word_1_454' title='bbox 1219 370 1302 404; x_wconf 88' lang='lat' dir='ltr'>licos</span> <span class='ocrx_word' id='word_1_455' title='bbox 1326 371 1502 413; x_wconf 85' lang='lat' dir='ltr'>Canones,</span> <span class='ocrx_word' id='word_1_456' title='bbox 1528 372 1563 406; x_wconf 75' lang='grc' dir='ltr'>δε</span> <span class='ocrx_word' id='word_1_457' title='bbox 1585 372 1675 407; x_wconf 72' lang='lat' dir='ltr'>sesea</span> <span class='ocrx_word' id='word_1_458' title='bbox 1687 373 1845 417; x_wconf 86' lang='lat' dir='ltr'>Cypriani</span> <span class='ocrx_word' id='word_1_459' title='bbox 1866 377 2102 412; x_wconf 89' lang='lat' dir='ltr'>communione</span> 
     </span>
     <span class='ocr_line' id='line_1_75' title="bbox 1218 421 2103 472; baseline 0.009 -19"><span class='ocrx_word' id='word_1_460' title='bbox 1218 421 1444 466; x_wconf 80' lang='lat' dir='ltr'>segregarunt.</span> <span class='ocrx_word' id='word_1_461' title='bbox 1472 422 1577 472; x_wconf 79' lang='lat' dir='ltr'>Qod</span> <span class='ocrx_word' id='word_1_462' title='bbox 1603 425 1683 458; x_wconf 89' lang='lat' dir='ltr'>item</span> <span class='ocrx_word' id='word_1_463' title='bbox 1710 425 1838 469; x_wconf 82' lang='lat' dir='ltr'>turpia,</span> <span class='ocrx_word' id='word_1_464' title='bbox 1863 425 2002 460; x_wconf 86' lang='lat' dir='ltr'>nefanda</span> <span class='ocrx_word' id='word_1_465' title='bbox 2026 451 2038 467; x_wconf 91' lang='lat'>‚</span> <span class='ocrx_word' id='word_1_466' title='bbox 2063 436 2103 461; x_wconf 85' lang='lat' dir='ltr'>ac</span> 
     </span>
     <span class='ocr_line' id='line_1_76' title="bbox 1218 471 2103 518; baseline 0.007 -13"><span class='ocrx_word' id='word_1_467' title='bbox 1218 471 1291 515; x_wconf 85' lang='lat' dir='ltr'>ipfis</span> <span class='ocrx_word' id='word_1_468' title='bbox 1316 471 1498 516; x_wconf 86' lang='lat' dir='ltr'>gentilibus</span> <span class='ocrx_word' id='word_1_469' title='bbox 1521 474 1702 509; x_wconf 85' lang='lat' dir='ltr'>execranda</span> <span class='ocrx_word' id='word_1_470' title='bbox 1722 475 1890 518; x_wconf 82' lang='lat' dir='ltr'>sparserint</span> <span class='ocrx_word' id='word_1_471' title='bbox 1916 476 1957 510; x_wconf 88' lang='lat' dir='ltr'>de</span> <span class='ocrx_word' id='word_1_472' title='bbox 1983 477 2103 512; x_wconf 73' lang='lat' dir='ltr'>S‘ansto</span> 
     </span>
     <span class='ocr_line' id='line_1_77' title="bbox 1219 521 2102 570; baseline 0.009 -16"><span class='ocrx_word' id='word_1_473' title='bbox 1219 521 1413 566; x_wconf 79' lang='lat' dir='ltr'>Cypriane,</span> <span class='ocrx_word' id='word_1_474' title='bbox 1438 523 1473 556; x_wconf 85' lang='lat'>&amp;</span> <span class='ocrx_word' id='word_1_475' title='bbox 1495 522 1607 560; x_wconf 87' lang='lat' dir='ltr'>multis</span> <span class='ocrx_word' id='word_1_476' title='bbox 1633 525 1861 568; x_wconf 83' lang='lat' dir='ltr'>persuaserint,</span> <span class='ocrx_word' id='word_1_477' title='bbox 1887 526 1986 561; x_wconf 87' lang='lat' dir='ltr'>docet</span> <span class='ocrx_word' id='word_1_478' title='bbox 2006 524 2102 570; x_wconf 85' lang='lat' dir='ltr'>hujus</span> 
     </span>
     <span class='ocr_line' id='line_1_78' title="bbox 1220 571 2102 625; baseline 0.007 -20"><span class='ocrx_word' id='word_1_479' title='bbox 1220 571 1367 613; x_wconf 83' lang='lat' dir='ltr'>Epistola</span> <span class='ocrx_word' id='word_1_480' title='bbox 1388 571 1429 607; x_wconf 91' lang='lat' dir='ltr'>ad</span> <span class='ocrx_word' id='word_1_481' title='bbox 1441 572 1671 609; x_wconf 88' lang='lat' dir='ltr'>Florentinum</span> <span class='ocrx_word' id='word_1_482' title='bbox 1690 575 1898 619; x_wconf 86' lang='lat' dir='ltr'>Puppianum</span> <span class='ocrx_word' id='word_1_483' title='bbox 1911 602 1918 609; x_wconf 86' lang='lat'><strong>.</strong></span> <span class='ocrx_word' id='word_1_484' title='bbox 1945 577 2102 625; x_wconf 84' lang='lat' dir='ltr'>Qatuor</span> 
     </span>
     <span class='ocr_line' id='line_1_79' title="bbox 1218 621 2102 672; baseline 0.008 -18"><span class='ocrx_word' id='word_1_485' title='bbox 1218 621 1314 656; x_wconf 88' lang='lat' dir='ltr'>annis</span> <span class='ocrx_word' id='word_1_486' title='bbox 1327 622 1517 669; x_wconf 84' lang='lat' dir='ltr'>Cyprianus</span> <span class='ocrx_word' id='word_1_487' title='bbox 1530 625 1620 660; x_wconf 83' lang='lat' dir='ltr'>sedet</span> <span class='ocrx_word' id='word_1_488' title='bbox 1631 650 1644 667; x_wconf 92' lang='lat'>,</span> <span class='ocrx_word' id='word_1_489' title='bbox 1669 626 1810 660; x_wconf 89' lang='lat' dir='ltr'>celebrat</span> <span class='ocrx_word' id='word_1_490' title='bbox 1818 627 1969 670; x_wconf 89' lang='lat' dir='ltr'>Synodos</span> <span class='ocrx_word' id='word_1_491' title='bbox 1979 652 1989 667; x_wconf 92' lang='lat'>‚</span> <span class='ocrx_word' id='word_1_492' title='bbox 2001 628 2102 672; x_wconf 89' lang='lat' dir='ltr'>pleno</span> 
     </span>
     <span class='ocr_line' id='line_1_80' title="bbox 1216 672 2101 722; baseline 0.007 -17"><span class='ocrx_word' id='word_1_493' title='bbox 1216 672 1285 715; x_wconf 85' lang='lat' dir='ltr'>jure</span> <span class='ocrx_word' id='word_1_494' title='bbox 1296 673 1379 717; x_wconf 84' lang='lat' dir='ltr'>regit</span> <span class='ocrx_word' id='word_1_495' title='bbox 1408 674 1585 709; x_wconf 75' lang='lat' dir='ltr'>Ecclesiam</span> <span class='ocrx_word' id='word_1_496' title='bbox 1597 699 1608 716; x_wconf 95' lang='lat'>,</span> <span class='ocrx_word' id='word_1_497' title='bbox 1633 675 1675 710; x_wconf 89' lang='lat' dir='ltr'>ab</span> <span class='ocrx_word' id='word_1_498' title='bbox 1694 676 1849 710; x_wconf 87' lang='lat' dir='ltr'>omnibus</span> <span class='ocrx_word' id='word_1_499' title='bbox 1861 677 2013 711; x_wconf 87' lang='lat' dir='ltr'>salutatur</span> <span class='ocrx_word' id='word_1_500' title='bbox 2026 678 2101 722; x_wconf 88' lang='lat' dir='ltr'>Epi-</span> 
     </span>
     <span class='ocr_line' id='line_1_81' title="bbox 1219 723 2102 771; baseline 0.006 -14"><span class='ocrx_word' id='word_1_501' title='bbox 1219 723 1334 767; x_wconf 88' lang='lat' dir='ltr'>scopus</span> <span class='ocrx_word' id='word_1_502' title='bbox 1349 735 1357 755; x_wconf 87' lang='lat'>:</span> <span class='ocrx_word' id='word_1_503' title='bbox 1382 724 1483 760; x_wconf 80' lang='lat' dir='ltr'>etiam</span> <span class='ocrx_word' id='word_1_504' title='bbox 1493 725 1512 759; x_wconf 65' lang='lat' dir='ltr'>a</span> <span class='ocrx_word' id='word_1_505' title='bbox 1524 724 1682 771; x_wconf 87' lang='lat' dir='ltr'>Paganis.</span> <span class='ocrx_word' id='word_1_506' title='bbox 1702 727 1791 761; x_wconf 88' lang='lat' dir='ltr'>Nam</span> <span class='ocrx_word' id='word_1_507' title='bbox 1803 726 1860 763; x_wconf 92' lang='lat' dir='ltr'>sub</span> <span class='ocrx_word' id='word_1_508' title='bbox 1872 727 2025 771; x_wconf 87' lang='lat' dir='ltr'>Episcopi</span> <span class='ocrx_word' id='word_1_509' title='bbox 2035 727 2102 762; x_wconf 91' lang='lat' dir='ltr'>elo-</span> 
     </span>
     <span class='ocr_line' id='line_1_82' title="bbox 1217 773 2105 822; baseline 0.005 -15"><span class='ocrx_word' id='word_1_510' title='bbox 1217 773 1276 818; x_wconf 85' lang='lat' dir='ltr'>gio</span> <span class='ocrx_word' id='word_1_511' title='bbox 1300 773 1534 817; x_wconf 87' lang='lat' dir='ltr'>proscribitur,</span> <span class='ocrx_word' id='word_1_512' title='bbox 1559 776 1743 822; x_wconf 85' lang='lat' dir='ltr'>relegatur,</span> <span class='ocrx_word' id='word_1_513' title='bbox 1767 778 1803 812; x_wconf 89' lang='lat'>&amp;</span> <span class='ocrx_word' id='word_1_514' title='bbox 1826 788 1892 812; x_wconf 86' lang='lat' dir='ltr'>tam</span> <span class='ocrx_word' id='word_1_515' title='bbox 1916 779 1951 812; x_wconf 89' lang='lat' dir='ltr'>in</span> <span class='ocrx_word' id='word_1_516' title='bbox 1962 776 2105 822; x_wconf 84' lang='lat' dir='ltr'>Amphi-</span> 
     </span>
     <span class='ocr_line' id='line_1_83' title="bbox 1217 823 2101 873; baseline 0.005 -16"><span class='ocrx_word' id='word_1_517' title='bbox 1217 823 1370 865; x_wconf 90' lang='lat' dir='ltr'>theatro,</span> <span class='ocrx_word' id='word_1_518' title='bbox 1397 835 1496 869; x_wconf 80' lang='lat' dir='ltr'>quam</span> <span class='ocrx_word' id='word_1_519' title='bbox 1518 827 1554 860; x_wconf 88' lang='lat' dir='ltr'>in</span> <span class='ocrx_word' id='word_1_520' title='bbox 1567 826 1668 862; x_wconf 88' lang='lat' dir='ltr'>Circo</span> <span class='ocrx_word' id='word_1_521' title='bbox 1689 828 1873 873; x_wconf 85' lang='lat' dir='ltr'>frequenter</span> <span class='ocrx_word' id='word_1_522' title='bbox 1883 829 2101 872; x_wconf 84' lang='lat' dir='ltr'>proclamatur</span> 
     </span>
     <span class='ocr_line' id='line_1_84' title="bbox 1216 872 2102 919; baseline 0.002 -10"><span class='ocrx_word' id='word_1_523' title='bbox 1216 872 1257 909; x_wconf 83' lang='lat' dir='ltr'>ad</span> <span class='ocrx_word' id='word_1_524' title='bbox 1268 874 1399 909; x_wconf 85' lang='lat' dir='ltr'>leones.</span> <span class='ocrx_word' id='word_1_525' title='bbox 1426 875 1564 911; x_wconf 83' lang='lat' dir='ltr'>Interim</span> <span class='ocrx_word' id='word_1_526' title='bbox 1586 878 1844 919; x_wconf 86' lang='lat' dir='ltr'>Feliciffimum,</span> <span class='ocrx_word' id='word_1_527' title='bbox 1869 876 2028 913; x_wconf 89' lang='lat' dir='ltr'>intrusum</span> <span class='ocrx_word' id='word_1_528' title='bbox 2042 879 2102 911; x_wconf 89' lang='lat' dir='ltr'>Ec·</span> 
     </span>
     <span class='ocr_line' id='line_1_85' title="bbox 1215 924 2104 970; baseline 0.002 -10"><span class='ocrx_word' id='word_1_529' title='bbox 1215 925 1314 961; x_wconf 81' lang='lat' dir='ltr'>clefiae</span> <span class='ocrx_word' id='word_1_530' title='bbox 1334 926 1398 961; x_wconf 82' lang='lat' dir='ltr'>suae</span> <span class='ocrx_word' id='word_1_531' title='bbox 1417 924 1726 963; x_wconf 83' lang='lat' dir='ltr'>Archi-Diaconum</span> <span class='ocrx_word' id='word_1_532' title='bbox 1737 953 1750 970; x_wconf 94' lang='lat'>,</span> <span class='ocrx_word' id='word_1_533' title='bbox 1774 928 1821 964; x_wconf 94' lang='lat' dir='ltr'>ob</span> <span class='ocrx_word' id='word_1_534' title='bbox 1840 929 1987 964; x_wconf 89' lang='lat' dir='ltr'>facinora</span> <span class='ocrx_word' id='word_1_535' title='bbox 2000 927 2104 963; x_wconf 84' lang='lat' dir='ltr'>&amp;fla-</span> 
     </span>
     <span class='ocr_line' id='line_1_86' title="bbox 1215 974 2102 1022; baseline 0.003 -13"><span class='ocrx_word' id='word_1_536' title='bbox 1215 974 1296 1020; x_wconf 84' lang='lat' dir='ltr'>gitia</span> <span class='ocrx_word' id='word_1_537' title='bbox 1315 974 1452 1012; x_wconf 88' lang='lat' dir='ltr'>damnat</span> <span class='ocrx_word' id='word_1_538' title='bbox 1471 988 1511 1011; x_wconf 83' lang='lat' dir='ltr'>ao</span> <span class='ocrx_word' id='word_1_539' title='bbox 1526 977 1683 1022; x_wconf 79' lang='lat' dir='ltr'>degradat</span> <span class='ocrx_word' id='word_1_540' title='bbox 1695 1004 1703 1011; x_wconf 95' lang='lat'><strong><em>.</em></strong></span> <span class='ocrx_word' id='word_1_541' title='bbox 1739 980 1835 1015; x_wconf 85' lang='lat' dir='ltr'>Hinc</span> <span class='ocrx_word' id='word_1_542' title='bbox 1859 978 1996 1014; x_wconf 87' lang='lat' dir='ltr'>schisma</span> <span class='ocrx_word' id='word_1_543' title='bbox 2017 979 2102 1012; x_wconf 86' lang='lat' dir='ltr'>resu-</span> 
     </span>
     <span class='ocr_line' id='line_1_87' title="bbox 1214 1026 2102 1072; baseline 0 -12"><span class='ocrx_word' id='word_1_544' title='bbox 1214 1026 1347 1060; x_wconf 86' lang='lat' dir='ltr'>scitatur</span> <span class='ocrx_word' id='word_1_545' title='bbox 1361 1051 1368 1059; x_wconf 94' lang='lat'><strong>.</strong></span> <span class='ocrx_word' id='word_1_546' title='bbox 1395 1027 1530 1061; x_wconf 87' lang='lat' dir='ltr'>Etenim</span> <span class='ocrx_word' id='word_1_547' title='bbox 1551 1028 1698 1072; x_wconf 86' lang='lat' dir='ltr'>quinque</span> <span class='ocrx_word' id='word_1_548' title='bbox 1718 1028 1868 1064; x_wconf 65' lang='lat' dir='ltr'>fastiosos</span> <span class='ocrx_word' id='word_1_549' title='bbox 1890 1028 2102 1072; x_wconf 80' lang='lat' dir='ltr'>Presbyteros</span> 
     </span>
     <span class='ocr_line' id='line_1_88' title="bbox 1214 1076 2102 1124; baseline -0.001 -11"><span class='ocrx_word' id='word_1_550' title='bbox 1214 1076 1432 1113; x_wconf 84' lang='lat' dir='ltr'>Feliciffimus</span> <span class='ocrx_word' id='word_1_551' title='bbox 1444 1076 1554 1119; x_wconf 75' lang='lat' dir='ltr'>denuo</span> <span class='ocrx_word' id='word_1_552' title='bbox 1562 1077 1657 1113; x_wconf 82' lang='lat' dir='ltr'>inflat</span> <span class='ocrx_word' id='word_1_553' title='bbox 1668 1103 1679 1119; x_wconf 98' lang='lat'>,</span> <span class='ocrx_word' id='word_1_554' title='bbox 1688 1078 1833 1124; x_wconf 88' lang='lat' dir='ltr'>quinque</span> <span class='ocrx_word' id='word_1_555' title='bbox 1843 1079 1909 1122; x_wconf 83' lang='lat' dir='ltr'>jam</span> <span class='ocrx_word' id='word_1_556' title='bbox 1919 1079 2043 1123; x_wconf 86' lang='lat' dir='ltr'>pridem</span> <span class='ocrx_word' id='word_1_557' title='bbox 2055 1077 2102 1112; x_wconf 91' lang='lat' dir='ltr'>ob</span> 
     </span>
     <span class='ocr_line' id='line_1_89' title="bbox 1215 1124 2102 1174; baseline 0.002 -15"><span class='ocrx_word' id='word_1_558' title='bbox 1215 1124 1360 1163; x_wconf 72' lang='lat' dir='ltr'>haeresim</span> <span class='ocrx_word' id='word_1_559' title='bbox 1380 1125 1415 1159; x_wconf 84' lang='lat'>&amp;</span> <span class='ocrx_word' id='word_1_560' title='bbox 1439 1125 1578 1161; x_wconf 81' lang='lat' dir='ltr'>crimina</span> <span class='ocrx_word' id='word_1_561' title='bbox 1598 1126 1847 1174; x_wconf 84' lang='lat' dir='ltr'>Ex·Episcopos</span> <span class='ocrx_word' id='word_1_562' title='bbox 1866 1129 2102 1164; x_wconf 79' lang='lat' dir='ltr'>advocat-Car-</span> 
     </span>
     <span class='ocr_line' id='line_1_90' title="bbox 1215 1172 2103 1227; baseline 0.003 -18"><span class='ocrx_word' id='word_1_563' title='bbox 1215 1174 1413 1220; x_wconf 88' lang='lat' dir='ltr'>thaginem,</span> <span class='ocrx_word' id='word_1_564' title='bbox 1437 1172 1506 1210; x_wconf 87' lang='lat' dir='ltr'>haec</span> <span class='ocrx_word' id='word_1_565' title='bbox 1527 1175 1784 1220; x_wconf 80' lang='lat' dir='ltr'>malignantium</span> <span class='ocrx_word' id='word_1_566' title='bbox 1809 1180 1987 1227; x_wconf 78' lang='lat' dir='ltr'>Synagoga</span> <span class='ocrx_word' id='word_1_567' title='bbox 2013 1178 2103 1214; x_wconf 88' lang='lat' dir='ltr'>dam-</span> 
     </span>
     <span class='ocr_line' id='line_1_91' title="bbox 1216 1223 2102 1273; baseline 0.008 -15"><span class='ocrx_word' id='word_1_568' title='bbox 1216 1235 1273 1260; x_wconf 91' lang='lat' dir='ltr'>nat</span> <span class='ocrx_word' id='word_1_569' title='bbox 1298 1223 1532 1268; x_wconf 83' lang='lat' dir='ltr'>Cyprianum,</span> <span class='ocrx_word' id='word_1_570' title='bbox 1558 1223 1578 1258; x_wconf 79' lang='grc' dir='ltr'>ὲ</span> <span class='ocrx_word' id='word_1_571' title='bbox 1602 1224 1698 1259; x_wconf 70' lang='lat' dir='ltr'>dictis</span> <span class='ocrx_word' id='word_1_572' title='bbox 1725 1225 1925 1273; x_wconf 74' lang='lat' dir='ltr'>presbyteris</span> <span class='ocrx_word' id='word_1_573' title='bbox 1945 1230 2102 1266; x_wconf 81' lang='lat' dir='ltr'>Fortuna.-</span> 
     </span>
     <span class='ocr_line' id='line_1_92' title="bbox 1214 1274 2104 1321; baseline 0.004 -12"><span class='ocrx_word' id='word_1_574' title='bbox 1214 1285 1288 1311; x_wconf 89' lang='lat' dir='ltr'>tum</span> <span class='ocrx_word' id='word_1_575' title='bbox 1310 1274 1405 1321; x_wconf 84' lang='lat' dir='ltr'>eligit</span> <span class='ocrx_word' id='word_1_576' title='bbox 1430 1276 1466 1310; x_wconf 89' lang='lat' dir='ltr'>in</span> <span class='ocrx_word' id='word_1_577' title='bbox 1493 1274 1714 1320; x_wconf 86' lang='lat' dir='ltr'>Episcopum,</span> <span class='ocrx_word' id='word_1_578' title='bbox 1741 1276 1912 1321; x_wconf 81' lang='lat' dir='ltr'>ipsumque</span> <span class='ocrx_word' id='word_1_579' title='bbox 1937 1278 2104 1313; x_wconf 86' lang='lat' dir='ltr'>consecrat</span> 
     </span>
     <span class='ocr_line' id='line_1_93' title="bbox 1214 1324 2102 1370; baseline 0.005 -12"><span class='ocrx_word' id='word_1_580' title='bbox 1214 1325 1389 1367; x_wconf 82' lang='lat' dir='ltr'>Privatus,</span> <span class='ocrx_word' id='word_1_581' title='bbox 1417 1335 1510 1361; x_wconf 84' lang='lat' dir='ltr'>vetus</span> <span class='ocrx_word' id='word_1_582' title='bbox 1536 1324 1706 1360; x_wconf 83' lang='lat' dir='ltr'>haereticus</span> <span class='ocrx_word' id='word_1_583' title='bbox 1734 1348 1746 1365; x_wconf 89' lang='lat'>,</span> <span class='ocrx_word' id='word_1_584' title='bbox 1767 1336 1867 1370; x_wconf 85' lang='lat' dir='ltr'>atque</span> <span class='ocrx_word' id='word_1_585' title='bbox 1890 1326 1935 1362; x_wconf 92' lang='lat' dir='ltr'>ob</span> <span class='ocrx_word' id='word_1_586' title='bbox 1963 1324 2102 1362; x_wconf 78' lang='lat' dir='ltr'>haerefim</span> 
     </span>
     <span class='ocr_line' id='line_1_94' title="bbox 1215 1374 2102 1420; baseline 0.003 -11"><span class='ocrx_word' id='word_1_587' title='bbox 1215 1375 1465 1420; x_wconf 78' lang='lat' dir='ltr'>Ex-Epifcopus</span> <span class='ocrx_word' id='word_1_588' title='bbox 1478 1374 1730 1412; x_wconf 85' lang='lat' dir='ltr'>Lambesitanus</span> <span class='ocrx_word' id='word_1_589' title='bbox 1739 1402 1746 1409; x_wconf 93' lang='lat'><strong><em>.</em></strong></span> <span class='ocrx_word' id='word_1_590' title='bbox 1766 1378 1915 1414; x_wconf 86' lang='lat' dir='ltr'>Omnem</span> <span class='ocrx_word' id='word_1_591' title='bbox 1925 1377 2102 1412; x_wconf 71' lang='lat' dir='ltr'>fastionem</span> 
     </span>
     <span class='ocr_line' id='line_1_95' title="bbox 1215 1425 2103 1472; baseline 0.003 -13"><span class='ocrx_word' id='word_1_592' title='bbox 1215 1425 1336 1462; x_wconf 72' lang='lat' dir='ltr'>iterum</span> <span class='ocrx_word' id='word_1_593' title='bbox 1361 1426 1551 1472; x_wconf 85' lang='lat' dir='ltr'>Cyprianus</span> <span class='ocrx_word' id='word_1_594' title='bbox 1571 1426 1742 1462; x_wconf 85' lang='lat' dir='ltr'>damnavit</span> <span class='ocrx_word' id='word_1_595' title='bbox 1754 1427 1986 1471; x_wconf 83' lang='lat' dir='ltr'>Synodaliter,</span> <span class='ocrx_word' id='word_1_596' title='bbox 2014 1427 2103 1462; x_wconf 86' lang='lat' dir='ltr'>ideo-</span> 
     </span>
     <span class='ocr_line' id='line_1_96' title="bbox 1212 1476 2102 1522; baseline 0 -11"><span class='ocrx_word' id='word_1_597' title='bbox 1212 1487 1277 1520; x_wconf 88' lang='lat' dir='ltr'>que</span> <span class='ocrx_word' id='word_1_598' title='bbox 1301 1476 1359 1511; x_wconf 89' lang='lat' dir='ltr'>illa</span> <span class='ocrx_word' id='word_1_599' title='bbox 1384 1476 1551 1521; x_wconf 88' lang='lat' dir='ltr'>desperata</span> <span class='ocrx_word' id='word_1_600' title='bbox 1574 1477 1721 1514; x_wconf 85' lang='lat' dir='ltr'>Romam</span> <span class='ocrx_word' id='word_1_601' title='bbox 1747 1477 1946 1522; x_wconf 83' lang='lat' dir='ltr'>appellavit,</span> <span class='ocrx_word' id='word_1_602' title='bbox 1972 1479 2102 1522; x_wconf 85' lang='lat' dir='ltr'>sperans</span> 
     </span>
     <span class='ocr_line' id='line_1_97' title="bbox 1212 1525 2104 1572; baseline 0.002 -12"><span class='ocrx_word' id='word_1_603' title='bbox 1212 1528 1361 1561; x_wconf 66' lang='lat' dir='ltr'>evectum</span> <span class='ocrx_word' id='word_1_604' title='bbox 1382 1525 1401 1561; x_wconf 81' lang='grc' dir='ltr'>ὲ</span> <span class='ocrx_word' id='word_1_605' title='bbox 1423 1526 1676 1568; x_wconf 76' lang='lat' dir='ltr'>Cathecumeno</span> <span class='ocrx_word' id='word_1_606' title='bbox 1703 1527 1903 1572; x_wconf 81' lang='lat' dir='ltr'>Episcopum</span> <span class='ocrx_word' id='word_1_607' title='bbox 1915 1528 2104 1563; x_wconf 74' lang='lat' dir='ltr'>nullatenus</span> 
     </span>
     <span class='ocr_line' id='line_1_98' title="bbox 1212 1575 2105 1626; baseline 0.004 -17"><span class='ocrx_word' id='word_1_608' title='bbox 1212 1576 1286 1626; x_wconf 73' lang='lat' dir='ltr'>istic</span> <span class='ocrx_word' id='word_1_609' title='bbox 1312 1575 1524 1620; x_wconf 80' lang='lat' dir='ltr'>probandum</span> <span class='ocrx_word' id='word_1_610' title='bbox 1540 1603 1548 1611; x_wconf 96' lang='lat'>.</span> <span class='ocrx_word' id='word_1_611' title='bbox 1578 1577 1623 1613; x_wconf 85' lang='lat' dir='ltr'>Et</span> <span class='ocrx_word' id='word_1_612' title='bbox 1649 1577 1715 1613; x_wconf 70' lang='lat' dir='ltr'>una</span> <span class='ocrx_word' id='word_1_613' title='bbox 1739 1589 1816 1613; x_wconf 85' lang='lat' dir='ltr'>cum</span> <span class='ocrx_word' id='word_1_614' title='bbox 1842 1579 2018 1618; x_wconf 81' lang='lat' dir='ltr'>Fortunati</span> <span class='ocrx_word' id='word_1_615' title='bbox 2043 1579 2105 1613; x_wconf 86' lang='lat' dir='ltr'>Le-</span> 
     </span>
     <span class='ocr_line' id='line_1_99' title="bbox 1212 1625 2105 1671; baseline 0.002 -11"><span class='ocrx_word' id='word_1_616' title='bbox 1212 1626 1299 1671; x_wconf 80' lang='lat' dir='ltr'>gatis</span> <span class='ocrx_word' id='word_1_617' title='bbox 1324 1625 1541 1662; x_wconf 85' lang='lat' dir='ltr'>Feliciffimus</span> <span class='ocrx_word' id='word_1_618' title='bbox 1566 1627 1699 1662; x_wconf 79' lang='lat' dir='ltr'>acceffit</span> <span class='ocrx_word' id='word_1_619' title='bbox 1724 1629 1870 1662; x_wconf 81' lang='lat' dir='ltr'>Romam</span> <span class='ocrx_word' id='word_1_620' title='bbox 1895 1653 1907 1669; x_wconf 91' lang='lat'>,</span> <span class='ocrx_word' id='word_1_621' title='bbox 1943 1628 2105 1663; x_wconf 73' lang='lat' dir='ltr'>Cornelio</span> 
     </span>
     <span class='ocr_line' id='line_1_100' title="bbox 1212 1675 2104 1722; baseline 0.003 -12"><span class='ocrx_word' id='word_1_622' title='bbox 1212 1676 1372 1711; x_wconf 74' lang='lat' dir='ltr'>Pontifici</span> <span class='ocrx_word' id='word_1_623' title='bbox 1398 1675 1538 1720; x_wconf 77' lang='lat' dir='ltr'>suadens</span> <span class='ocrx_word' id='word_1_624' title='bbox 1563 1676 1784 1711; x_wconf 80' lang='lat' dir='ltr'>Fortunarum</span> <span class='ocrx_word' id='word_1_625' title='bbox 1804 1678 1949 1711; x_wconf 63' lang='lat' dir='ltr'>evectum</span> <span class='ocrx_word' id='word_1_626' title='bbox 1964 1677 2104 1722; x_wconf 55' lang='lat' dir='ltr'>{legiti-</span> 
     </span>
     <span class='ocr_line' id='line_1_101' title="bbox 1212 1723 2103 1769; baseline 0.001 -9"><span class='ocrx_word' id='word_1_627' title='bbox 1212 1737 1266 1760; x_wconf 82' lang='lat' dir='ltr'>ma</span> <span class='ocrx_word' id='word_1_628' title='bbox 1294 1723 1435 1768; x_wconf 76' lang='lat' dir='ltr'>synodo</span> <span class='ocrx_word' id='word_1_629' title='bbox 1455 1725 1578 1769; x_wconf 81' lang='lat' dir='ltr'>viginti</span> <span class='ocrx_word' id='word_1_630' title='bbox 1597 1725 1746 1767; x_wconf 87' lang='lat' dir='ltr'>quinque</span> <span class='ocrx_word' id='word_1_631' title='bbox 1773 1726 2030 1769; x_wconf 88' lang='lat' dir='ltr'>Episcoporum.</span> <span class='ocrx_word' id='word_1_632' title='bbox 2056 1726 2103 1761; x_wconf 71' lang='lat' dir='ltr'>Et</span> 
     </span>
     <span class='ocr_line' id='line_1_102' title="bbox 1213 1771 2103 1819; baseline -0.003 -9"><span class='ocrx_word' id='word_1_633' title='bbox 1213 1771 1449 1819; x_wconf 81' lang='lat' dir='ltr'>Cyprianum,</span> <span class='ocrx_word' id='word_1_634' title='bbox 1473 1773 1536 1807; x_wconf 84' lang='lat' dir='ltr'>nifi</span> <span class='ocrx_word' id='word_1_635' title='bbox 1562 1772 1604 1808; x_wconf 89' lang='lat' dir='ltr'>de</span> <span class='ocrx_word' id='word_1_636' title='bbox 1629 1773 1701 1816; x_wconf 84' lang='lat' dir='ltr'>ipso</span> <span class='ocrx_word' id='word_1_637' title='bbox 1721 1773 1869 1808; x_wconf 59' lang='lat' dir='ltr'>vindicta</span> <span class='ocrx_word' id='word_1_638' title='bbox 1894 1775 2017 1815; x_wconf 84' lang='lat' dir='ltr'>fieret,</span> <span class='ocrx_word' id='word_1_639' title='bbox 2041 1775 2103 1809; x_wconf 86' lang='lat' dir='ltr'>mi-</span> 
     </span>
     <span class='ocr_line' id='line_1_103' title="bbox 1214 1822 2125 1867; baseline -0.001 -7"><span class='ocrx_word' id='word_1_640' title='bbox 1214 1825 1366 1860; x_wconf 83' lang='lat' dir='ltr'>natisunt</span> <span class='ocrx_word' id='word_1_641' title='bbox 1385 1823 1404 1863; x_wconf 71' lang='grc' dir='ltr'>ὲ</span> <span class='ocrx_word' id='word_1_642' title='bbox 1425 1823 1521 1867; x_wconf 88' lang='lat' dir='ltr'>plebe</span> <span class='ocrx_word' id='word_1_643' title='bbox 1535 1822 1784 1863; x_wconf 87' lang='lat' dir='ltr'>trucidandum.</span> <span class='ocrx_word' id='word_1_644' title='bbox 1809 1822 1911 1861; x_wconf 79' lang='lat' dir='ltr'>Haefit</span> <span class='ocrx_word' id='word_1_645' title='bbox 1922 1823 2103 1863; x_wconf 74' lang='lat' dir='ltr'>Pontifex2</span> <span class='ocrx_word' id='word_1_646' title='bbox 2123 1860 2125 1862; x_wconf 80' lang='grc'><strong>,</strong></span> 
     </span>
     <span class='ocr_line' id='line_1_104' title="bbox 1212 1872 2103 1921; baseline 0.001 -14"><span class='ocrx_word' id='word_1_647' title='bbox 1212 1875 1304 1910; x_wconf 80' lang='lat' dir='ltr'>Nam</span> <span class='ocrx_word' id='word_1_648' title='bbox 1316 1873 1437 1913; x_wconf 78' lang='lat' dir='ltr'>horum</span> <span class='ocrx_word' id='word_1_649' title='bbox 1449 1873 1564 1908; x_wconf 83' lang='lat' dir='ltr'>seriem</span> <span class='ocrx_word' id='word_1_650' title='bbox 1575 1873 1716 1912; x_wconf 76' lang='lat' dir='ltr'>necdum</span> <span class='ocrx_word' id='word_1_651' title='bbox 1736 1872 1923 1917; x_wconf 75' lang='lat' dir='ltr'>Cyprianus</span> <span class='ocrx_word' id='word_1_652' title='bbox 1933 1885 1975 1909; x_wconf 81' lang='lat' dir='ltr'>ex</span> <span class='ocrx_word' id='word_1_653' title='bbox 1986 1874 2103 1921; x_wconf 80' lang='lat' dir='ltr'>officio</span> 
     </span>
     <span class='ocr_line' id='line_1_105' title="bbox 1212 1922 2100 1963; baseline 0.001 -6"><span class='ocrx_word' id='word_1_654' title='bbox 1212 1922 1388 1962; x_wconf 80' lang='lat' dir='ltr'>retulerat,</span> <span class='ocrx_word' id='word_1_655' title='bbox 1411 1933 1469 1957; x_wconf 86' lang='lat' dir='ltr'>aut</span> <span class='ocrx_word' id='word_1_656' title='bbox 1492 1922 1579 1957; x_wconf 75' lang='lat' dir='ltr'>certe</span> <span class='ocrx_word' id='word_1_657' title='bbox 1598 1924 1718 1959; x_wconf 72' lang='lat' dir='ltr'>relatio</span> <span class='ocrx_word' id='word_1_658' title='bbox 1740 1923 1884 1963; x_wconf 69' lang='lat' dir='ltr'>necdum</span> <span class='ocrx_word' id='word_1_659' title='bbox 1906 1922 2100 1959; x_wconf 83' lang='lat' dir='ltr'>advenerat.</span> 
     </span>
     <span class='ocr_line' id='line_1_106' title="bbox 1213 1972 2105 2017; baseline 0.001 -11"><span class='ocrx_word' id='word_1_660' title='bbox 1213 1973 1258 2006; x_wconf 91' lang='lat' dir='ltr'>Et</span> <span class='ocrx_word' id='word_1_661' title='bbox 1277 1972 1412 2015; x_wconf 87' lang='lat' dir='ltr'>quidem</span> <span class='ocrx_word' id='word_1_662' title='bbox 1435 1972 1624 2016; x_wconf 79' lang='lat' dir='ltr'>Episcopali</span> <span class='ocrx_word' id='word_1_663' title='bbox 1650 1973 1766 2017; x_wconf 76' lang='lat' dir='ltr'>vigore</span> <span class='ocrx_word' id='word_1_664' title='bbox 1787 1972 1900 2016; x_wconf 76' lang='lat' dir='ltr'>plenus</span> <span class='ocrx_word' id='word_1_665' title='bbox 1922 1973 2105 2011; x_wconf 82' lang='lat' dir='ltr'>Cornelius</span> 
     </span>
     <span class='ocr_line' id='line_1_107' title="bbox 1213 2021 2104 2067; baseline 0.001 -12"><span class='ocrx_word' id='word_1_666' title='bbox 1213 2032 1370 2066; x_wconf 73' lang='lat' dir='ltr'>nuperum</span> <span class='ocrx_word' id='word_1_667' title='bbox 1383 2022 1575 2057; x_wconf 85' lang='lat' dir='ltr'>Feliciffimi</span> <span class='ocrx_word' id='word_1_668' title='bbox 1589 2045 1602 2064; x_wconf 90' lang='lat'>,</span> <span class='ocrx_word' id='word_1_669' title='bbox 1617 2021 1754 2065; x_wconf 83' lang='lat' dir='ltr'>proprio</span> <span class='ocrx_word' id='word_1_670' title='bbox 1768 2032 1847 2057; x_wconf 86' lang='lat' dir='ltr'>tunc</span> <span class='ocrx_word' id='word_1_671' title='bbox 1859 2023 1995 2056; x_wconf 81' lang='lat' dir='ltr'>nomine</span> <span class='ocrx_word' id='word_1_672' title='bbox 2005 2031 2104 2067; x_wconf 80' lang='lat' dir='ltr'>agen-</span> 
     </span>
     <span class='ocr_line' id='line_1_108' title="bbox 1213 2071 2104 2116; baseline 0.002 -12"><span class='ocrx_word' id='word_1_673' title='bbox 1213 2071 1576 2113; x_wconf 57' lang='lat' dir='ltr'>tis&gt;32ppellationem</span> <span class='ocrx_word' id='word_1_674' title='bbox 1601 2072 1759 2114; x_wconf 79' lang='lat' dir='ltr'>spreverat</span> <span class='ocrx_word' id='word_1_675' title='bbox 1785 2096 1798 2112; x_wconf 93' lang='lat'>,</span> <span class='ocrx_word' id='word_1_676' title='bbox 1836 2071 1996 2116; x_wconf 87' lang='lat' dir='ltr'>Cypriani</span> <span class='ocrx_word' id='word_1_677' title='bbox 2022 2072 2104 2115; x_wconf 82' lang='lat' dir='ltr'>judi-</span> 
     </span>
     <span class='ocr_line' id='line_1_109' title="bbox 1213 2119 2102 2165; baseline 0.001 -10"><span class='ocrx_word' id='word_1_678' title='bbox 1213 2120 1303 2157; x_wconf 87' lang='lat' dir='ltr'>cium</span> <span class='ocrx_word' id='word_1_679' title='bbox 1313 2120 1482 2153; x_wconf 68' lang='lat' dir='ltr'>retractare</span> <span class='ocrx_word' id='word_1_680' title='bbox 1498 2119 1669 2165; x_wconf 73' lang='lat' dir='ltr'>noluerat,</span> <span class='ocrx_word' id='word_1_681' title='bbox 1694 2121 1802 2164; x_wconf 79' lang='lat' dir='ltr'>acipsi</span> <span class='ocrx_word' id='word_1_682' title='bbox 1828 2124 1988 2156; x_wconf 78' lang='lat' dir='ltr'>remiserat</span> <span class='ocrx_word' id='word_1_683' title='bbox 2008 2124 2102 2157; x_wconf 88' lang='lat' dir='ltr'>suum</span> 
     </span>
     <span class='ocr_line' id='line_1_110' title="bbox 1215 2167 2106 2215; baseline 0.002 -11"><span class='ocrx_word' id='word_1_684' title='bbox 1215 2170 1292 2204; x_wconf 70' lang='lat' dir='ltr'>Ex·</span> <span class='ocrx_word' id='word_1_685' title='bbox 1305 2169 1518 2209; x_wconf 80' lang='lat' dir='ltr'>Diaconum.</span> <span class='ocrx_word' id='word_1_686' title='bbox 1544 2167 1595 2204; x_wconf 85' lang='lat' dir='ltr'>At</span> <span class='ocrx_word' id='word_1_687' title='bbox 1614 2167 1692 2207; x_wconf 76' lang='lat' dir='ltr'>vero</span> <span class='ocrx_word' id='word_1_688' title='bbox 1706 2178 1796 2204; x_wconf 76' lang='lat' dir='ltr'>nunc</span> <span class='ocrx_word' id='word_1_689' title='bbox 1818 2169 1991 2210; x_wconf 83' lang='lat' dir='ltr'>eumdem,</span> <span class='ocrx_word' id='word_1_690' title='bbox 2014 2171 2106 2215; x_wconf 74' lang='lat' dir='ltr'>quod</span> 
     </span>
     <span class='ocr_line' id='line_1_111' title="bbox 1214 2219 2106 2267; baseline 0 -12"><span class='ocrx_word' id='word_1_691' title='bbox 1214 2220 1392 2255; x_wconf 85' lang='lat' dir='ltr'>Fortunati</span> <span class='ocrx_word' id='word_1_692' title='bbox 1416 2219 1576 2264; x_wconf 88' lang='lat' dir='ltr'>Episcopi</span> <span class='ocrx_word' id='word_1_693' title='bbox 1604 2219 1790 2265; x_wconf 79' lang='lat' dir='ltr'>Legatione</span> <span class='ocrx_word' id='word_1_694' title='bbox 1820 2221 2009 2267; x_wconf 78' lang='lat' dir='ltr'>fungeretur</span> <span class='ocrx_word' id='word_1_695' title='bbox 2027 2224 2106 2255; x_wconf 74' lang='lat' dir='ltr'>c&#39;um</span> 
     </span>
     <span class='ocr_line' id='line_1_112' title="bbox 1215 2268 2110 2315; baseline 0 -11"><span class='ocrx_word' id='word_1_696' title='bbox 1215 2270 1313 2311; x_wconf 86' lang='lat' dir='ltr'>aliis,</span> <span class='ocrx_word' id='word_1_697' title='bbox 1340 2269 1441 2305; x_wconf 82' lang='lat' dir='ltr'>duxit</span> <span class='ocrx_word' id='word_1_698' title='bbox 1465 2269 1692 2304; x_wconf 81' lang='lat' dir='ltr'>audiendum.</span> <span class='ocrx_word' id='word_1_699' title='bbox 1721 2269 1766 2307; x_wconf 83' lang='lat' dir='ltr'>Et</span> <span class='ocrx_word' id='word_1_700' title='bbox 1777 2268 1843 2304; x_wconf 86' lang='lat' dir='ltr'>hoc</span> <span class='ocrx_word' id='word_1_701' title='bbox 1854 2271 2039 2315; x_wconf 82' lang='lat' dir='ltr'>Cyprianus</span> <span class='ocrx_word' id='word_1_702' title='bbox 2049 2271 2110 2304; x_wconf 85' lang='lat' dir='ltr'>im-</span> 
     </span>
     <span class='ocr_line' id='line_1_113' title="bbox 1216 2319 2108 2365; baseline 0 -10"><span class='ocrx_word' id='word_1_703' title='bbox 1216 2320 1394 2365; x_wconf 75' lang='lat' dir='ltr'>probavit..</span> <span class='ocrx_word' id='word_1_704' title='bbox 1415 2319 1574 2354; x_wconf 84' lang='lat' dir='ltr'>Adseruit</span> <span class='ocrx_word' id='word_1_705' title='bbox 1584 2319 1806 2355; x_wconf 74' lang='lat' dir='ltr'>Fortunatam</span> <span class='ocrx_word' id='word_1_706' title='bbox 1818 2321 2022 2358; x_wconf 57' lang='lat' dir='ltr'>tractandum</span> <span class='ocrx_word' id='word_1_707' title='bbox 2034 2320 2108 2355; x_wconf 79' lang='lat' dir='ltr'>Cle·</span> 
     </span>
     <span class='ocr_line' id='line_1_114' title="bbox 1217 2368 2108 2413; baseline 0 -9"><span class='ocrx_word' id='word_1_708' title='bbox 1217 2369 1309 2405; x_wconf 87' lang='lat' dir='ltr'>ricali</span> <span class='ocrx_word' id='word_1_709' title='bbox 1329 2371 1400 2413; x_wconf 82' lang='lat' dir='ltr'>jure</span> <span class='ocrx_word' id='word_1_710' title='bbox 1413 2393 1426 2410; x_wconf 90' lang='lat'>,</span> <span class='ocrx_word' id='word_1_711' title='bbox 1452 2368 1648 2412; x_wconf 87' lang='lat' dir='ltr'>protestatus</span> <span class='ocrx_word' id='word_1_712' title='bbox 1667 2369 1714 2403; x_wconf 86' lang='lat' dir='ltr'>est</span> <span class='ocrx_word' id='word_1_713' title='bbox 1738 2369 1920 2412; x_wconf 81' lang='lat' dir='ltr'>Synodalia</span> <span class='ocrx_word' id='word_1_714' title='bbox 1944 2370 2108 2404; x_wconf 63' lang='lat' dir='ltr'>Africanae</span> 
     </span>
     <span class='ocr_line' id='line_1_115' title="bbox 1219 2416 2105 2464; baseline -0.001 -9"><span class='ocrx_word' id='word_1_715' title='bbox 1219 2420 1368 2459; x_wconf 72' lang='lat' dir='ltr'>Ecclesiae</span> <span class='ocrx_word' id='word_1_716' title='bbox 1388 2418 1431 2456; x_wconf 84' lang='lat' dir='ltr'>de</span> <span class='ocrx_word' id='word_1_717' title='bbox 1452 2418 1592 2453; x_wconf 85' lang='lat' dir='ltr'>Clericis</span> <span class='ocrx_word' id='word_1_718' title='bbox 1609 2416 1732 2462; x_wconf 74' lang='lat' dir='ltr'>judicia</span> <span class='ocrx_word' id='word_1_719' title='bbox 1752 2420 1817 2453; x_wconf 80' lang='lat' dir='ltr'>esse</span> <span class='ocrx_word' id='word_1_720' title='bbox 1838 2419 2080 2464; x_wconf 78' lang='lat' dir='ltr'>inappellabilia</span> <span class='ocrx_word' id='word_1_721' title='bbox 2091 2445 2105 2461; x_wconf 87' lang='lat'>,</span> 
     </span>
     <span class='ocr_line' id='line_1_116' title="bbox 1218 2469 2108 2516; baseline -0.001 -11"><span class='ocrx_word' id='word_1_722' title='bbox 1218 2470 1318 2506; x_wconf 87' lang='lat' dir='ltr'>etiam</span> <span class='ocrx_word' id='word_1_723' title='bbox 1328 2469 1504 2509; x_wconf 81' lang='lat' dir='ltr'>Fortunati</span> <span class='ocrx_word' id='word_1_724' title='bbox 1516 2469 1660 2513; x_wconf 79' lang='lat' dir='ltr'>Legatos</span> <span class='ocrx_word' id='word_1_725' title='bbox 1679 2469 1790 2504; x_wconf 76' lang='lat' dir='ltr'>voluit</span> <span class='ocrx_word' id='word_1_726' title='bbox 1801 2469 1921 2505; x_wconf 82' lang='lat' dir='ltr'>remitti</span> <span class='ocrx_word' id='word_1_727' title='bbox 1932 2470 2108 2516; x_wconf 84' lang='lat' dir='ltr'>Carthagi-</span> 
     </span>
     <span class='ocr_line' id='line_1_117' title="bbox 1216 2519 2104 2565; baseline 0 -11"><span class='ocrx_word' id='word_1_728' title='bbox 1216 2532 1292 2556; x_wconf 86' lang='lat' dir='ltr'>nem</span> <span class='ocrx_word' id='word_1_729' title='bbox 1303 2545 1315 2561; x_wconf 94' lang='lat'>,</span> <span class='ocrx_word' id='word_1_730' title='bbox 1341 2521 1376 2555; x_wconf 76' lang='grc' dir='ltr'>δε</span> <span class='ocrx_word' id='word_1_731' title='bbox 1388 2519 1459 2559; x_wconf 79' lang='lat' dir='ltr'>illic</span> <span class='ocrx_word' id='word_1_732' title='bbox 1471 2530 1550 2554; x_wconf 87' lang='lat' dir='ltr'>cum</span> <span class='ocrx_word' id='word_1_733' title='bbox 1560 2519 1620 2553; x_wconf 85' lang='lat' dir='ltr'>suo</span> <span class='ocrx_word' id='word_1_734' title='bbox 1635 2519 1950 2565; x_wconf 86' lang='lat' dir='ltr'>Pseudo-Episcopo</span> <span class='ocrx_word' id='word_1_735' title='bbox 1958 2519 2104 2564; x_wconf 77' lang='lat' dir='ltr'>judicari.</span> 
     </span>
     <span class='ocr_line' id='line_1_118' title="bbox 1216 2568 2104 2613; baseline -0.006 -6"><span class='ocrx_word' id='word_1_736' title='bbox 1216 2571 1360 2608; x_wconf 84' lang='lat' dir='ltr'>Addidit</span> <span class='ocrx_word' id='word_1_737' title='bbox 1382 2580 1504 2605; x_wconf 37' lang='lat' dir='ltr'>*omnes</span> <span class='ocrx_word' id='word_1_738' title='bbox 1527 2568 1721 2613; x_wconf 73' lang='lat' dir='ltr'>jampridem</span> <span class='ocrx_word' id='word_1_739' title='bbox 1746 2569 1908 2612; x_wconf 74' lang='lat' dir='ltr'>judicatos</span> <span class='ocrx_word' id='word_1_740' title='bbox 1928 2593 1939 2610; x_wconf 89' lang='lat'>‚</span> <span class='ocrx_word' id='word_1_741' title='bbox 1965 2570 2104 2611; x_wconf 79' lang='lat' dir='ltr'>ideoque</span> 
     </span>
     <span class='ocr_line' id='line_1_119' title="bbox 1218 2617 2104 2662; baseline -0.005 -5"><span class='ocrx_word' id='word_1_742' title='bbox 1218 2634 1287 2657; x_wconf 90' lang='lat' dir='ltr'>non</span> <span class='ocrx_word' id='word_1_743' title='bbox 1309 2618 1492 2656; x_wconf 87' lang='lat' dir='ltr'>audiendos</span> <span class='ocrx_word' id='word_1_744' title='bbox 1511 2618 1624 2653; x_wconf 74' lang='lat' dir='ltr'>denuo</span> <span class='ocrx_word' id='word_1_745' title='bbox 1645 2617 1700 2654; x_wconf 84' lang='lat' dir='ltr'>sed</span> <span class='ocrx_word' id='word_1_746' title='bbox 1711 2618 1884 2661; x_wconf 89' lang='lat' dir='ltr'>cogendos</span> <span class='ocrx_word' id='word_1_747' title='bbox 1895 2619 1935 2653; x_wconf 81' lang='lat' dir='ltr'>ad</span> <span class='ocrx_word' id='word_1_748' title='bbox 1945 2619 2104 2662; x_wconf 81' lang='lat' dir='ltr'>poenitcn-</span> 
     </span>
    </p>
   </div>
   <div class='ocr_carea' id='block_1_14' title="bbox 1206 2667 1902 2714">
    <p class='ocr_par' dir='ltr' id='par_1_18' title="bbox 1206 2667 1902 2714">
     <span class='ocr_line' id='line_1_120' title="bbox 1206 2667 1902 2714; baseline -0.007 -7"><span class='ocrx_word' id='word_1_749' title='bbox 1206 2673 1298 2710; x_wconf 82' lang='lat' dir='ltr'>,tiam</span> <span class='ocrx_word' id='word_1_750' title='bbox 1310 2697 1324 2704; x_wconf 92' lang='lat'>..</span> <span class='ocrx_word' id='word_1_751' title='bbox 1345 2671 1427 2704; x_wconf 84' lang='lat' dir='ltr'>Haec</span> <span class='ocrx_word' id='word_1_752' title='bbox 1446 2669 1492 2704; x_wconf 79' lang='lat' dir='ltr'>est</span> <span class='ocrx_word' id='word_1_753' title='bbox 1504 2679 1660 2714; x_wconf 83' lang='lat' dir='ltr'>germana</span> <span class='ocrx_word' id='word_1_754' title='bbox 1681 2667 1902 2711; x_wconf 70' lang='lat' dir='ltr'>faffispecies.</span> 
     </span>
    </p>
   </div>
   <div class='ocr_carea' id='block_1_15' title="bbox 1219 2718 2110 3365">
    <p class='ocr_par' dir='ltr' id='par_1_19' title="bbox 1219 2718 2110 3365">
     <span class='ocr_line' id='line_1_121' title="bbox 1268 2718 2109 2766; baseline -0.004 -10"><span class='ocrx_word' id='word_1_755' title='bbox 1268 2719 1469 2766; x_wconf 68' lang='lat' dir='ltr'>Respondet&gt;</span> <span class='ocrx_word' id='word_1_756' title='bbox 1491 2729 1533 2753; x_wconf 84' lang='lat' dir='ltr'>ex</span> <span class='ocrx_word' id='word_1_757' title='bbox 1555 2719 1623 2763; x_wconf 84' lang='lat' dir='ltr'>ipsa</span> <span class='ocrx_word' id='word_1_758' title='bbox 1646 2718 1752 2762; x_wconf 71' lang='lat' dir='ltr'>palam</span> <span class='ocrx_word' id='word_1_759' title='bbox 1769 2718 1902 2757; x_wconf 70' lang='lat' dir='ltr'>lucere,</span> <span class='ocrx_word' id='word_1_760' title='bbox 1927 2719 2015 2761; x_wconf 86' lang='lat' dir='ltr'>quod</span> <span class='ocrx_word' id='word_1_761' title='bbox 2036 2719 2109 2753; x_wconf 71' lang='lat' dir='ltr'>Ro·</span> 
     </span>
     <span class='ocr_line' id='line_1_122' title="bbox 1219 2763 2110 2816; baseline -0.004 -8"><span class='ocrx_word' id='word_1_762' title='bbox 1219 2784 1324 2808; x_wconf 79' lang='lat' dir='ltr'>manae</span> <span class='ocrx_word' id='word_1_763' title='bbox 1349 2770 1585 2816; x_wconf 81' lang='lat' dir='ltr'>appellationes</span> <span class='ocrx_word' id='word_1_764' title='bbox 1616 2778 1699 2803; x_wconf 89' lang='lat' dir='ltr'>tunc</span> <span class='ocrx_word' id='word_1_765' title='bbox 1726 2767 1868 2802; x_wconf 75' lang='lat' dir='ltr'>omnino</span> <span class='ocrx_word' id='word_1_766' title='bbox 1894 2769 2041 2813; x_wconf 84' lang='lat' dir='ltr'>vigerent</span> <span class='ocrx_word' id='word_1_767' title='bbox 2056 2763 2110 2804; x_wconf 60' lang='lat' dir='ltr'>*im</span> 
     </span>
     <span class='ocr_line' id='line_1_123' title="bbox 1221 2816 2104 2864; baseline -0.006 -6"><span class='ocrx_word' id='word_1_768' title='bbox 1221 2823 1332 2859; x_wconf 82' lang='lat' dir='ltr'>Africa</span> <span class='ocrx_word' id='word_1_769' title='bbox 1341 2848 1348 2855; x_wconf 92' lang='lat'>.</span> <span class='ocrx_word' id='word_1_770' title='bbox 1379 2821 1514 2855; x_wconf 86' lang='lat' dir='ltr'>Etenim</span> <span class='ocrx_word' id='word_1_771' title='bbox 1526 2831 1592 2864; x_wconf 87' lang='lat' dir='ltr'>quo</span> <span class='ocrx_word' id='word_1_772' title='bbox 1603 2818 1750 2861; x_wconf 79' lang='lat' dir='ltr'>alioquin</span> <span class='ocrx_word' id='word_1_773' title='bbox 1763 2818 1982 2853; x_wconf 83' lang='lat' dir='ltr'>fundamento</span> <span class='ocrx_word' id='word_1_774' title='bbox 1992 2816 2104 2854; x_wconf 78' lang='lat' dir='ltr'>omnis</span> 
     </span>
     <span class='ocr_line' id='line_1_124' title="bbox 1222 2869 2110 2916; baseline -0.007 -8"><span class='ocrx_word' id='word_1_775' title='bbox 1222 2873 1287 2913; x_wconf 77' lang='lat' dir='ltr'>haec</span> <span class='ocrx_word' id='word_1_776' title='bbox 1298 2872 1397 2907; x_wconf 71' lang='lat' dir='ltr'>fastio</span> <span class='ocrx_word' id='word_1_777' title='bbox 1407 2870 1590 2916; x_wconf 80' lang='lat' dir='ltr'>appellasset</span> <span class='ocrx_word' id='word_1_778' title='bbox 1606 2870 1771 2909; x_wconf 82' lang='lat' dir='ltr'>Romam,</span> <span class='ocrx_word' id='word_1_779' title='bbox 1788 2869 1823 2903; x_wconf 89' lang='lat'>&amp;</span> <span class='ocrx_word' id='word_1_780' title='bbox 1837 2870 2034 2905; x_wconf 73' lang='lat' dir='ltr'>accessisset?</span> <span class='ocrx_word' id='word_1_781' title='bbox 2060 2869 2110 2902; x_wconf 69' lang='lat' dir='ltr'>Ee</span> 
     </span>
     <span class='ocr_line' id='line_1_125' title="bbox 1224 2917 2103 2966; baseline -0.008 -7"><span class='ocrx_word' id='word_1_782' title='bbox 1224 2925 1258 2959; x_wconf 89' lang='lat' dir='ltr'>in</span> <span class='ocrx_word' id='word_1_783' title='bbox 1282 2923 1344 2961; x_wconf 85' lang='lat' dir='ltr'>hac</span> <span class='ocrx_word' id='word_1_784' title='bbox 1370 2922 1438 2966; x_wconf 85' lang='lat' dir='ltr'>ipsa</span> <span class='ocrx_word' id='word_1_785' title='bbox 1463 2932 1518 2965; x_wconf 89' lang='lat' dir='ltr'>per</span> <span class='ocrx_word' id='word_1_786' title='bbox 1543 2920 1586 2953; x_wconf 92' lang='lat' dir='ltr'>D.</span> <span class='ocrx_word' id='word_1_787' title='bbox 1606 2919 1736 2953; x_wconf 80' lang='lat' dir='ltr'>Petrum</span> <span class='ocrx_word' id='word_1_788' title='bbox 1762 2917 1803 2952; x_wconf 87' lang='lat' dir='ltr'>de</span> <span class='ocrx_word' id='word_1_789' title='bbox 1830 2919 1944 2953; x_wconf 85' lang='lat' dir='ltr'>Marca</span> <span class='ocrx_word' id='word_1_790' title='bbox 1971 2919 2103 2953; x_wconf 82' lang='lat' dir='ltr'>laudata</span> 
     </span>
     <span class='ocr_line' id='line_1_126' title="bbox 1225 2968 2104 3019; baseline -0.006 -11"><span class='ocrx_word' id='word_1_791' title='bbox 1225 2973 1375 3019; x_wconf 78' lang='lat' dir='ltr'>Epistola</span> <span class='ocrx_word' id='word_1_792' title='bbox 1406 2972 1515 3010; x_wconf 86' lang='lat' dir='ltr'>scribit</span> <span class='ocrx_word' id='word_1_793' title='bbox 1544 2970 1678 3004; x_wconf 64' lang='lat' dir='ltr'>Sanctus</span> <span class='ocrx_word' id='word_1_794' title='bbox 1720 2968 1906 3013; x_wconf 85' lang='lat' dir='ltr'>Cyprianus</span> <span class='ocrx_word' id='word_1_795' title='bbox 1937 2969 2104 3013; x_wconf 74' lang='lat' dir='ltr'>praefatum</span> 
     </span>
     <span class='ocr_line' id='line_1_127' title="bbox 1226 3018 2108 3067; baseline -0.009 -7"><span class='ocrx_word' id='word_1_796' title='bbox 1226 3023 1492 3067; x_wconf 66' lang='lat' dir='ltr'>Eat-Episcopum</span> <span class='ocrx_word' id='word_1_797' title='bbox 1512 3020 1677 3054; x_wconf 87' lang='lat' dir='ltr'>Privatum</span> <span class='ocrx_word' id='word_1_798' title='bbox 1698 3021 1760 3053; x_wconf 79' lang='lat' dir='ltr'>effe</span> <span class='ocrx_word' id='word_1_799' title='bbox 1783 3028 1914 3054; x_wconf 84' lang='lat' dir='ltr'>veterem</span> <span class='ocrx_word' id='word_1_800' title='bbox 1932 3018 2108 3052; x_wconf 62' lang='lat' dir='ltr'>haerettcum</span> 
     </span>
     <span class='ocr_line' id='line_1_128' title="bbox 1227 3068 2104 3119; baseline -0.01 -10"><span class='ocrx_word' id='word_1_801' title='bbox 1227 3083 1259 3109; x_wconf 73' lang='lat' dir='ltr'>in</span> <span class='ocrx_word' id='word_1_802' title='bbox 1283 3073 1490 3119; x_wconf 84' lang='lat' dir='ltr'>Lambefitana</span> <span class='ocrx_word' id='word_1_803' title='bbox 1508 3070 1649 3110; x_wconf 71' lang='lat' dir='ltr'>colonia,</span> <span class='ocrx_word' id='word_1_804' title='bbox 1677 3071 1749 3103; x_wconf 72' lang='lat' dir='ltr'>ame</span> <span class='ocrx_word' id='word_1_805' title='bbox 1767 3071 1875 3102; x_wconf 88' lang='lat' dir='ltr'>multos</span> <span class='ocrx_word' id='word_1_806' title='bbox 1895 3068 1962 3110; x_wconf 75' lang='lat' dir='ltr'>fere</span> <span class='ocrx_word' id='word_1_807' title='bbox 1985 3080 2104 3118; x_wconf 65' lang='lat' dir='ltr'>annos,</span> 
     </span>
     <span class='ocr_line' id='line_1_129' title="bbox 1228 3118 2105 3168; baseline -0.009 -8"><span class='ocrx_word' id='word_1_808' title='bbox 1228 3126 1262 3160; x_wconf 88' lang='lat' dir='ltr'>ob</span> <span class='ocrx_word' id='word_1_809' title='bbox 1274 3126 1368 3158; x_wconf 85' lang='lat' dir='ltr'>multa</span> <span class='ocrx_word' id='word_1_810' title='bbox 1393 3126 1545 3168; x_wconf 75' lang='lat' dir='ltr'>&amp;gravia</span> <span class='ocrx_word' id='word_1_811' title='bbox 1557 3120 1686 3161; x_wconf 53' lang='lat' dir='ltr'>delusa,</span> <span class='ocrx_word' id='word_1_812' title='bbox 1713 3122 1876 3164; x_wconf 68' lang='lat' dir='ltr'>nonaginta</span> <span class='ocrx_word' id='word_1_813' title='bbox 1892 3118 2105 3163; x_wconf 70' lang='lat' dir='ltr'>Epiy‘co‘porum</span> 
     </span>
     <span class='ocr_line' id='line_1_130' title="bbox 1224 3170 2104 3221; baseline -0.008 -12"><span class='ocrx_word' id='word_1_814' title='bbox 1224 3175 1377 3221; x_wconf 82' lang='lat' dir='ltr'>sententia</span> <span class='ocrx_word' id='word_1_815' title='bbox 1397 3174 1641 3211; x_wconf 77' lang='lat' dir='ltr'>cmdemnatum,</span> <span class='ocrx_word' id='word_1_816' title='bbox 1669 3171 1876 3214; x_wconf 71' lang='lat' dir='ltr'>Amecefforum</span> <span class='ocrx_word' id='word_1_817' title='bbox 1895 3176 1987 3203; x_wconf 73' lang='lat' dir='ltr'>etiam</span> <span class='ocrx_word' id='word_1_818' title='bbox 2000 3170 2104 3210; x_wconf 82' lang='lat' dir='ltr'>nostro-</span> 
     </span>
     <span class='ocr_line' id='line_1_131' title="bbox 1229 3222 2107 3261; baseline -0.01 -1"><span class='ocrx_word' id='word_1_819' title='bbox 1229 3237 1295 3261; x_wconf 82' lang='lat' dir='ltr'>rum</span> <span class='ocrx_word' id='word_1_820' title='bbox 1319 3225 1452 3259; x_wconf 70' lang='lat' dir='ltr'>Fabrani</span> <span class='ocrx_word' id='word_1_821' title='bbox 1473 3222 1507 3256; x_wconf 66' lang='grc' dir='ltr'>ὠ·</span> <span class='ocrx_word' id='word_1_822' title='bbox 1530 3225 1641 3254; x_wconf 79' lang='lat' dir='ltr'>Donati</span> <span class='ocrx_word' id='word_1_823' title='bbox 1660 3224 1771 3255; x_wconf 72' lang='lat' dir='ltr'>litteris</span> <span class='ocrx_word' id='word_1_824' title='bbox 1791 3229 1942 3259; x_wconf 84' lang='lat' dir='ltr'>notatum,</span> <span class='ocrx_word' id='word_1_825' title='bbox 1967 3225 2018 3261; x_wconf 76' lang='lat' dir='ltr'>qut</span> <span class='ocrx_word' id='word_1_826' title='bbox 2040 3228 2107 3252; x_wconf 81' lang='lat' dir='ltr'>cum</span> 
     </span>
     <span class='ocr_line' id='line_1_132' title="bbox 1230 3269 2109 3319; baseline -0.011 -8"><span class='ocrx_word' id='word_1_827' title='bbox 1230 3275 1348 3319; x_wconf 83' lang='lat' dir='ltr'>causam</span> <span class='ocrx_word' id='word_1_828' title='bbox 1369 3274 1457 3319; x_wconf 84' lang='lat' dir='ltr'>suam</span> <span class='ocrx_word' id='word_1_829' title='bbox 1483 3273 1566 3314; x_wconf 85' lang='lat' dir='ltr'>apud</span> <span class='ocrx_word' id='word_1_830' title='bbox 1589 3278 1700 3310; x_wconf 19' lang='lat' dir='ltr'>noslin</span> <span class='ocrx_word' id='word_1_831' title='bbox 1727 3271 1876 3310; x_wconf 79' lang='lat' dir='ltr'>Concilio,</span> <span class='ocrx_word' id='word_1_832' title='bbox 1903 3271 1982 3311; x_wconf 78' lang='lat' dir='ltr'>quod</span> <span class='ocrx_word' id='word_1_833' title='bbox 2007 3269 2109 3302; x_wconf 71' lang='lat' dir='ltr'>babut-</span> 
     </span>
     <span class='ocr_line' id='line_1_133' title="bbox 1232 3318 2106 3365; baseline -0.009 -5"><span class='ocrx_word' id='word_1_834' title='bbox 1232 3339 1296 3360; x_wconf 89' lang='lat' dir='ltr'>mus</span> <span class='ocrx_word' id='word_1_835' title='bbox 1326 3325 1424 3358; x_wconf 75' lang='lat' dir='ltr'>idibus</span> <span class='ocrx_word' id='word_1_836' title='bbox 1450 3327 1527 3356; x_wconf 78' lang='lat' dir='ltr'>Maii</span> <span class='ocrx_word' id='word_1_837' title='bbox 1553 3348 1563 3364; x_wconf 89' lang='lat'>,</span> <span class='ocrx_word' id='word_1_838' title='bbox 1591 3334 1657 3365; x_wconf 76' lang='lat' dir='ltr'>quae</span> <span class='ocrx_word' id='word_1_839' title='bbox 1680 3322 1818 3363; x_wconf 66' lang='lat' dir='ltr'>proxime</span> <span class='ocrx_word' id='word_1_840' title='bbox 1836 3318 1960 3361; x_wconf 78' lang='lat' dir='ltr'>fuerunt</span> <span class='ocrx_word' id='word_1_841' title='bbox 1984 3344 1994 3359; x_wconf 91' lang='lat'>,</span> <span class='ocrx_word' id='word_1_842' title='bbox 2021 3330 2106 3362; x_wconf 85' lang='lat' dir='ltr'>agere</span> 
     </span>
    </p>
   </div>
   <div class='ocr_carea' id='block_1_16' title="bbox 1234 3370 2107 3455">
    <p class='ocr_par' dir='ltr' id='par_1_20' title="bbox 1234 3370 2107 3455">
     <span class='ocr_line' id='line_1_134' title="bbox 1234 3370 2107 3455; baseline -0.009 -43"><span class='ocrx_word' id='word_1_843' title='bbox 1234 3377 1316 3413; x_wconf 79' lang='lat' dir='ltr'>velle</span> <span class='ocrx_word' id='word_1_844' title='bbox 1327 3373 1364 3419; x_wconf 79' lang='lat' dir='ltr'>se.</span> <span class='ocrx_word' id='word_1_845' title='bbox 1384 3376 1490 3410; x_wconf 76' lang='lat' dir='ltr'>diceret</span> <span class='ocrx_word' id='word_1_846' title='bbox 1515 3398 1527 3416; x_wconf 91' lang='lat'>,</span> <span class='ocrx_word' id='word_1_847' title='bbox 1553 3384 1602 3408; x_wconf 80' lang='lat' dir='ltr'>nec</span> <span class='ocrx_word' id='word_1_848' title='bbox 1626 3373 1766 3428; x_wconf 57' lang='lat' dir='ltr'>admifflas</span> <span class='ocrx_word' id='word_1_849' title='bbox 1790 3370 1828 3412; x_wconf 80' lang='lat' dir='ltr'>est</span> <span class='ocrx_word' id='word_1_850' title='bbox 1848 3395 1855 3403; x_wconf 90' lang='lat'><strong>.</strong></span> <span class='ocrx_word' id='word_1_851' title='bbox 1883 3370 2107 3455; x_wconf 54' lang='lat' dir='ltr'>Lamgtgslitana</span> 
     </span>
     <span class='ocr_line' id='line_1_135' title="bbox 2028 3432 2060 3455; baseline 0 0"><span class='ocrx_word' id='word_1_852' title='bbox 2028 3432 2060 3455; x_wconf 88' lang='lat' dir='ltr'>o·</span> 
     </span>
    </p>
   </div>
  </div>
 </body>
</html>
