2366 3756
855 95 1386 146 ‚DicflrArus‚

241 186 289 222 ob
308 183 393 226 solos
406 180 586 226 disciplinas
607 189 666 220 aut
686 190 817 216 morum
835 177 942 228 lapsus
954 178 1022 217 vult
1035 180 1121 223 poffe

241 233 371 274 extrudi
379 233 413 269 dt
422 232 557 275 judicari
568 257 579 277 ‚
593 232 751 268 sententia
762 229 905 267 omnino
915 229 1013 269 duxit
1025 229 1124 273 origi-

242 497 352 523 rorem
373 485 463 522 enim
484 484 581 519 istum
606 490 700 519 vocat
711 481 882 524 antiquam
908 480 1127 521 sententiam,

243 546 314 571 non
337 534 428 579 quod
449 534 551 577 ipsam
574 533 633 571 alii
645 540 720 568 ante
740 531 922 569 Gersonem
935 555 946 572 ,
972 530 1024 564 sed
1038 530 1127 574 quod

243 595 321 622 ante
330 586 489 630 Papatum
504 585 568 627 ipse
578 582 753 621 detumet.
781 580 910 620 Lucida
924 581 999 620 sunt
1010 579 1106 619 verba
1117 604 1128 624 ‚

242 647 306 673 nec
324 645 406 680 opus
433 633 479 670 est
499 630 778 672 Commentariis,

248 762 398 771 W.-

265 857 268 864 '
314 851 533 918 Exp0m‘turss
584 839 830 911 nowffimum
867 839 1063 914 cujufiz'am

234 932 237 934 “
461 916 465 921 ’
599 920 754 985 Dogma
767 950 781 966 .,
906 915 909 917 ’

250 1049 255 1054 ’
359 1037 428 1073 AEc
450 1035 562 1071 omnia
585 1033 749 1077 improbat
774 1034 809 1070 δε
832 1033 968 1070 damnat
993 1034 1133 1077 Joannes

385 1088 551 1131 Launojus
567 1110 575 1119 .
604 1085 871 1120 constantissime
898 1095 1007 1118 tuetur
1029 1083 1130 1117 Com·

247 1139 480 1178 monitorium,
489 1136 578 1181 quod
590 1147 647 1179 pro
659 1135 868 1169 Tridentinae
881 1133 1008 1176 Synodi
1021 1134 1133 1167 instru-

246 1191 357 1224 fflone
368 1188 409 1222 ad
424 1189 539 1222 Roma:
552 1185 726 1231 degentem
739 1185 831 1218 suum
845 1184 1056 1219 secretarium
1084 1183 1134 1227 Jo-

246 1242 288 1274 an
295 1251 367 1274 nem
380 1238 550 1271 Britonem
563 1235 646 1268 misit
657 1233 795 1269 Carolus
806 1234 989 1269 cardinalis
1012 1233 1134 1270 Lotha·

245 1288 371 1333 ringius
384 1301 395 1321 .·
422 1291 488 1331 Ego
499 1296 605 1331 negare
616 1285 778 1327 nonpofflm
791 1309 802 1326 ,
827 1293 902 1329 qum
925 1286 1036 1319 Gallus
1058 1283 1111 1326 fim
1123 1308 1133 1323 ‚

247 1341 282 1374 ὑ
297 1336 462 1380 Parifienfis
482 1337 646 1370 Academia
656 1336 798 1370 alumnus
810 1360 822 1376 ,
848 1340 880 1368 tn
891 1346 952 1378 qua
965 1339 1134 1368 Romanum

248 1388 420 1431 Pontificem
426 1386 532 1431 subesse
542 1386 671 1420 Concilio
680 1394 817 1425 tenetur,
843 1387 877 1419 (w
901 1391 951 1427 qut
977 1386 1078 1419 dicunt
1090 1383 1133 1417 ibt

246 1444 428 1474 contrarium
460 1461 471 1476 ,
496 1447 655 1478 tamquam
678 1440 818 1472 Haerettct
841 1444 985 1469 notantur
1003 1459 1011 1468 .
1042 1435 1134 1469 Con-

246 1488 455 1524 stantiensem
483 1499 521 1520 ac
538 1485 750 1521 Basileensem
767 1485 901 1520 extollit
923 1508 934 1524 ‚
971 1484 1135 1519 Florenti·

244 1550 323 1574 nam
340 1549 448 1573 autem
462 1536 636 1579 synodum
656 1535 795 1582 indigne
814 1535 967 1579 deprimit
978 1557 989 1573 ,
1013 1544 1050 1567 ac
1063 1543 1134 1576 pro*

244 1589 389 1629 sequitur
411 1602 422 1622 .-
475 1589 642 1630 Prtvtlegia
661 1584 713 1630 seu
731 1586 884 1620 libertates
907 1588 1003 1627 Regnt
1021 1588 1057 1614 in
1077 1581 1133 1614 bac

246 1643 380 1672 veritate
398 1636 500 1676 pofitae
517 1635 590 1676 sunt
611 1633 780 1675 antversae.
809 1637 856 1665 Et
877 1643 946 1664 eam
965 1630 999 1664 ob
1012 1628 1133 1673 causam

246 1685 407 1730 disputatio
426 1682 593 1728 hnjusmodl
610 1681 637 1724 fi
648 1681 719 1725 fiat·
732 1706 744 1722 ,
770 1690 837 1715 tota
859 1683 903 1716 ad
915 1679 1133 1724 subverfionem

246 1739 433 1771 audientium
442 1741 652 1772 convertetur,
682 1736 820 1775 Regnum
825 1729 1016 1774 siparabttus·
1041 1742 1077 1764 ac
1088 1731 1133 1763 λε’-

240 1786 393 1831 strahetur
413 1798 424 1819 .·
464 1784 555 1828 ,Quod
577 1787 632 1815 erit
651 1791 802 1816 commune
827 1792 862 1814 ac
880 1779 1028 1822 summum
1048 1780 1132 1814 illius

246 1843 374 1873 exartum
385 1859 392 1867 .
421 1838 507 1868 Nam
518 1833 634 1867 credere
657 1832 710 1867 vel
721 1831 872 1875 unumveffe
884 1829 1048 1870 Anrtstttem
1060 1853 1071 1870 ,
1082 1834 1133 1872 qm'

247 1887 298 1921 hts
319 1884 481 1930 consentiat
494 1908 505 1924 ,
530 1880 673 1926 insanum
692 1881 966 1926 effet.·‹Loquitur
991 1892 1034 1914 ex
1056 1882 1132 1914 arti-

248 1937 331 1972 culis
347 1960 359 1976 ,
385 1945 466 1979 quos
485 1932 569 1968 olim
592 1932 634 1967 ad
649 1932 835 1967 Basileenfis
855 1931 980 1974 synodi
994 1929 1133 1975 postula-

247 1988 377 2023 tionem
395 1983 576 2030 probarunt
597 1981 745 2026 quaedam
779 1982 984 2027 generalium
1008 1979 1128 2014 studio·

247 2048 322 2072 rum
344 2034 584 2073 univcrfitates,
609 2032 644 2067 δε
664 2043 804 2076 quorum
827 2030 881 2065 hic
911 2031 974 2065 fuit
989 2030 1133 2073 primus.-

248 2092 374 2122 Vestras
386 2085 423 2126 est
434 2082 593 2117 Catholicae
603 2083 695 2116 Fides
706 2106 718 2122 ,
738 2081 861 2124 sacrum
867 2082 1006 2124 generale
1029 2083 1134 2112 conct-

248 2139 324 2172 llum
330 2134 423 2180 supra
436 2138 554 2175 Papam
560 2129 734 2173 potestatem
744 2129 858 2162 babere.
885 2129 930 2161 Et
942 2128 1133 2171 Eugenium

247 2194 400 2228 quartum
418 2207 429 2222 ,
455 2181 547 2225 quod
569 2179 725 2224 praerenfis
747 2177 825 2211 fidei
847 2176 1036 2212 veritatibus
1058 2188 1134 2210 con-

247 2236 370 2269 stanter
379 2231 542 2266 obfisteret
555 2253 566 2270 ,
592 2238 759 2273 tamquam
771 2227 972 2261 Haereticum
981 2227 1067 2261 dieta
1078 2226 1132 2270 Sy—

245 2285 359 2320 nodus
380 2280 588 2326 degradavit.
618 2278 838 2314 Existimabat
857 2278 901 2311 fic
921 2276 1096 2312 definitum
1113 2275 1131 2310 ὲ

249 2332 413 2369 Concilio
423 2329 668 2365 Constantiensi
683 2354 690 2361 .
718 2326 806 2362 Istud
823 2326 1131 2361 Commonitorium

252 2384 362 2419 laudat
384 2382 420 2417 in
441 2381 538 2415 variis
560 2379 716 2422 Epistolis
728 2378 870 2423 kannes
881 2376 1070 2419 Launojus,
1097 2377 1130 2410 ἀ

251 2434 416 2469 exclamat
437 2431 473 2465 in
503 2429 651 2473 Epistola
677 2427 719 2462 ad
745 2427 935 2462 Antonium
955 2427 1131 2461 Taurum:

252 2489 423 2519 Romanam
447 2483 482 2516 o·
500 2481 626 2513 meltorts
649 2476 932 2517 aevtconstanttam.

262 2556 264 2558 -
303 2531 434 2575 Nempe
452 2531 543 2566 dolet
554 2528 793 2572 Lotharingam
819 2526 913 2561 istam
943 2525 1043 2561 fidem
1068 2524 1132 2568 jam

252 2583 441 2619 flaccescere
467 2582 503 2614 in
517 2579 648 2617 Gallia,
672 2579 907 2612 &damnatam
927 2576 1047 2620 abipsa
1059 2577 1132 2610 Hae-

254 2634 345 2669 resim
369 2629 551 2676 praevalere.
582 2628 716 2662 Etenim
737 2627 772 2661 in
782 2638 880 2670 opere
901 2627 943 2661 de
955 2626 1132 2661 Sacerdotii

254 2695 294 2718 ac
305 2681 434 2725 Imperii
446 2676 623 2714 concordia
638 2677 738 2722 longe
756 2677 847 2711 aliter
868 2677 970 2711 credit
990 2676 1133 2711 illustris·

254 2734 352 2767 fimus
384 2729 608 2764 Parisienlium
646 2727 917 2771 Archiepiscopus
954 2727 1068 2761 Petrus
1091 2724 1132 2760 de

254 2783 372 2818 Marca
387 2794 397 2815 :
423 2780 499 2812 solet
511 2781 529 2811 ἃ
538 2777 688 2822 plerisque
702 2780 907 2820 Pragmaticis.
916 2776 1039 2818 bocfere
1053 2784 1128 2818 prae

255 2838 372 2874 clpuum
397 2829 527 2870 constitut
561 2828 708 2863 libertatis
748 2828 912 2861 Gallicanae
949 2826 1109 2859 Theorema
1122 2851 1130 2866 ,

255 2881 418 2916 Concilium
441 2879 659 2913 OEcumentcum
690 2877 825 2922 ficperius
846 2878 898 2921 esse
917 2880 1033 2911 Summo
1053 2879 1128 2910 Pon-

255 2933 332 2974 tifice
344 2957 351 2964 .
379 2928 513 2965 Erudite
528 2928 590 2962 hoc
604 2929 718 2963 refutat
730 2953 742 2970 ,
766 2928 898 2972 ejusque
920 2927 1129 2971 prolixiorem

256 2981 436 3015 discursum
457 2977 639 3022 Stephanus
673 2977 825 3014 Baluzius
851 2977 974 3022 redegit
1000 2978 1035 3010 in
1065 2975 1129 3010 hoc

256 3029 511 3074 compendium:
538 3027 719 3069 Confutatur
737 3033 896 3062 communis
922 3032 1035 3069 opinio,
1063 3038 1129 3069 quae

257 3083 340 3115 docet
357 3085 542 3123 praectpuam
561 3077 732 3111 libertatum
744 3080 886 3122 Regulam
912 3077 989 3111 hanc
1000 3077 1050 3119 esse
1062 3102 1071 3117 ,
1097 3085 1129 3109 ut

257 3133 420 3164 Concilium
432 3129 642 3163 OEcumenicum
648 3125 784 3169 superius
796 3131 926 3161 Romano
938 3126 1075 3170 Pontifice
1086 3128 1130 3160 di-

256 3193 361 3215 catur.
389 3182 546 3223 ,Quamvis
559 3176 664 3218 baecfit
673 3176 782 3211 scholae
794 3179 958 3212 Gallicanae
967 3176 1130 3221 sententia,

257 3244 316 3265 non
338 3230 376 3271 est
399 3241 460 3264 una
479 3240 514 3262 ex
536 3226 723 3262 libertatibus
739 3229 917 3262 Gallicanis.
943 3227 1130 3262 Invenimus

256 3293 358 3315 unum
384 3278 576 3313 Antistitem
597 3300 608 3317 ‚
644 3278 700 3320 qui
721 3278 889 3312 Cardinali
922 3278 1130 3321 Lotharingo

257 3343 325 3364 non
343 3331 526 3365 consentit.
554 3328 596 3362 Et
616 3328 687 3372 quis
706 3337 833 3361 tantum
855 3328 1051 3372 Episcopum
1078 3327 1129 3362 vel

257 3382 382 3427 cogitet
396 3381 437 3415 de
450 3379 570 3414 Haerefi
583 3378 756 3413 accusare?
784 3376 827 3412 Et
839 3378 972 3422 quidem
992 3377 1130 3413 Gallica·

240 295 320 320 nem
331 284 352 319 a
363 283 489 327 Ioanne
500 283 645 322 Getsom}
660 294 667 318 z
679 280 787 320 ,Antea
798 278 910 317 nullus
922 279 970 316 vel
983 279 1126 323 primum

242 334 383 373 credidit
401 333 550 377 possibile
572 333 629 371 nifi
643 331 688 367 ob
710 330 863 368 Haeresim
875 354 885 371 ‚
912 339 970 364 aut
983 330 1069 364 certe
1080 328 1126 367 ob

242 385 366 420 crimen
377 385 431 421 cui
444 382 634 430 degradatio
643 390 711 419 erat
722 381 791 424 ipso
801 379 870 422 jure
880 377 1004 419 adnexa
1017 404 1025 417 ,
1051 379 1126 414 Nec

241 435 335 471 aliud
348 436 381 472 in
394 434 592 478 poenitentiae
599 432 695 470 Bulla
702 430 788 470 dixit
801 429 878 467 Pius
890 430 1057 468 secundus:
1070 429 1127 464 Er-

1895 99 1989 159 283

1188 178 1222 215 ni
1238 177 1435 224 pragmatici
1446 178 1553 214 solum
1564 177 1714 224 generale
1724 178 1915 216 Concilium
1938 175 2077 218 Roma-⁷

1187 241 1233 265 no
1246 230 1466 274 superponunt
1480 229 1644 274 Episcopo
1654 254 1666 271 ,
1691 241 1723 265 at
1736 231 1811 265 vero
1824 232 1965 275 Joannes
1977 232 2063 266 Lau·

1186 279 1281 323 nojus
1289 281 1425 319 eandem
1436 280 1660 318 praefecturam
1672 280 1815 325 impertit
1826 281 2066 325 etiamCapua·

1190 341 1236 363 nae
1246 330 1401 373 Synodo‚
1431 330 1472 364 de
1482 341 1544 374 qua
1559 329 1667 364 scribit
1682 330 1713 364 in
1730 331 1877 375 Epistola
1898 334 1938 366 ad
1953 330 2065 367 Ludo-

1188 380 1297 416 vicum
1311 380 1511 418 Marefium:
1537 383 1658 420 syricius
1669 381 1811 428 Pontifex
1822 381 1970 424 capuensi
1980 384 2066 421 syno-

1189 431 1246 470 do,
1273 443 1341 473 quae
1351 442 1409 469 non
1420 430 1545 467 habetur
1556 431 1762 472 (Emmatha,
1785 431 1819 474 se
1835 431 1999 476 subjeHum
2010 431 2064 475 effe

1190 487 1293 523 recipit
1305 506 1312 513 .
1338 481 1474 516 Labitur
1497 492 1636 525 utroque
1650 484 1730 524 pede
1742 506 1749 513 .
1777 482 1867 517 Nam
1888 481 1977 525 quod
1995 482 2066 516 uni-

1190 530 1318 568 versalis
1328 532 1424 568 fuerit
1437 530 1494 565 ista
1507 531 1659 574 Synodus
1671 555 1682 571 ,
1708 530 1816 565 lucide
1839 533 1881 566 ad
1894 530 2068 577 Theophi-

1191 580 1259 615 lum
1272 581 1479 618 Alexandriae
1489 579 1712 618 patriarcham
1724 581 1832 617 scribit
1843 582 1973 616 Sanetus
1988 583 2069 616 Am·
2087 599 2170 641 Epist.

1192 630 1328 665 brolius.
1362 632 1405 665 Et
1417 629 1575 674 quodipfi
1592 633 1623 665 se
1633 631 1810 678 subjeetum
1834 630 1996 666 admiserit
2010 632 2070 675 Sy÷

1193 680 1311 722 ricius,
1336 681 1427 716 nulla
1449 681 1555 714 littera
1577 681 1690 715 suadet
1711 682 1745 715 in
1767 681 1837 725 ejus
1857 680 2004 727 Epistola
2027 680 2068 717 ad

1195 731 1357 774 Anyfium
1379 731 1579 775 Episcopum
1597 730 1923 767 Theflalonicensem
1935 756 1944 767 .

1244 781 1296 815 Ex
1320 780 1437 817 eodem
1469 781 1633 825 principio
1657 779 1823 824 persuadet
1847 782 1907 817 fibi
1929 782 2070 827 Ioannes

1195 831 1362 874 Launojus
1406 831 1599 868 Romanum
1637 831 1838 876 Episcopum
1874 830 1893 866 a
1928 832 2072 876 generali

1196 880 1353 919 Concilio
1363 882 1453 926 posse
1465 883 1562 917 etiam
1576 880 1716 925 deponi.
1745 880 1871 916 Verum
1884 880 1929 915 illi
1953 883 2072 916 iterum

1194 931 1375 967 adversatur
1405 932 1554 967 laudatus
1590 931 1811 967 parisiensium
1849 930 2076 976 Archiepisco-

1195 992 1273 1025 pus,
1299 982 1389 1025 cujus
1410 984 1569 1027 insignem
1593 982 1774 1017 dodiriuam
1813 982 1996 1026 Stephanus
2017 981 2077 1015 Ba-

1194 1031 1299 1065 luzius
1332 1034 1457 1077 redegit
1487 1034 1522 1066 in
1552 1033 1619 1068 haec
1660 1033 1857 1077 compendia
1900 1045 1907 1064 :
1946 1034 2076 1075 Persona

1197 1081 1347 1124 PontificIs
1369 1084 1389 1114 ἃ
1413 1088 1527 1116 nemine
1537 1085 1695 1124 judicatur
1711 1107 1721 1124 ,
1746 1095 1784 1117 ex
1808 1083 1916 1122 synodo
1939 1087 2075 1116 Romana

1191 1132 1246 1176 sub
1267 1132 1452 1172 symmacho,
1477 1133 1511 1166 ὃ*
1533 1144 1571 1166 ex
1599 1134 1737 1166 Ennods'o
1761 1159 1768 1166 .
1798 1135 1918 1167 Eadem
1945 1131 2078 1173 Ecclefiae

1196 1184 1363 1217 Gallicana
1378 1181 1551 1227 sententia.
1579 1186 1746 1215 Romanum
1761 1184 1933 1226 Pontificem
1957 1184 1977 1215 ὰ
1990 1188 2081 1216 nemi-

1196 1244 1232 1267 ne
1247 1234 1450 1275 judicandum
1468 1231 1611 1275 professus
1630 1231 1668 1272 est
1697 1234 1825 1266 Carolus
1847 1237 1975 1275 Magnus
2011 1257 2022 1272 ‚
2048 1233 2082 1265 (5

1195 1289 1295 1319 caeteri
1318 1283 1399 1317 Galli
1415 1288 1458 1316 ¹in
1479 1284 1588 1323 synodo
1610 1286 1747 1315 Romana
1772 1306 1780 1314 .
1819 1284 1971 1317 Gaudeat
2008 1281 2084 1314 Ma-

1197 1344 1281 1379 gnus
1292 1333 1431 1368 Carolus
1441 1333 1602 1376 Joannem
1622 1331 1806 1375 Launojum
1820 1332 1838 1365 a
1863 1333 1988 1366 Divina
2012 1341 2085 1375 pro·

1199 1384 1343 1419 videntia
1354 1384 1510 1419 servatum
1524 1384 1557 1415 in
1568 1383 1674 1417 nostra
1686 1392 1854 1424 tempora.
1883 1382 2016 1415 Etenim
2042 1380 2083 1414 ab

1197 1435 1267 1477 ipso
1290 1434 1398 1469 fuisset
1421 1433 1595 1468 damnatus
1617 1432 1658 1466 de
1684 1432 1804 1466 Haerefi
1820 1456 1831 1472 ,
1857 1432 2019 1466 aut.cert?=
2043 1430 2084 1464 ad

1196 1484 1344 1517 Curiales
1354 1482 1554 1525 Theologos
1568 1482 1763 1524 proscriptus
1777 1506 1784 1513 .
1814 1481 1920 1514 Addit
1932 1481 2085 1516 laudatus

1197 1532 1471 1574 Archiepiscopus
1494 1545 1502 1562 :
1527 1533 1607 1563 Sane*
1627 1536 1658 1561 in
1679 1528 1767 1571 causa
1806 1529 1948 1573 Haereseos
1970 1530 2086 1572 publice*

1191 1580 1328 1623 profeffae
1354 1582 1389 1614 (5
1408 1577 1580 1622 schismatis
1594 1603 1604 1618 ‚
1631 1585 1703 1621 quin
1732 1580 1768 1612 de
1789 1582 1921 1612 Romano
1948 1574 2087 1621 pontifice

1191 1630 1347 1673 fieripoffit
1370 1631 1513 1670 iudicium
1528 1654 1537 1669 ,
1564 1630 1663 1661 nullus
1677 1641 1819 1671 umquam
1846 1632 1976 1671 scriptor
2004 1630 2090 1662 dubt-

1194 1687 1297 1714 tavit.
1325 1681 1481 1722 ,Quamvis
1498 1679 1684 1722 sententiam
1706 1681 1814 1712 malint
1854 1680 2086 1717 declaratore'am

1195 1731 1276 1771 dict,
1301 1731 1394 1773 quam
1404 1731 1690 1764 condemnatoriam.
1725 1729 1911 1762 Nobiscum
1942 1740 1996 1772 per
2017 1739 2086 1764 om-

1194 1780 1250 1814 nia
1273 1781 1462 1820 consentit,
1491 1792 1551 1814 nec
1579 1780 1680 1814 credit
1709 1780 1739 1813 se
1767 1778 1967 1813 Haereticum
1992 1801 2003 1818 ‚
2027 1789 2085 1814 aut

1196 1830 1357 1866 Romanae
1384 1830 1492 1864 Curiae
1513 1830 1734 1863 adulatorem.

1246 1880 1346 1914 Hanc
1360 1880 1518 1914 vetustam
1531 1880 1694 1924 Regulam
1705 1905 1716 1920 ,
1745 1882 1847 1912 Prima
1859 1878 1946 1922 sedes
1962 1882 1981 1912 ιῖ
1995 1886 2087 1912 nemi·

1195 1940 1232 1963 ne
1243 1931 1411 1973 judicatur,
1440 1931 1481 1964 ad
1503 1929 1706 1973 Apocrypha
1730 1931 1892 1974 figmenta
1914 1929 2084 1974 proscribit

1196 1980 1233 2013 in
1256 1979 1406 2023 Epistola
1427 1979 1468 2012 ad
1494 1979 1674 2013 Claudium
1698 1980 1903 2014 Santeulium
1941 1982 2084 2023 Joannes

1196 2028 1365 2070 Launojus
1393 2054 1404 2069 ‚
1431 2029 1540 2064 fictam
1565 2029 1734 2064 occafione
1772 2029 1879 2064 Sancti
1907 2030 2085 2073 sylvestri,

1196 2077 1252 2119 qui
1264 2077 1463 2111 calumniam
1474 2082 1580 2121 passus
1591 2091 1702 2114 coram
1716 2079 1942 2114 Constantino
1951 2080 2083 2124 Magno

1195 2127 1393 2169 Imperatore
1405 2126 1437 2159 se
1449 2127 1598 2170 purgavit
1613 2152 1620 2160 .
1648 2127 1848 2169 Respondeo
1874 2130 1909 2162 ὅ(
1925 2131 2085 2164 Sinucffa-

1196 2187 1272 2210 nam
1283 2174 1434 2210 adversus
1467 2176 1619 2210 sanctum
1630 2175 1864 2210 Marcellinum
1878 2200 1888 2217 ,
1914 2178 1948 2211 δε
1962 2179 2085 2212 Roma·

1197 2237 1273 2260 nam
1295 2225 1582 2268 SanctiSylvestri
1607 2225 1761 2268 synodos
1784 2250 1795 2266 ‚
1825 2227 1842 2261 a
1864 2226 1983 2270 quibus
2014 2228 2082 2268 lau-

1195 2276 1290 2310 datur
1304 2275 1362 2309 ista
1375 2274 1505 2319 Regula
1517 2299 1528 2315 ‚
1554 2274 1618 2309 effe
1628 2275 1758 2310 fictas&
1773 2276 1912 2319 spurias,
1934 2287 2080 2313 attamen

1197 2338 1263 2359 non
1276 2337 1384 2360 carere
1397 2325 1614 2360 fundamento
1629 2350 1635 2357 .
1665 2325 1798 2359 Etenim
1813 2326 1951 2369 ipsarum
1976 2330 2081 2363 confi*

1192 2377 1262 2414 §tor
1271 2376 1332 2410 fuit
1343 2374 1487 2409 omnino
1499 2374 1694 2410 Catholicus
1707 2400 1718 2416 ,
1743 2376 1777 2411 δε
1788 2377 1871 2410 vixit
1884 2379 2002 2411 ottavo
2028 2379 2082 2412 sae-

1195 2426 1273 2460 culo
1296 2451 1307 2466 ,
1334 2425 1474 2469 ideoque
1493 2425 1586 2469 juxta
1609 2437 1818 2461 communem
1845 2428 1891 2460 sui
1921 2429 2079 2470 temporis

1195 2475 1384 2510 sententiam
1400 2474 1445 2509 est
1462 2475 1590 2510 locutus
1602 2501 1609 2509 .
1637 2476 1680 2510 Et
1694 2476 1831 2521 Regulae
1845 2477 2018 2511 substantia
2030 2479 2078 2512 est

1195 2525 1296 2570 longe
1314 2524 1498 2568 antiquior.
1528 2526 1662 2560 Etenim
1684 2525 1724 2560 de
1736 2527 1852 2561 Sancto
1875 2527 1976 2562 Petro
1990 2528 2082 2571 Apo·

1195 2576 1279 2612 stolo
1295 2586 1331 2608 ac
1344 2575 1411 2618 ejus
1419 2576 1600 2610 Successore
1611 2577 1768 2611 Romano
1778 2577 1943 2621 Episcopo
1956 2579 2078 2622 scripsit

1195 2626 1276 2661 olim
1288 2626 1421 2660 Sanstus
1434 2626 1626 2660 Bonifacius
1636 2627 1760 2670 primus
1775 2639 1782 2659 :
1811 2632 1941 2661 Nicaena
1949 2630 2077 2666 synodus

1194 2677 1312 2719 aliquid
1316 2673 1404 2719 fitper
1414 2686 1480 2709 eum
1492 2687 1548 2709 non
1568 2676 1607 2714 est
1619 2675 1692 2719 ausa
1702 2677 1868 2718 constituere
1880 2701 1890 2717 ,
1918 2689 1982 2711 cum
1993 2680 2080 2712 vide·

1193 2736 1240 2760 ret
1252 2724 1328 2759 nibil
1344 2724 1440 2769 supra
1454 2733 1592 2759 meritum
1610 2725 1697 2769 suum
1704 2726 1778 2770 poffe
1790 2726 1916 2768 conferri
1929 2753 1936 2759 .
1965 2732 2076 2762 Omnia

1193 2778 1318 2819 denique
1329 2775 1395 2809 huic
1407 2784 1534 2810 noverat
1545 2778 1662 2809 Domini
1670 2776 1803 2821 sermone
1816 2779 1942 2820 concessa
1972 2778 2076 2824 Qod

1194 2826 1273 2871 quid
1297 2825 1342 2860 est
1363 2825 1451 2860 aliud
1474 2849 1486 2867 ‚
1511 2826 1608 2869 quam
1635 2828 1745 2870 primae
1770 2827 1851 2860 sedis
1872 2828 2075 2871 Episcopum

1192 2878 1210 2911 a
1231 2876 1374 2921 generali
1397 2874 1534 2919 synodo
1558 2887 1625 2910 non
1649 2879 1736 2920 poffe
1759 2876 1897 2922 judicari
1922 2878 1939 2910 ,ἕ
1968 2877 2074 2911 Nica:-

1194 2938 1273 2961 num
1298 2936 1476 2970 paucorum
1500 2926 1737 2971 Episcoporum
1766 2928 2072 2969 Conventiculum,

1194 2977 1228 3010 in
1241 2987 1308 3019 quo
1330 2977 1482 3012 Sanctum
1497 2976 1643 3011 Leonem
1666 2977 1864 3011 Pontificem
1878 2976 2048 3012 damnavit
2059 3002 2071 3018 ‚

1192 3027 1374 3061 Dioscorus
1411 3026 1620 3061 Alexandriae
1665 3025 1852 3061 patriarcha
1896 3027 2071 3071 praetende-

1193 3077 1248 3111 bat
1270 3077 1333 3111 effe
1354 3075 1537 3120 generalem
1563 3074 1754 3119 synodum:
1782 3075 1838 3110 Ad
1855 3076 2005 3120 Ephefini
2029 3077 2071 3111 la-

1193 3126 1324 3161 trocinii
1347 3127 1544 3161 retractanda
1565 3124 1817 3161 Actaindictam
1838 3126 1953 3160 Nicaeae
1963 3126 2070 3169 Syno-

1191 3175 1269 3210 dum
1282 3175 1522 3219 praetendebara
1534 3177 1666 3218 laudato
1675 3175 1838 3211 Pontifice
1851 3187 1917 3209 non
1930 3176 2068 3220 potuisse

1193 3225 1353 3260 transferri
1368 3225 1613 3261 Chalcedonem
1625 3252 1637 3268 ‚
1662 3226 1800 3271 ideoque
1810 3237 1943 3260 omnem
1959 3227 2065 3269 syno-

1192 3277 1224 3310 di
1249 3277 1470 3311 auctoritatem
1503 3277 1566 3311 effe
1588 3278 1628 3311 ad
1652 3288 1769 3320 paucos
1792 3275 1909 3310 Nicaeae
1931 3277 2070 3320 perseve-

1193 3336 1301 3360 rantes
1325 3326 1506 3370 Episcopos
1532 3322 1719 3362 devolutam
1746 3351 1753 3359 .
1781 3326 1874 3360 Hinc
1896 3326 1926 3359 se
1950 3327 2070 3359 iterum

1195 3376 1320 3412 intrusit
1330 3377 1364 3411 in
1376 3376 1558 3420 Praesxdem‚
1568 3378 1600 3412 &
1612 3377 1806 3413 sententiam
1815 3401 1825 3419 ‚
1840 3386 1937 3420 quam
1949 3373 2068 3417 Ephesi

1983 3435 2019 3459 ιη

2192 610 2222 637 9·

2095 1065 2153 1100 Lib.
2182 1075 2192 1094 1
2199 1080 2208 1090 ·

2095 1115 2157 1145 cap.
2166 1117 2176 1136 ι
2186 1116 2212 1134 1·

2101 2605 2222 2645 Efisty.
