2366 3756
47 1040 131 1081 ‘3212'
139 1050 188 1093 ψ·

61 2673 136 2711 Cap·
154 2680 198 2709 ις-

66 2981 127 3026 13ib.
149 2990 178 3018 3-

68 3028 112 3050 tit.
133 3030 181 3057 41.
190 3028 220 3047 e.

72 3069 114 3092 ιι.

521 182 1060 225 CONCILJ'UM

1130 179 1594 226 Romanum.

1897 197 1986 243 149

224 266 384 314 vigiliam
398 291 408 307 ,
431 265 466 301 &
479 267 583 311 pridie
594 267 634 301 ad
647 267 822 309 vesperam
841 264 1028 298 dicebatur.
1059 263 1119 297 Se*
1170 264 1243 306 fiam
1257 291 1267 306 ‚
1289 275 1320 299 ut
1330 271 1455 307 recipiat
1467 265 1509 299 ibi
1515 270 1688 310 peregrinos
1709 267 1790 301 illius
1814 266 1866 301 loci
1879 290 1889 306 ,
1914 268 1948 301 (st
1969 267 2010 300 ibi
2033 268 2054 299 ὰ

223 318 331 355 cunda
355 318 511 362 speuabat
530 318 570 352 ad
591 318 692 360 ipsam
713 315 942 353 festivitatem,
972 315 1006 348 ὅ(
1028 314 1112 348 dice-

224 369 319 406 batur
339 368 379 403 ad
403 369 539 403 Diurnae
565 368 646 402 lucis
669 364 862 400 exordium:
889 365 982 408 ,Quod
1002 364 1088 397 illum
1102 388 1112 404 ,

223 418 335 461 inquit
357 420 506 453 laudatus
525 417 709 452 Amalarius
731 440 741 455 ,
768 426 805 448 ex
829 422 938 447 matris
961 425 1043 448 utero
1067 416 1113 447 di-

219 477 335 514 gnatus
360 470 422 513 esset
446 473 525 503 Deus
546 468 700 501 bonorare.
728 464 811 511 Qae
824 465 985 499 omniain
999 464 1109 498 Theo-

225 518 343 564 logicae
357 519 551 555 eruditionis
562 529 658 562 opere
669 516 842 549 confirmat
855 515 961 560 Hugo
982 514 1023 548 de
1036 515 1111 548 San·

225 570 280 603 ἑὶο
300 570 434 604 Victore
451 593 462 610 ,
488 568 588 612 capiti
611 567 661 601 isti
682 576 850 610 apponens
873 563 957 599 hanc
982 565 1114 610 Epigra-

225 617 313 663 phen
326 633 337 652 .·
365 622 468 662 ,Quare
490 618 603 660 infesto
612 618 691 651 beati
703 620 844 661 Joannis
859 615 1007 657 Bapnflae
1021 616 1114 658 Missae

228 670 298 703 duae
317 675 351 702 in
359 668 538 712 quibusdam
560 667 690 709 Ecclefiis
711 666 917 700 celebrentur?
943 666 1002 700 Tu
1010 677 1049 699 nc
1070 676 1112 699 er-

226 718 273 763 go
295 730 367 753 mos
388 719 567 753 decrescere
588 727 725 761 coeperat
747 716 957 761 &abrogari.
987 715 1113 750 Verum

227 769 478 812 vespertinarum
501 769 672 803 Miffarum
682 767 805 812 origo,
832 768 938 809 ratio,
963 764 1115 801 &omnis

227 819 321 853 series
332 819 377 853 est
389 819 465 853 alibi
477 817 667 853 elucidanda
678 844 686 851 .

278 869 360 903 Sunt
383 870 461 902 item
484 869 586 913 aliqui
605 867 781 914 singulares
801 868 912 908 casus,
940 866 973 900 in
996 866 1115 910 quibus

228 918 356 963 antiqui
375 919 473 952 etiarn
495 918 650 954 Canones
673 918 864 952 sacrificium
876 917 989 951 eadem
1009 917 1063 950 die
1074 915 1115 949 ab

225 969 342 1003 eodem
375 968 549 1003 Sacerdote
569 969 762 1012 permittunt
786 968 894 1001 iterari
919 991 927 999 .
967 967 1115 1000 Primum

227 1018 338 1052 laudat
357 1018 448 1052 tertia
459 1018 615 1062 Synodus
627 1015 893 1062 Carthaginenfis
907 1030 917 1050 .-
946 1019 1117 1049 sacramen-

229 1079 263 1103 ta
277 1069 390 1101 Altaris
402 1079 458 1101 non
481 1068 539 1110 nifi
555 1070 575 1101 a
587 1070 704 1110 jqr‘unis
724 1067 892 1101 bominibus
914 1067 1112 1099 celebrentur.

229 1123 316 1152 Nam
331 1118 361 1160 st
378 1119 541 1161 aliquorum
559 1119 789 1161 postmeridiano
810 1125 937 1159 tempore
964 1116 1113 1158 defunc'lo-

228 1181 295 1202 rum
316 1171 527 1202 commendatio
545 1169 695 1211 facienda
719 1168 758 1209 est
783 1193 795 1209 ‚
826 1166 899 1211 solis
937 1167 1112 1200 orationibus

225 1220 285 1262 fiat
311 1243 321 1258 ‚
351 1218 381 1260 fi
395 1220 438 1253 illi
457 1226 510 1262 qui
529 1219 672 1261 faciunt,
698 1221 762 1255 iam
776 1215 881 1260 pranfi
896 1223 1111 1251 inveniantur.

229 1269 285 1302 Ad
314 1270 420 1311 ipsum
446 1270 565 1304 animae
589 1268 749 1314 egressum
776 1267 920 1311 Maiores
941 1267 1042 1301 nostri
1056 1267 1113 1300 sta-

228 1319 289 1352 tim
311 1318 491 1353 offerebant
513 1319 728 1361 sacrificium,
754 1328 853 1362 atque
876 1318 921 1352 ita
947 1318 1047 1361 ipsam
1072 1317 1112 1351 ad

230 1368 435 1403 tremendum
455 1369 521 1403 Dei
542 1368 710 1403 Tribunal
731 1367 996 1404 comitabantur.
1026 1369 1112 1410 Age-

230 1418 311 1452 banr
330 1418 415 1452 istud
436 1418 550 1461 quavis
572 1418 637 1452 diei
661 1417 761 1458 hora,
803 1417 902 1452 etiam
926 1416 996 1460 post
1021 1417 1115 1450 meri-

228 1469 316 1502 diem
331 1493 352 1513 ,1
368 1469 466 1502 etiam
490 1468 691 1512 nonjejuni.
719 1468 838 1502 Hocce
861 1466 1016 1510 posterius
1036 1467 1113 1500 huic

228 1518 366 1560 Synodo
381 1529 450 1551 non
475 1518 617 1561 placuit,
645 1519 784 1560 ideoque
805 1517 876 1560 post
898 1516 1067 1549 meridiem
1081 1518 1113 1549 δε

224 1566 410 1609 Presbyteri
433 1565 637 1601 Parochialis
658 1566 832 1609 prandium
854 1564 1022 1598 defunetas
1048 1565 1115 1596 ani-

224 1627 295 1652 mas
316 1617 423 1649 sanxit
448 1616 603 1658 deinceps
615 1616 691 1651 solis
700 1614 905 1650 orationibus
918 1615 993 1646 Deo
1007 1613 1113 1655 Judici

223 1665 505 1699 commendandas
516 1690 523 1697 .
551 1665 644 1698 Dum
654 1664 735 1708 ergo
748 1663 920 1705 Presbyter
930 1661 1036 1695 adhuc
1049 1673 1114 1695 erat

223 1716 372 1761 jejunus,
401 1726 443 1749 ex
467 1725 557 1748 more
570 1715 707 1759 antiquo
720 1715 859 1757 permifit
873 1712 913 1746 ab
926 1712 983 1745 illo
999 1713 1114 1745 sacrifi-

224 1767 315 1800 cium
338 1766 465 1799 iterari.
495 1765 543 1799 lta
567 1765 744 1799 Canonem
767 1764 800 1797 in
825 1763 889 1797 suis
903 1762 1115 1796 Commenta-

227 1816 282 1849 riis
305 1815 464 1859 intelligit
486 1812 586 1849 etiam
614 1814 819 1850 Theodorus
839 1813 1015 1847 Balsamon
1042 1837 1052 1852 ,
1081 1813 1115 1846 &

228 1864 376 1910 adjungit
389 1877 396 1897 ε
426 1869 488 1901 Hoc
499 1873 596 1898 autem
608 1864 693 1899 hodie
705 1877 762 1898 non
770 1863 913 1908 servatur
922 1888 929 1896 .
960 1863 1015 1898 Ut
1028 1873 1114 1896 nern-

227 1915 268 1960 pe‘
283 1916 352 1958 post
377 1914 545 1949 meridiem
572 1927 630 1959 pro
651 1915 813 1950 defunstis
825 1913 1025 1949 celebretur.
1054 1912 1114 1946 At-

227 1975 335 1999 tamen
362 1965 396 1998 in
420 1963 474 1998 die
492 1964 705 2008 depositionis
721 1965 767 1999 bis
781 1965 820 1999 ab
833 1965 951 1999 eodem
963 1962 1114 1998 Sacerdo-

226 2025 261 2049 te
281 2013 432 2049 celebrari
446 2039 457 2055 ‚
482 2013 600 2050 diserte
621 2013 676 2049 hic
690 2016 848 2058 permittit
876 2013 1065 2048 Alexander
1076 2014 1115 2047 se-

226 2063 373 2100 cundus.
399 2065 511 2100 Etiam
538 2065 575 2100 iu
609 2064 740 2100 laudata
765 2064 949 2100 Oxonienfi
979 2062 1117 2107 Synodo

227 2113 412 2160 Stephanus
426 2113 700 2159 Archiepiscopus
713 2115 955 2149 Cantuarienfis
968 2127 976 2146 ι
1003 2119 1055 2146 Ne
1064 2116 1115 2144 Sa·

227 2166 328 2199 cerdos
348 2164 498 2207 quispiam
523 2167 677 2206 Missurum
694 2163 837 2206 solemnia
872 2163 993 2195 celebres
1017 2162 1063 2193 bIs
1085 2167 1116 2193 in

228 2217 297 2253 die,
325 2220 457 2254 exceptis
480 2220 612 2255 exequiis
637 2212 841 2253 defunHorum
855 2235 865 2250 ‚
893 2212 957 2243 cum
980 2211 1117 2243 videlicet

230 2270 335 2304 corpus
348 2263 474 2302 alicujus
488 2267 520 2295 in
537 2261 664 2304 Ecclefia
679 2261 779 2303 fuerit
803 2261 902 2295 eodem
914 2260 962 2292 die
972 2261 1117 2293 tumulan-

233 2314 324 2345 dum.
352 2315 398 2344 Et
418 2322 488 2345 tunc
503 2317 587 2353 prior
610 2312 696 2355 Missa
715 2312 752 2344 de
761 2312 810 2343 die
823 2335 834 2351 ‚
858 2310 993 2352 posterior
1001 2317 1059 2351 pro
1069 2311 1117 2343 de-

229 2360 333 2405 func‘lo
343 2361 499 2394 celebretur
512 2386 519 2393 .
547 2361 735 2394 Praesentem
749 2358 930 2394 Alexandri
943 2359 1120 2393 Canonem

236 2412 270 2445 in
293 2410 518 2446 Occidentalis
541 2410 689 2445 Ecclefiae
712 2409 858 2446 Historia
874 2409 981 2443 laudat
995 2410 1093 2443 etiam
1110 2434 1119 2449 ‚

236 2461 293 2505 qui
317 2460 373 2495 sub
394 2461 559 2505 Gregorio
582 2472 674 2495 nouo
698 2460 830 2500 floruit,
859 2459 997 2503 Jacobus
1009 2460 1120 2494 Cardi-

236 2510 320 2545 nalis
341 2511 382 2546 de
403 2510 573 2545 Vitriaco.

286 2560 439 2595 Alterum
461 2562 568 2595 casum
588 2557 744 2595 habemus
765 2560 807 2595 ab
835 2561 1025 2596 Emeritensi
1065 2559 1122 2594 sub

235 2610 401 2646 vitaliani
425 2611 549 2654 papatu
573 2611 731 2645 celebrata
756 2611 917 2654 Synodo,
943 2624 1014 2656 quae
1052 2612 1122 2655 plu-

235 2673 285 2696 res
304 2672 454 2706 pauperes
474 2659 651 2695 parochias
678 2662 845 2696 committi
875 2662 1036 2706 permittit
1062 2661 1120 2695 uni

237 2712 431 2753 Presbytero
446 2735 457 2750 ,
482 2712 516 2745 ὅ(
537 2711 579 2745 de
600 2711 670 2754 ipso
691 2711 844 2757 adjungit
870 2726 880 2746 .-
919 2716 976 2745 Pro
996 2712 1121 2755 fingulis

238 2761 398 2804 quibusque
417 2760 570 2803 Ecclefiis,
596 2766 629 2794 in
648 2761 754 2804 quibus
774 2761 972 2806 juffusfuerit
981 2763 1100 2805 praeeffe
1112 2787 1122 2801 ‚

238 2822 296 2855 pro
310 2811 432 2855 singulis
455 2811 561 2844 diebus
585 2815 744 2845 Dominicis
760 2811 936 2855 sacrificium
953 2815 1013 2845 Deo
1020 2821 1122 2854 procu·

241 2872 287 2896 ret
309 2862 430 2903 offerre.
460 2861 503 2894 Et
522 2859 619 2903 hujus
640 2860 786 2896 mandati
806 2863 1021 2907 neglectorem
1033 2861 1121 2904 jubet

241 2913 261 2946 ὲ
282 2914 340 2946 suo
362 2910 527 2954 Episcopo
549 2913 848 2947 excommunicari.
877 2913 920 2946 Et
941 2912 1121 2947 hinciutel-

242 2964 325 3007 liges
346 2960 493 2995 Honorii
517 2960 604 2994 tertii
627 2961 831 3006 Rescriptum
844 2962 883 2996 ad
900 2961 1121 3007 Archiepisco-

242 3022 321 3056 pum
349 3011 579 3054 sipontinum:
607 3014 684 3043 Cum
705 3013 822 3047 cuilibet
859 3014 1027 3053 Sacerdoti,
1051 3025 1120 3056 qua-

241 3072 361 3104 cumque
381 3063 528 3103 dtgnitate
543 3060 745 3104 praefulgeat,
768 3075 861 3097 unam
885 3068 917 3097 in
941 3065 990 3097 die
1001 3064 1122 3097 celebra-

240 3124 272 3147 re
294 3111 410 3154 Missam
425 3109 550 3152 sufficiat
571 3133 582 3150 ,
610 3114 812 3147 Fraternitati
833 3122 894 3147 tuae
921 3115 1097 3146 mandamus
1112 3140 1120 3155 ‚

241 3161 395 3205 quatenus
415 3161 462 3192 die
483 3162 584 3192 Coenae
606 3163 725 3194 Domini
748 3165 781 3196 in
809 3162 936 3204 Ecclefia
966 3166 1122 3206 Sipontina

242 3213 426 3249 dumtaxat,
452 3217 484 3241 tn
503 3221 563 3251 qua
575 3216 682 3243 teneris
704 3211 843 3254 Cbrisma
864 3214 1001 3256 conficere
1014 3238 1024 3254 ‚
1051 3214 1121 3258 Mis-

236 3261 343 3306 sarum
357 3260 479 3300 studeas
496 3257 640 3300 solemnia
650 3261 812 3295 celebrare.
841 3265 953 3297 Glossa
964 3265 1120 3308 exponit:

242 3309 481 3353 Arcbiepiscopus
502 3311 676 3351 sipontinus
698 3312 746 3344 die
766 3316 867 3347 Coenae
887 3316 1007 3347 Domini
1021 3316 1058 3348 de
1068 3327 1120 3348 an-

242 3368 329 3404 tiqua
347 3359 553 3403 consuetudine
571 3359 708 3401 conficere
728 3370 843 3397 tenetur
854 3363 998 3407 Chrisma
1022 3371 1054 3397 in
1064 3368 1122 3397 Ec-

243 3410 324 3452 clessa
347 3412 503 3452 sipontina
515 3435 522 3442 .
545 3411 605 3443 sed
622 3411 702 3443 idem
716 3411 951 3455 Arcbiepiscopus
962 3416 1063 3447 eadem
1074 3417 1121 3447 die

242 3462 331 3494 man?
353 3461 389 3492 de
402 3458 600 3502 consuetudine
610 3461 720 3493 accedit
741 3462 786 3494 ad
804 3465 1120 3506 Garganicam.Ecclc-

340 3508 449 3549 christ.
464 3513 540 3554 Lupi
555 3513 642 3552 Oper.
654 3512 735 3544 Tom.
749 3515 783 3544 V.

1176 318 1259 349 Clero
1269 318 1301 349 (⁸2⁹
1314 318 1423 357 Populo
1434 318 1576 351 celebrare
1585 317 1781 359 compellitur.
1814 318 1898 350 Unde*
1904 315 1993 360 super
2003 315 2055 350 boc

1174 367 1349 407 imploravit
1359 364 1499 406 confilium
1513 369 1625 409 Papae.
1656 372 1702 400 Et
1713 370 1802 409 Papa
1814 368 1970 410 respondet
1981 367 2058 409 quod

1174 417 1290 449 tantum
1301 421 1333 448 in
1346 418 1500 456 sipontina
1512 417 1659 458 Ecclesia,
1683 422 1716 449 in
1733 429 1793 460 qua
1813 426 1928 450 tenetur
1955 415 2059 460 cbris-

1175 477 1225 497 ma
1250 467 1402 509 conficere,
1428 465 1533 499 debeat
1559 466 1722 499 celebrare.
1755 467 1846 514 Qia
1860 466 1976 510 nempe
1988 467 2058 501 Do·

1177 515 1297 549 minica
1321 515 1419 548 C-aena
1444 526 1512 549 non
1537 515 1574 548 fit
1595 513 1664 548 dies
1685 515 1782 549 festus
1797 540 1807 555 ,
1832 517 1973 561 ideoque
1988 528 2058 550 non

1175 566 1212 598 fit
1235 566 1319 599 ratio
1340 565 1495 599 binandi.
1522 565 1592 608 Jam
1615 564 1738 608 pridem
1757 566 1847 598 enim
1869 566 1973 600 binari
1988 577 2057 601 non

1177 616 1399 658 permittitur,
1425 615 1483 648 nisi
1511 615 1546 649 in
1575 615 1713 660 gratiam
1740 615 1908 659 popularis
1933 616 2060 662 obliga-

1176 675 1276 699 tionis
1292 690 1299 698 .

1225 715 1287 749 Ista
1309 715 1440 750 interim
1461 716 1598 751 iterandi
1620 714 1734 751 eadem
1758 715 1811 750 die
1821 716 1968 751 sacrificii
1981 727 2060 751 con-

1178 766 1313 800 suetudo
1336 765 1460 800 dudum
1483 767 1588 811 viguit
1610 766 1643 799 in
1666 766 1796 800 Latinis
1819 766 1991 803 Ecclefiis.
2016 767 2063 801 E·

1179 817 1280 850 tenim
1295 816 1336 849 de
1347 816 1443 851 beato
1455 817 1552 850 etiam
1569 815 1717 850 Alcuino
1729 815 1848 850 Flacco
1862 816 1971 850 scribit
1993 815 2062 859 eius

1180 866 1264 901 vita:
1287 867 1428 900 Alcutnus
1440 872 1518 900 omni
1528 869 1576 901 die
1586 866 1748 900 celebrabat
1761 866 1911 910 Miffarum
1918 865 2063 909 solemnia

1180 918 1274 949 multa
1299 928 1362 949 cum
1389 917 1545 957 honestatis
1571 919 1732 961 diligentia
1749 939 1765 957 5
1798 915 1911 950 babens
1941 915 2063 959 fingulis

1178 965 1368 1000 bebdomadae
1381 968 1484 1000 diebus
1512 969 1615 1012 Missas
1644 962 1807 1010 deputatas
1822 971 1982 1009 proprias.
2005 968 2067 997 Do-

1178 1020 1379 1058 minrcoporro
1391 1020 1461 1057 die,
1488 1020 1565 1051 nullo
1577 1030 1717 1061 umquam
1739 1025 1887 1059 tempore,
1912 1014 2068 1058 postquam

1176 1068 1230 1099 lux
1256 1066 1408 1109 inchoasset
1429 1076 1575 1109 apparere
1596 1081 1733 1109 aurorae,
1764 1066 1798 1111 se
1819 1065 1962 1101 tradebat
1983 1064 2065 1109 sopo-

1177 1123 1222 1157 ri,
1246 1115 1304 1160 sed
1322 1119 1458 1150 velociter
1483 1120 1615 1152 Levitico*
1629 1118 1662 1161 se
1681 1124 1867 1161 prae‘parans
1877 1128 1941 1151 cum
1953 1114 2066 1160 sigulfo

1179 1166 1348 1204 Presbytero
1369 1169 1523 1211 Missurum
1542 1169 1651 1201 colebat
1668 1168 1808 1211 solemnia
1829 1166 2000 1211 specialium
2017 1163 2064 1208 us-

1175 1229 1231 1259 que
1244 1216 1345 1250 boram
1356 1224 1498 1251 tertiam:
1526 1221 1573 1251 Et
1598 1226 1666 1251 tunc
1693 1223 1788 1251 nimia
1814 1229 1879 1251 cum
1899 1220 2069 1250 reverentia

1176 1267 1325 1311 publicam
1350 1269 1486 1302 intrabat
1513 1270 1559 1301 ad
1585 1268 1701 1311 Miffam
1725 1294 1732 1300 .
1773 1268 1816 1302 Et
1853 1267 1887 1300 in
1926 1265 2068 1300 secunda

1177 1319 1305 1352 suorum
1327 1318 1367 1351 de
1390 1318 1524 1352 Divinis
1547 1319 1677 1354 Officiis
1700 1318 1859 1352 librorum
1882 1315 2072 1361 praefatione

1179 1367 1368 1401 Amalarius
1394 1370 1623 1402 Fortunatus:
1653 1372 1795 1400 Dicamus
1821 1368 1860 1399 de
1885 1368 1987 1399 ordine
2007 1377 2073 1398 ora·

1177 1422 1308 1450 tionum.
1337 1417 1472 1462 Utique
1497 1418 1537 1452 ad
1574 1418 1708 1451 Mifl‘am
1723 1442 1730 1449 .
1756 1419 1941 1458 Principium
1962 1415 2068 1448 babuit

1181 1468 1258 1500 idem
1280 1468 1350 1500 ordo
1369 1469 1406 1500 de
1427 1468 1514 1510 Miffa
1539 1467 1616 1500 noc‘Je
1637 1471 1832 1501 Nativitatis
1853 1468 1994 1506 Domini,
2021 1465 2073 1498 ubi

1179 1518 1290 1556 duplex
1316 1522 1408 1547 oratio
1430 1515 1469 1554 est
1482 1530 1492 1548 :
1520 1519 1585 1547 Una
1607 1518 1644 1548 de
1667 1520 1849 1548 Nativitate
1866 1519 2012 1554 Domini,
2038 1516 2073 1547 (5

1178 1564 1277 1595 altera
1300 1564 1338 1595 de
1361 1563 1473 1596 Sanc‘la
1487 1563 1655 1605 Anastasia.
1685 1563 1741 1596 Ubi
1752 1566 1899 1606 Reliquiae
1907 1563 1981 1606 sunt
1998 1566 2075 1596 san·

1179 1612 1234 1645 ⁶¹7ae
1259 1611 1437 1654 Anastafiae‚
1465 1615 1518 1645 vel
1538 1612 1586 1645 ubi
1607 1618 1723 1656 Corpus
1747 1615 1813 1655 ejus
1837 1613 1875 1653 est
1899 1638 1909 1653 ,
1936 1615 2073 1647 dicantur

1179 1668 1324 1694 orationes
1338 1665 1375 1695 de
1402 1663 1512 1695 sancta
1534 1663 1682 1706 Anastasia
1702 1665 1797 1703 iuxta
1820 1667 1988 1696 Romanum
2016 1675 2076 1696 mo-

1178 1723 1255 1745 rem.
1283 1713 1339 1745 Ubi
1350 1712 1401 1746 boc
1421 1725 1479 1746 non
1491 1720 1635 1755 reperitur
1651 1737 1661 1752 ,
1687 1715 1828 1747 dicantur
1840 1715 1876 1746 de
1890 1718 2077 1746 lncarnatio-

1180 1773 1216 1795 ne
1226 1764 1345 1794 Domini
1362 1788 1368 1794 .
1397 1765 1529 1806 ,Quando
1541 1769 1572 1796 in
1586 1767 1742 1797 Dominica
1753 1764 1802 1797 die
1809 1764 1906 1805 fuerit
1916 1766 2018 1806 aliqua
2023 1763 2076 1804 fe-

1173 1811 1296 1851 stivitas
1318 1812 1487 1846 sanatorum
1501 1839 1510 1853 ,
1532 1813 1661 1857 sufficere
1678 1813 1768 1856 potest
1795 1816 1848 1848 illa
1873 1820 1966 1847 oratio
1990 1839 2001 1854 ‚
2038 1819 2072 1846 in

1179 1874 1236 1904 qua
1258 1871 1402 1905 precatur
1423 1865 1517 1906 adesse
1542 1876 1607 1897 cum
1631 1870 1760 1899 oratione
1783 1866 1948 1897 Sacerdotis
1977 1870 2072 1897 inter-

1180 1914 1249 1952 cefflo
1271 1913 1371 1946 sanlli
1392 1915 1470 1946 illius
1483 1939 1494 1954 ‚
1520 1917 1604 1955 cujus
1619 1914 1778 1956 festivitas
1800 1913 1979 1948 celebratur.
2001 1915 2030 1956 ]
2035 1925 2073 1946 u·

1181 1972 1238 1997 vat
1260 1964 1387 2003 multos,
1415 1965 1535 2006 quando
1562 1973 1678 2007 tempus
1692 1973 1784 1998 vacat
1794 1964 1925 1998 teutonis
1939 1966 1973 1998 (¹5
1987 1963 2075 2007 psal-

1181 2014 1285 2046 modiae
1301 2037 1310 2053 ,
1336 2022 1427 2057 atque
1444 2022 1619 2048 caeterarum
1642 2021 1830 2056 orationum,
1853 2014 1986 2058 seorsum
2013 2017 2067 2046 Sa-

1180 2073 1336 2097 cramenta
1360 2064 1501 2099 celebrare
1512 2067 1549 2099 de
1561 2068 1724 2099 Dominicis
1738 2065 1843 2100 diebus
1858 2090 1869 2106 ‚
1895 2068 1928 2099 &¹
1935 2062 2068 2109 seorsum

1181 2114 1217 2144 de
1231 2112 1455 2153 festivitatibus
1478 2116 1650 2148 sannorum
1674 2141 1680 2148 .
1719 2116 1816 2150 simili
1852 2117 1936 2148 modo
1956 2121 2076 2148 caeteris

1182 2162 1287 2193 diebus
1300 2185 1311 2200 ,
1336 2164 1456 2202 quando
1463 2163 1617 2202 festivitas
1628 2164 1666 2204 fit
1674 2166 1867 2205 plurimorum
1877 2166 2052 2197 sannorum
2067 2188 2079 2203 ‚

1183 2210 1257 2242 duas
1277 2218 1329 2242 aut
1354 2219 1414 2243 tres
1438 2211 1540 2254 Missas
1557 2237 1564 2244 .
1594 2217 1670 2245 Huic
1689 2214 1789 2245 ordini
1809 2219 1942 2257 congruit
1967 2216 2076 2248 sacra-

1184 2265 1364 2293 mentarium
1387 2262 1420 2294 ζ’]
1446 2265 1624 2302 Canterius,
1650 2268 1682 2295 in
1693 2263 1799 2305 quibus
1806 2261 1889 2306 saepe
1903 2268 2074 2296 invenimus

1184 2311 1240 2342 duo
1260 2309 1359 2352 Officia
1383 2310 1557 2343 Sanc‘lorum
1580 2322 1636 2344 uno
1649 2313 1697 2344 die
1713 2337 1721 2344 .
1748 2312 1791 2346 Et
1804 2313 1894 2356 supra
1907 2314 1940 2346 in
1957 2313 2073 2347 eadem

1187 2360 1392 2402 praefatione:
1421 2364 1493 2393 Veni
1504 2364 1629 2394 Romam
1640 2386 1651 2402 ,
1675 2366 1914 2406 interrogavique
1926 2362 2073 2403 Ministro:

1185 2408 1318 2450 Ecclesi‘ae
1340 2410 1441 2443 Sanc‘li
1464 2413 1546 2444 Petri
1572 2436 1583 2452 ,
1618 2421 1688 2455 quot
1709 2417 1857 2448 orationes
1889 2412 1968 2456 soliti
1987 2414 2074 2457 essent

1184 2459 1328 2494 celebrare
1350 2469 1422 2494 ante
1443 2460 1607 2503 Epistolam
1630 2463 1723 2506 Miffae
1742 2471 1798 2505 per
1820 2465 1886 2497 dies
1896 2462 1989 2504 festos
2003 2488 2013 2503 ‚
2040 2470 2074 2495 in

1185 2510 1289 2552 quibus
1311 2511 1388 2543 duas
1406 2509 1611 2553 solemnitates
1640 2512 1842 2555 celebramus,
1873 2511 1959 2555 sicuti
1983 2513 2021 2554 est
2041 2520 2076 2546 in

1186 2565 1220 2593 N
1223 2566 1366 2593 ativitate
1376 2563 1495 2594 Domini
1506 2560 1715 2605 adsecundam
1729 2564 1845 2607 Miffam
1858 2565 1896 2597 de
1909 2564 1989 2598 noc‘te
2003 2588 2012 2604 ,
2040 2570 2075 2596 in

1185 2622 1243 2653 qua
1265 2617 1427 2644 continetur
1438 2613 1547 2654 duplex
1559 2614 1689 2655 Officium
1701 2619 1733 2647 in
1756 2617 2012 2653 Sacramentum,
2041 2615 2076 2646 id

1185 2661 1242 2701 est,
1267 2672 1357 2694 unum
1375 2662 1411 2694 de
1422 2663 1526 2695 eadem
1540 2668 1716 2698 Nati-vitate
1728 2668 1849 2698 Domini
1863 2689 1873 2704 ,
1900 2665 2074 2698 &alterum

1186 2712 1222 2744 de
1241 2711 1350 2744 sanaa
1371 2711 1537 2754 anaslafia.
1566 2714 1718 2748 Romana
1740 2714 1782 2748 ad
1806 2713 1980 2748 secundam
2002 2715 2076 2748 Do-

1187 2761 1314 2796 minicae
1335 2761 1535 2796 Nativitatis
1558 2763 1692 2797 Missam
1715 2764 1812 2799 statio
1835 2763 1872 2797 fit
1883 2763 1972 2807 apud
1994 2763 2075 2798 San-

1186 2814 1268 2845 &am
1290 2811 1510 2846 Anastafiam.
1544 2813 1638 2847 Hinc
1651 2815 1785 2859 quisque
1796 2812 1841 2848 ibi
1861 2813 2015 2848 Sacerdos
2024 2813 2075 2848 di·

1185 2861 1278 2895 cebat
1297 2863 1375 2896 duas
1397 2863 1532 2904 Missas,
1559 2862 1602 2898 de
1616 2864 1731 2898 Sancta
1753 2862 1920 2899 Anastasia
1943 2874 2074 2906 unam,

1186 2912 1316 2946 alteram
1335 2914 1375 2947 de
1398 2913 1604 2955 Nativitate‚
1632 2914 1773 2958 ideoque
1794 2912 1919 2948 &duas
1930 2910 2073 2949 habebat

1186 2963 1376 2997 Romanum
1403 2963 1536 2999 Mnffale
1548 2964 1602 2998 seu
1614 2964 1925 2999 Sacramentarium.
1956 2964 2076 3010 Qare

1186 3011 1274 3047 istius
1296 3013 1435 3047 Basilicae
1455 3012 1639 3057 Presbyteri
1662 3016 1721 3049 ista
1743 3015 1797 3048 die
1807 3022 1920 3058 quater
1931 3013 2074 3048 celebras

1186 3061 1281 3096 bant.
1308 3063 1411 3109 Qod
1437 3064 1541 3107 ipsum
1557 3066 1589 3097 in
1603 3065 1714 3107 quavis
1737 3075 1792 3108 per
1809 3074 1945 3098 omnem
1962 3064 2078 3099 Eccle-

1187 3113 1263 3146 fiam
1285 3113 1378 3146 simili
1403 3114 1537 3148 Basilica
1561 3114 1647 3157 poss'e
1667 3114 1737 3149 fieri
1761 3114 1900 3148 affirmat
1936 3113 2075 3147 Amala-

1186 3163 1269 3196 rius.
1298 3163 1446 3198 Eandem
1470 3164 1743 3199 consuetudinem
1764 3165 1881 3199 Romae
1892 3166 1949 3198 suo
1960 3162 2071 3197 adhuc

1186 3222 1332 3255 tempore
1355 3214 1491 3259 viguisse
1511 3213 1644 3248 testatur
1668 3216 1704 3249 in
1729 3216 1845 3249 animae
1856 3224 1985 3258 gemma
1996 3212 2071 3247 Ho-

1186 3263 1296 3296 norius
1316 3261 1637 3308 Augustodunenfis:
1662 3267 1759 3299 semel
1777 3271 1810 3297 tn
1821 3265 1869 3297 dte
1881 3263 1965 3297 debet
1981 3265 2069 3307 Miffa

1185 3312 1296 3345 abuno
1316 3315 1467 3348 Sacerdote
1489 3316 1650 3356 celebrari,
1668 3315 1743 3357 ficut
1766 3316 1800 3349 &⁵
1822 3313 1956 3355 cbristus
1976 3311 2071 3356 semel

1184 3364 1276 3396 voluit
1298 3365 1441 3398 immolari
1460 3390 1467 3397 .
1496 3367 1528 3398 si
1565 3375 1666 3399 autem
1710 3365 1852 3406 neceffitas
1888 3369 1963 3408 cogit
1983 3388 1994 3402 ,
2031 3362 2069 3395 td

1184 3413 1221 3452 cst
1233 3437 1243 3452 ‚
1263 3411 1294 3452 fi
1309 3413 1376 3446 duae
1392 3414 1573 3454 festivitates
1586 3415 1677 3457 simul
1696 3423 1846 3449 occurrunt
1876 3438 1886 3454 ‚
1924 3413 1991 3446 daae
2014 3411 2070 3445 vel

1184 3472 1246 3496 tres
1270 3461 1408 3496 celebrari
1430 3472 1587 3506 poterunt.
1615 3467 1700 3507 ,Quia
1728 3467 1763 3499 <⁰5
1776 3468 1904 3498 Romani
1918 3461 2011 3496 hocin
2021 3463 2070 3498 dio

1597 3514 1629 3547 N
1685 3524 1703 3560 3
1957 3516 2024 3546 Na-

2096 3291 2158 3323 tib.
2191 3307 2215 3326 ι,

2091 3340 2156 3370 Cssl’·
2180 3347 2191 3367 ι
2201 3347 2244 3374 14.
