<?xml version="1.0" encoding="UTF-8"?>
<!DOCTYPE html PUBLIC "-//W3C//DTD XHTML 1.0 Transitional//EN"
    "http://www.w3.org/TR/xhtml1/DTD/xhtml1-transitional.dtd">
<html xmlns="http://www.w3.org/1999/xhtml" xml:lang="en" lang="en">
 <head>
  <title>
</title>
<meta http-equiv="Content-Type" content="text/html;charset=utf-8" />
  <meta name='ocr-system' content='tesseract 3.04.00' />
  <meta name='ocr-capabilities' content='ocr_page ocr_carea ocr_par ocr_line ocrx_word'/>
</head>
<body>
  <div class='ocr_page' id='page_1' title='image "./operaomniastudio05lupuuoft/operaomniastudio05lupuuoft_0017.png"; bbox 0 0 2366 3756; ppageno 0'>
   <div class='ocr_carea' id='block_1_1' title="bbox 107 1186 257 1225">
    <p class='ocr_par' dir='ltr' id='par_1_1' title="bbox 107 1186 257 1225">
     <span class='ocr_line' id='line_1_1' title="bbox 107 1186 257 1225; baseline 0 -10"><span class='ocrx_word' id='word_1_1' title='bbox 107 1186 194 1225; x_wconf 79' lang='lat' dir='ltr'>Epist·</span> <span class='ocrx_word' id='word_1_2' title='bbox 210 1196 257 1223; x_wconf 72' lang='lat'>34.</span> 
     </span>
    </p>
   </div>
   <div class='ocr_carea' id='block_1_2' title="bbox 113 1237 204 1257">
    <p class='ocr_par' dir='ltr' id='par_1_2' title="bbox 113 1237 204 1257">
     <span class='ocr_line' id='line_1_2' title="bbox 113 1237 204 1257; baseline -0.022 0"><span class='ocrx_word' id='word_1_3' title='bbox 113 1237 139 1257; x_wconf 80' lang='lat' dir='ltr'>C·</span> <span class='ocrx_word' id='word_1_4' title='bbox 163 1237 204 1257; x_wconf 82' lang='lat'>11.</span> 
     </span>
    </p>
   </div>
   <div class='ocr_carea' id='block_1_3' title="bbox 111 3365 244 3393">
    <p class='ocr_par' dir='ltr' id='par_1_3' title="bbox 111 3365 244 3393">
     <span class='ocr_line' id='line_1_3' title="bbox 111 3365 244 3393; baseline 0 -1"><span class='ocrx_word' id='word_1_5' title='bbox 111 3365 144 3392; x_wconf 81' lang='lat' dir='ltr'>A.</span> <span class='ocrx_word' id='word_1_6' title='bbox 165 3374 244 3393; x_wconf 71' lang='lat'>131?-</span> 
     </span>
    </p>
   </div>
   <div class='ocr_carea' id='block_1_4' title="bbox 499 120 1025 164">
    <p class='ocr_par' dir='ltr' id='par_1_4' title="bbox 499 120 1025 164">
     <span class='ocr_line' id='line_1_4' title="bbox 499 120 1025 164; baseline -0.017 -1"><span class='ocrx_word' id='word_1_7' title='bbox 499 120 1025 164; x_wconf 82' lang='lat' dir='ltr'>CoNclLIUM</span> 
     </span>
    </p>
   </div>
   <div class='ocr_carea' id='block_1_5' title="bbox 270 194 1178 3428">
    <p class='ocr_par' dir='ltr' id='par_1_5' title="bbox 277 194 1171 895">
     <span class='ocr_line' id='line_1_5' title="bbox 281 194 1165 242; baseline -0.015 -1"><span class='ocrx_word' id='word_1_8' title='bbox 281 219 320 242; x_wconf 87' lang='lat' dir='ltr'>ex</span> <span class='ocrx_word' id='word_1_9' title='bbox 345 204 482 239; x_wconf 88' lang='lat' dir='ltr'>Oriente</span> <span class='ocrx_word' id='word_1_10' title='bbox 503 203 646 236; x_wconf 84' lang='lat' dir='ltr'>Romam</span> <span class='ocrx_word' id='word_1_11' title='bbox 666 207 839 237; x_wconf 87' lang='lat' dir='ltr'>evocaret,</span> <span class='ocrx_word' id='word_1_12' title='bbox 865 194 1114 239; x_wconf 77' lang='lat' dir='ltr'>praesentemque</span> <span class='ocrx_word' id='word_1_13' title='bbox 1131 194 1165 228; x_wconf 88' lang='lat'>&amp;</span> 
     </span>
     <span class='ocr_line' id='line_1_6' title="bbox 285 245 1165 296; baseline -0.016 -6"><span class='ocrx_word' id='word_1_14' title='bbox 285 256 436 290; x_wconf 87' lang='lat' dir='ltr'>auditum</span> <span class='ocrx_word' id='word_1_15' title='bbox 451 252 608 296; x_wconf 82' lang='lat' dir='ltr'>judicaret</span> <span class='ocrx_word' id='word_1_16' title='bbox 629 251 718 293; x_wconf 87' lang='lat' dir='ltr'>ipse,</span> <span class='ocrx_word' id='word_1_17' title='bbox 745 246 913 281; x_wconf 86' lang='lat' dir='ltr'>laudatum</span> <span class='ocrx_word' id='word_1_18' title='bbox 933 245 1165 279; x_wconf 80' lang='lat' dir='ltr'>Innocentium</span> 
     </span>
     <span class='ocr_line' id='line_1_7' title="bbox 277 294 1165 351; baseline -0.015 -11"><span class='ocrx_word' id='word_1_19' title='bbox 277 306 425 351; x_wconf 86' lang='lat' dir='ltr'>graviter</span> <span class='ocrx_word' id='word_1_20' title='bbox 449 302 593 336; x_wconf 84' lang='lat' dir='ltr'>hortatus</span> <span class='ocrx_word' id='word_1_21' title='bbox 614 301 658 334; x_wconf 80' lang='lat' dir='ltr'>est</span> <span class='ocrx_word' id='word_1_22' title='bbox 680 299 813 333; x_wconf 71' lang='lat' dir='ltr'>Sanetus</span> <span class='ocrx_word' id='word_1_23' title='bbox 843 294 1070 340; x_wconf 86' lang='lat' dir='ltr'>Augustinus.</span> <span class='ocrx_word' id='word_1_24' title='bbox 1098 294 1165 328; x_wconf 86' lang='lat' dir='ltr'>An-</span> 
     </span>
     <span class='ocr_line' id='line_1_8' title="bbox 281 344 1165 398; baseline -0.015 -9"><span class='ocrx_word' id='word_1_25' title='bbox 281 356 410 398; x_wconf 91' lang='lat' dir='ltr'>tiquum</span> <span class='ocrx_word' id='word_1_26' title='bbox 425 352 512 387; x_wconf 86' lang='lat' dir='ltr'>hunc</span> <span class='ocrx_word' id='word_1_27' title='bbox 530 349 675 386; x_wconf 83' lang='lat' dir='ltr'>Ecclefiae</span> <span class='ocrx_word' id='word_1_28' title='bbox 687 349 862 382; x_wconf 80' lang='lat' dir='ltr'>Canonem</span> <span class='ocrx_word' id='word_1_29' title='bbox 874 345 1042 380; x_wconf 86' lang='lat' dir='ltr'>observare</span> <span class='ocrx_word' id='word_1_30' title='bbox 1055 344 1165 378; x_wconf 91' lang='lat' dir='ltr'>nescio</span> 
     </span>
     <span class='ocr_line' id='line_1_9' title="bbox 280 392 1163 449; baseline -0.012 -9"><span class='ocrx_word' id='word_1_31' title='bbox 280 416 348 449; x_wconf 87' lang='lat' dir='ltr'>quo</span> <span class='ocrx_word' id='word_1_32' title='bbox 361 403 460 439; x_wconf 86' lang='lat' dir='ltr'>titulo</span> <span class='ocrx_word' id='word_1_33' title='bbox 472 400 616 437; x_wconf 88' lang='lat' dir='ltr'>autfuco</span> <span class='ocrx_word' id='word_1_34' title='bbox 626 397 813 432; x_wconf 69' lang='lat' dir='ltr'>detrectavit</span> <span class='ocrx_word' id='word_1_35' title='bbox 835 405 1014 430; x_wconf 79' lang='lat' dir='ltr'>contumax</span> <span class='ocrx_word' id='word_1_36' title='bbox 1034 392 1098 429; x_wconf 88' lang='lat' dir='ltr'>huc</span> <span class='ocrx_word' id='word_1_37' title='bbox 1119 394 1163 429; x_wconf 86' lang='lat' dir='ltr'>us-</span> 
     </span>
     <span class='ocr_line' id='line_1_10' title="bbox 279 444 1167 498; baseline -0.014 -9"><span class='ocrx_word' id='word_1_38' title='bbox 279 466 342 498; x_wconf 86' lang='lat' dir='ltr'>que</span> <span class='ocrx_word' id='word_1_39' title='bbox 363 452 593 497; x_wconf 83' lang='lat' dir='ltr'>Berengarius:</span> <span class='ocrx_word' id='word_1_40' title='bbox 620 447 694 483; x_wconf 88' lang='lat' dir='ltr'>Nec</span> <span class='ocrx_word' id='word_1_41' title='bbox 719 447 835 482; x_wconf 80' lang='lat' dir='ltr'>Romae</span> <span class='ocrx_word' id='word_1_42' title='bbox 851 456 908 480; x_wconf 86' lang='lat' dir='ltr'>aut</span> <span class='ocrx_word' id='word_1_43' title='bbox 931 444 1090 479; x_wconf 80' lang='lat' dir='ltr'>Vercellis</span> <span class='ocrx_word' id='word_1_44' title='bbox 1113 455 1167 478; x_wconf 86' lang='lat' dir='ltr'>co-</span> 
     </span>
     <span class='ocr_line' id='line_1_11' title="bbox 280 495 1165 539; baseline -0.014 1"><span class='ocrx_word' id='word_1_45' title='bbox 280 515 348 539; x_wconf 88' lang='lat' dir='ltr'>ram</span> <span class='ocrx_word' id='word_1_46' title='bbox 372 504 484 539; x_wconf 81' lang='lat' dir='ltr'>Leone</span> <span class='ocrx_word' id='word_1_47' title='bbox 495 511 612 539; x_wconf 85' lang='lat' dir='ltr'>nono,</span> <span class='ocrx_word' id='word_1_48' title='bbox 636 510 697 532; x_wconf 88' lang='lat' dir='ltr'>nec</span> <span class='ocrx_word' id='word_1_49' title='bbox 711 498 887 533; x_wconf 70' lang='lat' dir='ltr'>Florentiae</span> <span class='ocrx_word' id='word_1_50' title='bbox 908 506 1019 530; x_wconf 87' lang='lat' dir='ltr'>coram</span> <span class='ocrx_word' id='word_1_51' title='bbox 1046 495 1165 530; x_wconf 56' lang='lat' dir='ltr'>Uisto—</span> 
     </span>
     <span class='ocr_line' id='line_1_12' title="bbox 280 543 1167 589; baseline -0.014 0"><span class='ocrx_word' id='word_1_52' title='bbox 280 566 314 589; x_wconf 87' lang='lat' dir='ltr'>re</span> <span class='ocrx_word' id='word_1_53' title='bbox 334 552 473 588; x_wconf 88' lang='lat' dir='ltr'>secundo</span> <span class='ocrx_word' id='word_1_54' title='bbox 498 552 528 585; x_wconf 88' lang='lat' dir='ltr'>se</span> <span class='ocrx_word' id='word_1_55' title='bbox 548 548 701 583; x_wconf 85' lang='lat' dir='ltr'>exhibere</span> <span class='ocrx_word' id='word_1_56' title='bbox 721 549 851 587; x_wconf 86' lang='lat' dir='ltr'>voluit,</span> <span class='ocrx_word' id='word_1_57' title='bbox 878 557 938 580; x_wconf 87' lang='lat' dir='ltr'>nec</span> <span class='ocrx_word' id='word_1_58' title='bbox 960 546 1088 580; x_wconf 88' lang='lat' dir='ltr'>interim</span> <span class='ocrx_word' id='word_1_59' title='bbox 1115 543 1167 578; x_wconf 89' lang='lat' dir='ltr'>de-</span> 
     </span>
     <span class='ocr_line' id='line_1_13' title="bbox 279 594 1167 644; baseline -0.012 -6"><span class='ocrx_word' id='word_1_60' title='bbox 279 605 331 638; x_wconf 82' lang='lat' dir='ltr'>siit</span> <span class='ocrx_word' id='word_1_61' title='bbox 345 604 429 637; x_wconf 67' lang='lat' dir='ltr'>asua</span> <span class='ocrx_word' id='word_1_62' title='bbox 442 599 525 644; x_wconf 89' lang='lat' dir='ltr'>apud</span> <span class='ocrx_word' id='word_1_63' title='bbox 535 599 742 633; x_wconf 78' lang='lat' dir='ltr'>parisiensem</span> <span class='ocrx_word' id='word_1_64' title='bbox 768 596 945 640; x_wconf 81' lang='lat' dir='ltr'>synodum</span> <span class='ocrx_word' id='word_1_65' title='bbox 972 594 1167 639; x_wconf 66' lang='lat' dir='ltr'>professione</span> 
     </span>
     <span class='ocr_line' id='line_1_14' title="bbox 278 645 1169 696; baseline -0.012 -9"><span class='ocrx_word' id='word_1_66' title='bbox 278 654 418 696; x_wconf 79' lang='lat' dir='ltr'>relapsus</span> <span class='ocrx_word' id='word_1_67' title='bbox 433 650 592 685; x_wconf 85' lang='lat' dir='ltr'>horrenda</span> <span class='ocrx_word' id='word_1_68' title='bbox 613 648 748 684; x_wconf 80' lang='lat' dir='ltr'>Zizania</span> <span class='ocrx_word' id='word_1_69' title='bbox 775 647 931 682; x_wconf 86' lang='lat' dir='ltr'>seminare</span> <span class='ocrx_word' id='word_1_70' title='bbox 946 671 953 677; x_wconf 88' lang='lat'>.</span> <span class='ocrx_word' id='word_1_71' title='bbox 980 645 1074 681; x_wconf 89' lang='lat' dir='ltr'>Hinc</span> <span class='ocrx_word' id='word_1_72' title='bbox 1099 654 1169 678; x_wconf 87' lang='lat' dir='ltr'>orn-</span> 
     </span>
     <span class='ocr_line' id='line_1_15' title="bbox 278 694 1170 745; baseline -0.011 -8"><span class='ocrx_word' id='word_1_73' title='bbox 278 714 336 737; x_wconf 86' lang='lat' dir='ltr'>nes</span> <span class='ocrx_word' id='word_1_74' title='bbox 347 703 415 745; x_wconf 77' lang='lat' dir='ltr'>ejus</span> <span class='ocrx_word' id='word_1_75' title='bbox 435 700 716 745; x_wconf 81' lang='lat' dir='ltr'>tergiversationes</span> <span class='ocrx_word' id='word_1_76' title='bbox 736 697 858 732; x_wconf 86' lang='lat' dir='ltr'>excisas</span> <span class='ocrx_word' id='word_1_77' title='bbox 883 695 997 730; x_wconf 87' lang='lat' dir='ltr'>volens</span> <span class='ocrx_word' id='word_1_78' title='bbox 1017 694 1170 731; x_wconf 83' lang='lat' dir='ltr'>laudatus</span> 
     </span>
     <span class='ocr_line' id='line_1_16' title="bbox 278 743 1171 795; baseline -0.012 -9"><span class='ocrx_word' id='word_1_79' title='bbox 278 752 397 788; x_wconf 61' lang='lat' dir='ltr'>vietor</span> <span class='ocrx_word' id='word_1_80' title='bbox 410 777 421 793; x_wconf 92' lang='lat'>,</span> <span class='ocrx_word' id='word_1_81' title='bbox 448 751 626 795; x_wconf 69' lang='lat' dir='ltr'>praesentem</span> <span class='ocrx_word' id='word_1_82' title='bbox 637 748 808 791; x_wconf 87' lang='lat' dir='ltr'>Synodum</span> <span class='ocrx_word' id='word_1_83' title='bbox 821 747 889 781; x_wconf 86' lang='lat' dir='ltr'>fieri</span> <span class='ocrx_word' id='word_1_84' title='bbox 905 746 1011 779; x_wconf 89' lang='lat' dir='ltr'>voluit</span> <span class='ocrx_word' id='word_1_85' title='bbox 1037 743 1074 779; x_wconf 86' lang='lat' dir='ltr'>in</span> <span class='ocrx_word' id='word_1_86' title='bbox 1095 744 1171 777; x_wconf 91' lang='lat' dir='ltr'>Gal·</span> 
     </span>
     <span class='ocr_line' id='line_1_17' title="bbox 278 793 1170 844; baseline -0.011 -8"><span class='ocrx_word' id='word_1_87' title='bbox 278 803 323 836; x_wconf 85' lang='lat' dir='ltr'>lia</span> <span class='ocrx_word' id='word_1_88' title='bbox 338 827 349 843; x_wconf 97' lang='lat'>,</span> <span class='ocrx_word' id='word_1_89' title='bbox 369 802 403 836; x_wconf 88' lang='lat' dir='ltr'>in</span> <span class='ocrx_word' id='word_1_90' title='bbox 417 803 483 844; x_wconf 85' lang='lat' dir='ltr'>ipsa</span> <span class='ocrx_word' id='word_1_91' title='bbox 497 825 507 841; x_wconf 95' lang='lat'><em>‚</em></span> <span class='ocrx_word' id='word_1_92' title='bbox 533 800 593 834; x_wconf 92' lang='lat' dir='ltr'>sub</span> <span class='ocrx_word' id='word_1_93' title='bbox 604 810 668 844; x_wconf 88' lang='lat' dir='ltr'>qua</span> <span class='ocrx_word' id='word_1_94' title='bbox 680 796 927 844; x_wconf 84' lang='lat' dir='ltr'>Andegavenfis</span> <span class='ocrx_word' id='word_1_95' title='bbox 938 796 1075 839; x_wconf 85' lang='lat' dir='ltr'>civitas,</span> <span class='ocrx_word' id='word_1_96' title='bbox 1098 793 1170 830; x_wconf 81' lang='lat' dir='ltr'>Me-</span> 
     </span>
     <span class='ocr_line' id='line_1_18' title="bbox 279 850 621 895; baseline -0.006 -9"><span class='ocrx_word' id='word_1_97' title='bbox 279 852 401 895; x_wconf 86' lang='lat' dir='ltr'>tropoli</span> <span class='ocrx_word' id='word_1_98' title='bbox 422 850 621 885; x_wconf 84' lang='lat' dir='ltr'>Turonum.</span> 
     </span>
    </p>

    <p class='ocr_par' dir='ltr' id='par_1_6' title="bbox 270 894 1178 3069">
     <span class='ocr_line' id='line_1_19' title="bbox 329 894 1168 943; baseline -0.007 -9"><span class='ocrx_word' id='word_1_99' title='bbox 329 901 398 935; x_wconf 92' lang='lat' dir='ltr'>Cur</span> <span class='ocrx_word' id='word_1_100' title='bbox 415 911 484 934; x_wconf 88' lang='lat' dir='ltr'>non</span> <span class='ocrx_word' id='word_1_101' title='bbox 506 911 558 943; x_wconf 90' lang='lat' dir='ltr'>per</span> <span class='ocrx_word' id='word_1_102' title='bbox 588 898 867 933; x_wconf 74' lang='lat' dir='ltr'>Bar-tholomaeum</span> <span class='ocrx_word' id='word_1_103' title='bbox 887 894 1141 938; x_wconf 82' lang='lat' dir='ltr'>Metropolitam</span> <span class='ocrx_word' id='word_1_104' title='bbox 1157 918 1168 934; x_wconf 93' lang='lat'>,</span> 
     </span>
     <span class='ocr_line' id='line_1_20' title="bbox 278 944 1169 994; baseline -0.008 -9"><span class='ocrx_word' id='word_1_105' title='bbox 278 950 333 986; x_wconf 81' lang='lat' dir='ltr'>sed</span> <span class='ocrx_word' id='word_1_106' title='bbox 345 962 399 994; x_wconf 84' lang='lat' dir='ltr'>per</span> <span class='ocrx_word' id='word_1_107' title='bbox 411 950 571 994; x_wconf 82' lang='lat' dir='ltr'>Legatum</span> <span class='ocrx_word' id='word_1_108' title='bbox 586 948 853 983; x_wconf 85' lang='lat' dir='ltr'>Hildebrandum</span> <span class='ocrx_word' id='word_1_109' title='bbox 867 947 935 981; x_wconf 88' lang='lat' dir='ltr'>fieri</span> <span class='ocrx_word' id='word_1_110' title='bbox 945 946 1066 989; x_wconf 76' lang='lat' dir='ltr'>jusserit</span> <span class='ocrx_word' id='word_1_111' title='bbox 1081 969 1091 985; x_wconf 90' lang='lat'>‚</span> <span class='ocrx_word' id='word_1_112' title='bbox 1114 944 1169 979; x_wconf 92' lang='lat' dir='ltr'>ha·</span> 
     </span>
     <span class='ocr_line' id='line_1_21' title="bbox 279 995 1170 1042; baseline -0.008 -8"><span class='ocrx_word' id='word_1_113' title='bbox 279 1001 335 1034; x_wconf 91' lang='lat' dir='ltr'>bes</span> <span class='ocrx_word' id='word_1_114' title='bbox 347 1002 380 1034; x_wconf 89' lang='lat' dir='ltr'>in</span> <span class='ocrx_word' id='word_1_115' title='bbox 395 1000 510 1036; x_wconf 89' lang='lat' dir='ltr'>litteris</span> <span class='ocrx_word' id='word_1_116' title='bbox 521 1000 625 1033; x_wconf 68' lang='lat' dir='ltr'>saneti</span> <span class='ocrx_word' id='word_1_117' title='bbox 640 998 765 1035; x_wconf 82' lang='lat' dir='ltr'>Leonis</span> <span class='ocrx_word' id='word_1_118' title='bbox 777 998 898 1042; x_wconf 83' lang='lat' dir='ltr'>Magni</span> <span class='ocrx_word' id='word_1_119' title='bbox 911 997 951 1030; x_wconf 88' lang='lat' dir='ltr'>ad</span> <span class='ocrx_word' id='word_1_120' title='bbox 967 998 1059 1031; x_wconf 85' lang='lat' dir='ltr'>suum</span> <span class='ocrx_word' id='word_1_121' title='bbox 1083 996 1118 1028; x_wconf 92' lang='lat' dir='ltr'>in</span> <span class='ocrx_word' id='word_1_122' title='bbox 1130 995 1170 1031; x_wconf 91' lang='lat' dir='ltr'>Il-</span> 
     </span>
     <span class='ocr_line' id='line_1_22' title="bbox 277 1038 1170 1093; baseline -0.007 -9"><span class='ocrx_word' id='word_1_123' title='bbox 277 1050 434 1093; x_wconf 87' lang='lat' dir='ltr'>lyriciana</span> <span class='ocrx_word' id='word_1_124' title='bbox 449 1050 587 1084; x_wconf 85' lang='lat' dir='ltr'>Dioecesi</span> <span class='ocrx_word' id='word_1_125' title='bbox 604 1038 1003 1083; x_wconf 83' lang='lat' dir='ltr'>vicarium‘Anastafium</span> <span class='ocrx_word' id='word_1_126' title='bbox 1031 1044 1170 1080; x_wconf 86' lang='lat' dir='ltr'>Archie-</span> 
     </span>
     <span class='ocr_line' id='line_1_23' title="bbox 279 1096 1169 1143; baseline -0.008 -9"><span class='ocrx_word' id='word_1_127' title='bbox 279 1102 448 1143; x_wconf 86' lang='lat' dir='ltr'>piscopum</span> <span class='ocrx_word' id='word_1_128' title='bbox 461 1099 811 1134; x_wconf 72' lang='lat' dir='ltr'>Thessalonicensem.-</span> <span class='ocrx_word' id='word_1_129' title='bbox 840 1100 979 1136; x_wconf 75' lang='lat' dir='ltr'>simeo,</span> <span class='ocrx_word' id='word_1_130' title='bbox 1007 1096 1086 1137; x_wconf 80' lang='lat' dir='ltr'>quod</span> <span class='ocrx_word' id='word_1_131' title='bbox 1103 1106 1169 1128; x_wconf 86' lang='lat' dir='ltr'>cum</span> 
     </span>
     <span class='ocr_line' id='line_1_24' title="bbox 270 1146 1166 1193; baseline -0.008 -10"><span class='ocrx_word' id='word_1_132' title='bbox 270 1150 430 1193; x_wconf 83' lang='lat' dir='ltr'>fratribus</span> <span class='ocrx_word' id='word_1_133' title='bbox 456 1149 651 1182; x_wconf 58' lang='lat' dir='ltr'>tradandum</span> <span class='ocrx_word' id='word_1_134' title='bbox 688 1148 946 1190; x_wconf 81' lang='lat' dir='ltr'>definiendumque</span> <span class='ocrx_word' id='word_1_135' title='bbox 971 1146 1134 1179; x_wconf 73' lang='lat' dir='ltr'>credideris</span> <span class='ocrx_word' id='word_1_136' title='bbox 1157 1170 1166 1186; x_wconf 93' lang='lat'>‚</span> 
     </span>
     <span class='ocr_line' id='line_1_25' title="bbox 277 1194 1166 1242; baseline -0.006 -10"><span class='ocrx_word' id='word_1_137' title='bbox 277 1199 401 1242; x_wconf 83' lang='lat' dir='ltr'>diversa</span> <span class='ocrx_word' id='word_1_138' title='bbox 427 1211 523 1233; x_wconf 83' lang='lat' dir='ltr'>eorum</span> <span class='ocrx_word' id='word_1_139' title='bbox 544 1199 644 1241; x_wconf 82' lang='lat' dir='ltr'>fuerit</span> <span class='ocrx_word' id='word_1_140' title='bbox 668 1200 688 1230; x_wconf 77' lang='grc' dir='ltr'><em>ἆ</em></span> <span class='ocrx_word' id='word_1_141' title='bbox 715 1207 767 1230; x_wconf 84' lang='lat' dir='ltr'>tua</span> <span class='ocrx_word' id='word_1_142' title='bbox 793 1198 948 1230; x_wconf 79' lang='lat' dir='ltr'>voluntate</span> <span class='ocrx_word' id='word_1_143' title='bbox 979 1194 1134 1239; x_wconf 80' lang='lat' dir='ltr'>sententia</span> <span class='ocrx_word' id='word_1_144' title='bbox 1156 1219 1166 1236; x_wconf 90' lang='lat'>,</span> 
     </span>
     <span class='ocr_line' id='line_1_26' title="bbox 278 1244 1170 1293; baseline -0.007 -11"><span class='ocrx_word' id='word_1_145' title='bbox 278 1251 321 1282; x_wconf 85' lang='lat' dir='ltr'>aa&#39;</span> <span class='ocrx_word' id='word_1_146' title='bbox 346 1262 395 1283; x_wconf 83' lang='lat' dir='ltr'>nos</span> <span class='ocrx_word' id='word_1_147' title='bbox 421 1255 517 1282; x_wconf 81' lang='lat' dir='ltr'>omnia</span> <span class='ocrx_word' id='word_1_148' title='bbox 539 1248 594 1292; x_wconf 89' lang='lat' dir='ltr'>sub</span> <span class='ocrx_word' id='word_1_149' title='bbox 628 1248 771 1293; x_wconf 83' lang='lat' dir='ltr'>gestorum</span> <span class='ocrx_word' id='word_1_150' title='bbox 808 1247 1003 1290; x_wconf 80' lang='lat' dir='ltr'>testificatione</span> <span class='ocrx_word' id='word_1_151' title='bbox 1040 1244 1170 1286; x_wconf 61' lang='lat' dir='ltr'>referan-</span> 
     </span>
     <span class='ocr_line' id='line_1_27' title="bbox 278 1296 1168 1342; baseline -0.004 -10"><span class='ocrx_word' id='word_1_152' title='bbox 278 1309 328 1332; x_wconf 84' lang='lat' dir='ltr'>tur</span> <span class='ocrx_word' id='word_1_153' title='bbox 352 1324 362 1340; x_wconf 92' lang='lat'>,</span> <span class='ocrx_word' id='word_1_154' title='bbox 388 1309 421 1333; x_wconf 83' lang='lat' dir='ltr'>ut</span> <span class='ocrx_word' id='word_1_155' title='bbox 446 1305 571 1333; x_wconf 73' lang='lat' dir='ltr'>remotis·</span> <span class='ocrx_word' id='word_1_156' title='bbox 589 1297 837 1342; x_wconf 80' lang='lat' dir='ltr'>ambiguitatibus</span> <span class='ocrx_word' id='word_1_157' title='bbox 862 1322 873 1338; x_wconf 94' lang='lat'><em>‚</em></span> <span class='ocrx_word' id='word_1_158' title='bbox 911 1297 990 1339; x_wconf 80' lang='lat' dir='ltr'>quod</span> <span class='ocrx_word' id='word_1_159' title='bbox 1014 1299 1074 1328; x_wconf 81' lang='lat' dir='ltr'>Deo</span> <span class='ocrx_word' id='word_1_160' title='bbox 1100 1296 1168 1337; x_wconf 86' lang='lat' dir='ltr'>pla·</span> 
     </span>
     <span class='ocr_line' id='line_1_28' title="bbox 278 1345 1169 1389; baseline -0.006 -7"><span class='ocrx_word' id='word_1_161' title='bbox 278 1356 342 1382; x_wconf 84' lang='lat' dir='ltr'>ceat</span> <span class='ocrx_word' id='word_1_162' title='bbox 363 1374 372 1389; x_wconf 90' lang='lat'>,</span> <span class='ocrx_word' id='word_1_163' title='bbox 412 1351 585 1383; x_wconf 82' lang='lat' dir='ltr'>decernatur</span> <span class='ocrx_word' id='word_1_164' title='bbox 605 1373 613 1382; x_wconf 84' lang='lat'>.</span> <span class='ocrx_word' id='word_1_165' title='bbox 646 1348 816 1384; x_wconf 88' lang='lat' dir='ltr'>Praesentis</span> <span class='ocrx_word' id='word_1_166' title='bbox 843 1347 877 1380; x_wconf 89' lang='lat' dir='ltr'>in</span> <span class='ocrx_word' id='word_1_167' title='bbox 904 1348 965 1380; x_wconf 84' lang='lat' dir='ltr'>suae</span> <span class='ocrx_word' id='word_1_168' title='bbox 993 1345 1169 1380; x_wconf 83' lang='lat' dir='ltr'>Dioecesros</span> 
     </span>
     <span class='ocr_line' id='line_1_29' title="bbox 278 1396 1168 1438; baseline -0.009 -5"><span class='ocrx_word' id='word_1_169' title='bbox 278 1410 333 1434; x_wconf 80' lang='lat' dir='ltr'>aut</span> <span class='ocrx_word' id='word_1_170' title='bbox 361 1399 608 1432; x_wconf 79' lang='lat' dir='ltr'>provinciarum</span> <span class='ocrx_word' id='word_1_171' title='bbox 635 1398 677 1431; x_wconf 81' lang='lat' dir='ltr'>ad</span> <span class='ocrx_word' id='word_1_172' title='bbox 704 1399 808 1438; x_wconf 83' lang='lat' dir='ltr'>ipsam</span> <span class='ocrx_word' id='word_1_173' title='bbox 836 1396 1051 1437; x_wconf 62' lang='lat' dir='ltr'>spectantium</span> <span class='ocrx_word' id='word_1_174' title='bbox 1065 1396 1168 1435; x_wconf 90' lang='lat' dir='ltr'>Syno-</span> 
     </span>
     <span class='ocr_line' id='line_1_30' title="bbox 278 1443 1170 1485; baseline -0.004 -4"><span class='ocrx_word' id='word_1_175' title='bbox 278 1448 323 1481; x_wconf 89' lang='lat' dir='ltr'>do</span> <span class='ocrx_word' id='word_1_176' title='bbox 350 1447 524 1482; x_wconf 87' lang='lat' dir='ltr'>Pontificis</span> <span class='ocrx_word' id='word_1_177' title='bbox 549 1445 778 1479; x_wconf 72' lang='lat' dir='ltr'>austeritatem</span> <span class='ocrx_word' id='word_1_178' title='bbox 804 1444 940 1485; x_wconf 84' lang='lat' dir='ltr'>exponit</span> <span class='ocrx_word' id='word_1_179' title='bbox 967 1444 1000 1478; x_wconf 88' lang='lat' dir='ltr'>in</span> <span class='ocrx_word' id='word_1_180' title='bbox 1022 1443 1170 1484; x_wconf 84' lang='lat' dir='ltr'>synoda-</span> 
     </span>
     <span class='ocr_line' id='line_1_31' title="bbox 278 1489 1167 1531; baseline -0.01 -3"><span class='ocrx_word' id='word_1_181' title='bbox 278 1495 365 1528; x_wconf 88' lang='lat' dir='ltr'>libus</span> <span class='ocrx_word' id='word_1_182' title='bbox 383 1496 422 1526; x_wconf 84' lang='lat' dir='ltr'>ad</span> <span class='ocrx_word' id='word_1_183' title='bbox 457 1494 545 1526; x_wconf 86' lang='lat' dir='ltr'>urbis</span> <span class='ocrx_word' id='word_1_184' title='bbox 577 1491 955 1531; x_wconf 81' lang='lat' dir='ltr'>Constantinopolitanae</span> <span class='ocrx_word' id='word_1_185' title='bbox 980 1491 1014 1522; x_wconf 87' lang='lat'>&amp;</span> <span class='ocrx_word' id='word_1_186' title='bbox 1034 1489 1167 1530; x_wconf 69' lang='lat' dir='ltr'>‹Bithy-</span> 
     </span>
     <span class='ocr_line' id='line_1_32' title="bbox 276 1537 1168 1582; baseline -0.009 -5"><span class='ocrx_word' id='word_1_187' title='bbox 276 1544 339 1578; x_wconf 80' lang='lat' dir='ltr'>niae</span> <span class='ocrx_word' id='word_1_188' title='bbox 364 1541 499 1575; x_wconf 89' lang='lat' dir='ltr'>Clerum</span> <span class='ocrx_word' id='word_1_189' title='bbox 524 1540 642 1575; x_wconf 87' lang='lat' dir='ltr'>litteris</span> <span class='ocrx_word' id='word_1_190' title='bbox 668 1539 755 1582; x_wconf 83' lang='lat' dir='ltr'>Papa</span> <span class='ocrx_word' id='word_1_191' title='bbox 782 1537 877 1573; x_wconf 81' lang='lat' dir='ltr'>Felix</span> <span class='ocrx_word' id='word_1_192' title='bbox 905 1539 1017 1571; x_wconf 89' lang='lat' dir='ltr'>tertius</span> <span class='ocrx_word' id='word_1_193' title='bbox 1043 1549 1051 1569; x_wconf 73' lang='grc' dir='ltr'><em>ι</em></span> <span class='ocrx_word' id='word_1_194' title='bbox 1093 1542 1168 1573; x_wconf 81' lang='lat' dir='ltr'>Con-</span> 
     </span>
     <span class='ocr_line' id='line_1_33' title="bbox 275 1587 1167 1637; baseline -0.008 -11"><span class='ocrx_word' id='word_1_195' title='bbox 275 1592 397 1637; x_wconf 62' lang='lat' dir='ltr'>fitetudo</span> <span class='ocrx_word' id='word_1_196' title='bbox 420 1597 585 1630; x_wconf 85' lang='lat' dir='ltr'>retinetur,</span> <span class='ocrx_word' id='word_1_197' title='bbox 611 1598 644 1622; x_wconf 86' lang='lat' dir='ltr'>ut</span> <span class='ocrx_word' id='word_1_198' title='bbox 672 1589 791 1634; x_wconf 83' lang='lat' dir='ltr'>Praesul</span> <span class='ocrx_word' id='word_1_199' title='bbox 816 1587 983 1629; x_wconf 66' lang='lat' dir='ltr'>apostolica</span> <span class='ocrx_word' id='word_1_200' title='bbox 1007 1588 1093 1622; x_wconf 75' lang='lat' dir='ltr'>sedis</span> <span class='ocrx_word' id='word_1_201' title='bbox 1102 1598 1167 1620; x_wconf 79' lang='lat' dir='ltr'>cun-</span> 
     </span>
     <span class='ocr_line' id='line_1_34' title="bbox 276 1638 1167 1682; baseline -0.003 -8"><span class='ocrx_word' id='word_1_202' title='bbox 276 1643 325 1675; x_wconf 69' lang='grc' dir='ltr'>ᾶα</span> <span class='ocrx_word' id='word_1_203' title='bbox 344 1640 495 1680; x_wconf 84' lang='lat' dir='ltr'>constituat</span> <span class='ocrx_word' id='word_1_204' title='bbox 517 1666 524 1674; x_wconf 86' lang='lat'>.</span> <span class='ocrx_word' id='word_1_205' title='bbox 551 1641 589 1674; x_wconf 88' lang='lat' dir='ltr'>In</span> <span class='ocrx_word' id='word_1_206' title='bbox 615 1639 693 1673; x_wconf 90' lang='lat' dir='ltr'>fidei</span> <span class='ocrx_word' id='word_1_207' title='bbox 717 1639 886 1682; x_wconf 88' lang='lat' dir='ltr'>praesertim</span> <span class='ocrx_word' id='word_1_208' title='bbox 909 1638 1008 1671; x_wconf 83' lang='lat' dir='ltr'>caulis</span> <span class='ocrx_word' id='word_1_209' title='bbox 1031 1638 1167 1671; x_wconf 80' lang='lat' dir='ltr'>affirmat</span> 
     </span>
     <span class='ocr_line' id='line_1_35' title="bbox 275 1686 1168 1732; baseline -0.009 -5"><span class='ocrx_word' id='word_1_210' title='bbox 275 1691 311 1727; x_wconf 88' lang='lat' dir='ltr'>id</span> <span class='ocrx_word' id='word_1_211' title='bbox 333 1691 500 1726; x_wconf 89' lang='lat' dir='ltr'>obtinere.</span> <span class='ocrx_word' id='word_1_212' title='bbox 534 1689 645 1732; x_wconf 88' lang='lat' dir='ltr'>Loqui</span> <span class='ocrx_word' id='word_1_213' title='bbox 671 1688 799 1722; x_wconf 89' lang='lat' dir='ltr'>videtur</span> <span class='ocrx_word' id='word_1_214' title='bbox 820 1687 861 1722; x_wconf 91' lang='lat' dir='ltr'>de</span> <span class='ocrx_word' id='word_1_215' title='bbox 883 1688 959 1722; x_wconf 86' lang='lat' dir='ltr'>solis</span> <span class='ocrx_word' id='word_1_216' title='bbox 987 1687 1087 1723; x_wconf 75' lang='lat' dir='ltr'>Italia:</span> <span class='ocrx_word' id='word_1_217' title='bbox 1112 1686 1168 1729; x_wconf 91' lang='lat' dir='ltr'>Sy-</span> 
     </span>
     <span class='ocr_line' id='line_1_36' title="bbox 277 1737 1168 1785; baseline -0.009 -8"><span class='ocrx_word' id='word_1_218' title='bbox 277 1742 400 1781; x_wconf 89' lang='lat' dir='ltr'>nodis,</span> <span class='ocrx_word' id='word_1_219' title='bbox 425 1738 513 1785; x_wconf 78' lang='lat' dir='ltr'>quod</span> <span class='ocrx_word' id='word_1_220' title='bbox 534 1739 653 1782; x_wconf 74' lang='lat' dir='ltr'>nempe</span> <span class='ocrx_word' id='word_1_221' title='bbox 675 1737 910 1773; x_wconf 77' lang='lat' dir='ltr'>patriarchales</span> <span class='ocrx_word' id='word_1_222' title='bbox 935 1739 1004 1772; x_wconf 91' lang='lat' dir='ltr'>suas</span> <span class='ocrx_word' id='word_1_223' title='bbox 1015 1737 1168 1780; x_wconf 88' lang='lat' dir='ltr'>Synodos</span> 
     </span>
     <span class='ocr_line' id='line_1_37' title="bbox 277 1786 1148 1833; baseline -0.006 -7"><span class='ocrx_word' id='word_1_224' title='bbox 277 1793 445 1826; x_wconf 90' lang='lat' dir='ltr'>Dominus</span> <span class='ocrx_word' id='word_1_225' title='bbox 469 1791 561 1833; x_wconf 87' lang='lat' dir='ltr'>Papa</span> <span class='ocrx_word' id='word_1_226' title='bbox 593 1788 692 1824; x_wconf 87' lang='lat' dir='ltr'>soleat</span> <span class='ocrx_word' id='word_1_227' title='bbox 718 1788 803 1822; x_wconf 89' lang='lat' dir='ltr'>intra</span> <span class='ocrx_word' id='word_1_228' title='bbox 835 1788 962 1822; x_wconf 85' lang='lat' dir='ltr'>ltaliam</span> <span class='ocrx_word' id='word_1_229' title='bbox 988 1786 1148 1822; x_wconf 85' lang='lat' dir='ltr'>celebrare</span> 
     </span>
     <span class='ocr_line' id='line_1_38' title="bbox 278 1831 1167 1885; baseline -0.003 -11"><span class='ocrx_word' id='word_1_230' title='bbox 278 1840 315 1874; x_wconf 90' lang='lat' dir='ltr'>In</span> <span class='ocrx_word' id='word_1_231' title='bbox 338 1842 455 1885; x_wconf 79' lang='lat' dir='ltr'>quovis</span> <span class='ocrx_word' id='word_1_232' title='bbox 479 1841 555 1875; x_wconf 92' lang='lat' dir='ltr'>loco</span> <span class='ocrx_word' id='word_1_233' title='bbox 579 1831 749 1874; x_wconf 69' lang='lat' dir='ltr'>cele&#39;bratis</span> <span class='ocrx_word' id='word_1_234' title='bbox 767 1837 864 1872; x_wconf 86' lang='lat' dir='ltr'>habet</span> <span class='ocrx_word' id='word_1_235' title='bbox 886 1838 1022 1873; x_wconf 87' lang='lat' dir='ltr'>eandem</span> <span class='ocrx_word' id='word_1_236' title='bbox 1033 1838 1167 1872; x_wconf 68' lang='lat' dir='ltr'>austori-</span> 
     </span>
     <span class='ocr_line' id='line_1_39' title="bbox 277 1888 1166 1934; baseline -0.002 -9"><span class='ocrx_word' id='word_1_237' title='bbox 277 1901 376 1926; x_wconf 87' lang='lat' dir='ltr'>tatem</span> <span class='ocrx_word' id='word_1_238' title='bbox 399 1917 406 1925; x_wconf 93' lang='lat'>.</span> <span class='ocrx_word' id='word_1_239' title='bbox 433 1890 476 1925; x_wconf 88' lang='lat' dir='ltr'>Et</span> <span class='ocrx_word' id='word_1_240' title='bbox 499 1890 577 1924; x_wconf 88' lang='lat' dir='ltr'>hinc</span> <span class='ocrx_word' id='word_1_241' title='bbox 600 1890 641 1924; x_wconf 86' lang='lat' dir='ltr'>ad</span> <span class='ocrx_word' id='word_1_242' title='bbox 656 1888 853 1934; x_wconf 86' lang='lat' dir='ltr'>Eutychen,</span> <span class='ocrx_word' id='word_1_243' title='bbox 880 1900 922 1923; x_wconf 87' lang='lat' dir='ltr'>ex</span> <span class='ocrx_word' id='word_1_244' title='bbox 934 1888 1166 1923; x_wconf 88' lang='lat' dir='ltr'>Constantino-</span> 
     </span>
     <span class='ocr_line' id='line_1_40' title="bbox 276 1936 1166 1984; baseline -0.004 -9"><span class='ocrx_word' id='word_1_245' title='bbox 276 1941 427 1984; x_wconf 81' lang='lat' dir='ltr'>politano</span> <span class='ocrx_word' id='word_1_246' title='bbox 454 1939 721 1975; x_wconf 82' lang='lat' dir='ltr'>Archimandrita</span> <span class='ocrx_word' id='word_1_247' title='bbox 745 1951 871 1974; x_wconf 88' lang='lat' dir='ltr'>novum</span> <span class='ocrx_word' id='word_1_248' title='bbox 891 1936 1166 1980; x_wconf 79' lang='lat' dir='ltr'>Haerefiarcham,</span> 
     </span>
     <span class='ocr_line' id='line_1_41' title="bbox 276 1990 1165 2036; baseline -0.001 -11"><span class='ocrx_word' id='word_1_249' title='bbox 276 1991 318 2025; x_wconf 84' lang='lat' dir='ltr'>de</span> <span class='ocrx_word' id='word_1_250' title='bbox 341 1992 387 2025; x_wconf 85' lang='lat' dir='ltr'>sui</span> <span class='ocrx_word' id='word_1_251' title='bbox 413 1991 578 2036; x_wconf 85' lang='lat' dir='ltr'>dogmatis</span> <span class='ocrx_word' id='word_1_252' title='bbox 606 1990 698 2024; x_wconf 88' lang='lat' dir='ltr'>causa</span> <span class='ocrx_word' id='word_1_253' title='bbox 721 1990 986 2031; x_wconf 84' lang='lat' dir='ltr'>consultantem,</span> <span class='ocrx_word' id='word_1_254' title='bbox 1012 1990 1165 2034; x_wconf 81' lang='lat' dir='ltr'>rescripsit</span> 
     </span>
     <span class='ocr_line' id='line_1_42' title="bbox 276 2039 1167 2084; baseline 0 -10"><span class='ocrx_word' id='word_1_255' title='bbox 276 2042 410 2078; x_wconf 55' lang='lat' dir='ltr'>Sanetus</span> <span class='ocrx_word' id='word_1_256' title='bbox 437 2040 549 2075; x_wconf 88' lang='lat' dir='ltr'>Petrus</span> <span class='ocrx_word' id='word_1_257' title='bbox 574 2039 801 2084; x_wconf 78' lang='lat' dir='ltr'>Chrysoiogus</span> <span class='ocrx_word' id='word_1_258' title='bbox 812 2040 1027 2082; x_wconf 88' lang='lat' dir='ltr'>Metropolita</span> <span class='ocrx_word' id='word_1_259' title='bbox 1039 2039 1167 2074; x_wconf 90' lang='lat' dir='ltr'>Raven-</span> 
     </span>
     <span class='ocr_line' id='line_1_43' title="bbox 276 2089 1165 2133; baseline -0.003 -8"><span class='ocrx_word' id='word_1_260' title='bbox 276 2102 416 2125; x_wconf 86' lang='lat' dir='ltr'>natum:</span> <span class='ocrx_word' id='word_1_261' title='bbox 443 2096 511 2124; x_wconf 86' lang='lat' dir='ltr'>Nos</span> <span class='ocrx_word' id='word_1_262' title='bbox 535 2098 592 2133; x_wconf 87' lang='lat' dir='ltr'>pro</span> <span class='ocrx_word' id='word_1_263' title='bbox 611 2090 708 2130; x_wconf 83' lang='lat' dir='ltr'>fludio</span> <span class='ocrx_word' id='word_1_264' title='bbox 728 2096 815 2132; x_wconf 82' lang='lat' dir='ltr'>pacis</span> <span class='ocrx_word' id='word_1_265' title='bbox 843 2091 877 2123; x_wconf 60' lang='grc' dir='ltr'>(θ’</span> <span class='ocrx_word' id='word_1_266' title='bbox 898 2089 971 2133; x_wconf 80' lang='lat' dir='ltr'>fidei</span> <span class='ocrx_word' id='word_1_267' title='bbox 995 2100 1084 2123; x_wconf 83' lang='lat' dir='ltr'>extra</span> <span class='ocrx_word' id='word_1_268' title='bbox 1103 2101 1165 2123; x_wconf 89' lang='lat' dir='ltr'>con-</span> 
     </span>
     <span class='ocr_line' id='line_1_44' title="bbox 275 2138 1167 2184; baseline -0.001 -12"><span class='ocrx_word' id='word_1_269' title='bbox 275 2139 392 2184; x_wconf 82' lang='lat' dir='ltr'>sensum</span> <span class='ocrx_word' id='word_1_270' title='bbox 418 2145 563 2174; x_wconf 86' lang='lat' dir='ltr'>Romanae</span> <span class='ocrx_word' id='word_1_271' title='bbox 592 2144 750 2174; x_wconf 72' lang='lat' dir='ltr'>Civitatis</span> <span class='ocrx_word' id='word_1_272' title='bbox 777 2138 920 2183; x_wconf 81' lang='lat' dir='ltr'>Episcopi</span> <span class='ocrx_word' id='word_1_273' title='bbox 958 2138 1061 2183; x_wconf 84' lang='lat' dir='ltr'>causas</span> <span class='ocrx_word' id='word_1_274' title='bbox 1097 2139 1167 2181; x_wconf 79' lang='lat' dir='ltr'>fidei</span> 
     </span>
     <span class='ocr_line' id='line_1_45' title="bbox 276 2189 1167 2234; baseline -0.003 -11"><span class='ocrx_word' id='word_1_275' title='bbox 276 2193 381 2225; x_wconf 87' lang='lat' dir='ltr'>audire</span> <span class='ocrx_word' id='word_1_276' title='bbox 406 2202 468 2225; x_wconf 90' lang='lat' dir='ltr'>non</span> <span class='ocrx_word' id='word_1_277' title='bbox 490 2192 636 2234; x_wconf 83' lang='lat' dir='ltr'>poffumus</span> <span class='ocrx_word' id='word_1_278' title='bbox 651 2215 658 2222; x_wconf 97' lang='lat'>.</span> <span class='ocrx_word' id='word_1_279' title='bbox 686 2191 848 2225; x_wconf 87' lang='lat' dir='ltr'>Omnium</span> <span class='ocrx_word' id='word_1_280' title='bbox 871 2189 1109 2221; x_wconf 63' lang='lat' dir='ltr'>tractandorum</span> <span class='ocrx_word' id='word_1_281' title='bbox 1125 2199 1167 2220; x_wconf 91' lang='lat' dir='ltr'>re-</span> 
     </span>
     <span class='ocr_line' id='line_1_46' title="bbox 277 2235 1164 2280; baseline -0.002 -9"><span class='ocrx_word' id='word_1_282' title='bbox 277 2239 432 2271; x_wconf 85' lang='lat' dir='ltr'>lationem</span> <span class='ocrx_word' id='word_1_283' title='bbox 462 2241 516 2271; x_wconf 89' lang='lat' dir='ltr'>seu</span> <span class='ocrx_word' id='word_1_284' title='bbox 542 2239 798 2280; x_wconf 77' lang='lat' dir='ltr'>propositionem</span> <span class='ocrx_word' id='word_1_285' title='bbox 823 2260 834 2275; x_wconf 90' lang='lat'>,</span> <span class='ocrx_word' id='word_1_286' title='bbox 860 2235 894 2268; x_wconf 73' lang='grc' dir='ltr'>δε</span> <span class='ocrx_word' id='word_1_287' title='bbox 919 2236 1062 2279; x_wconf 84' lang='lat' dir='ltr'>suffragii</span> <span class='ocrx_word' id='word_1_288' title='bbox 1088 2247 1164 2269; x_wconf 89' lang='lat' dir='ltr'>cum</span> 
     </span>
     <span class='ocr_line' id='line_1_47' title="bbox 275 2282 1164 2331; baseline -0.001 -11"><span class='ocrx_word' id='word_1_289' title='bbox 275 2286 485 2331; x_wconf 83' lang='lat' dir='ltr'>irrefragabili</span> <span class='ocrx_word' id='word_1_290' title='bbox 517 2288 707 2319; x_wconf 72' lang='lat' dir='ltr'>austeritate</span> <span class='ocrx_word' id='word_1_291' title='bbox 745 2284 990 2328; x_wconf 68' lang='lat' dir='ltr'>praerogativam</span> <span class='ocrx_word' id='word_1_292' title='bbox 1023 2282 1164 2319; x_wconf 85' lang='lat' dir='ltr'>habebat</span> 
     </span>
     <span class='ocr_line' id='line_1_48' title="bbox 275 2332 1162 2380; baseline -0.001 -10"><span class='ocrx_word' id='word_1_293' title='bbox 275 2338 408 2380; x_wconf 81' lang='lat' dir='ltr'>praesens</span> <span class='ocrx_word' id='word_1_294' title='bbox 433 2335 587 2369; x_wconf 87' lang='lat' dir='ltr'>Pontifex</span> <span class='ocrx_word' id='word_1_295' title='bbox 614 2356 625 2373; x_wconf 93' lang='lat'>,</span> <span class='ocrx_word' id='word_1_296' title='bbox 651 2333 792 2376; x_wconf 89' lang='lat' dir='ltr'>ideoque</span> <span class='ocrx_word' id='word_1_297' title='bbox 818 2344 859 2366; x_wconf 88' lang='lat' dir='ltr'>ex</span> <span class='ocrx_word' id='word_1_298' title='bbox 886 2332 953 2376; x_wconf 86' lang='lat' dir='ltr'>ejus</span> <span class='ocrx_word' id='word_1_299' title='bbox 980 2332 1078 2368; x_wconf 88' lang='lat' dir='ltr'>solius</span> <span class='ocrx_word' id='word_1_300' title='bbox 1105 2346 1162 2369; x_wconf 88' lang='lat' dir='ltr'>no-</span> 
     </span>
     <span class='ocr_line' id='line_1_49' title="bbox 275 2382 1160 2429; baseline -0.005 -9"><span class='ocrx_word' id='word_1_301' title='bbox 275 2387 366 2420; x_wconf 86' lang='lat' dir='ltr'>mine</span> <span class='ocrx_word' id='word_1_302' title='bbox 391 2382 568 2429; x_wconf 83' lang='lat' dir='ltr'>synodalia</span> <span class='ocrx_word' id='word_1_303' title='bbox 597 2385 662 2418; x_wconf 62' lang='lat' dir='ltr'>aeta</span> <span class='ocrx_word' id='word_1_304' title='bbox 689 2383 897 2418; x_wconf 84' lang='lat' dir='ltr'>edebantur.</span> <span class='ocrx_word' id='word_1_305' title='bbox 936 2383 1047 2427; x_wconf 86' lang='lat' dir='ltr'>Hujus</span> <span class='ocrx_word' id='word_1_306' title='bbox 1073 2395 1160 2428; x_wconf 88' lang='lat' dir='ltr'>pote-</span> 
     </span>
     <span class='ocr_line' id='line_1_50' title="bbox 275 2433 1164 2477; baseline -0.001 -8"><span class='ocrx_word' id='word_1_307' title='bbox 275 2435 364 2469; x_wconf 84' lang='lat' dir='ltr'>statis</span> <span class='ocrx_word' id='word_1_308' title='bbox 390 2435 498 2477; x_wconf 89' lang='lat' dir='ltr'>aliqua</span> <span class='ocrx_word' id='word_1_309' title='bbox 526 2445 612 2477; x_wconf 87' lang='lat' dir='ltr'>parte</span> <span class='ocrx_word' id='word_1_310' title='bbox 638 2433 724 2477; x_wconf 86' lang='lat' dir='ltr'>apud</span> <span class='ocrx_word' id='word_1_311' title='bbox 752 2434 824 2467; x_wconf 90' lang='lat' dir='ltr'>suos</span> <span class='ocrx_word' id='word_1_312' title='bbox 846 2433 1087 2468; x_wconf 84' lang='lat' dir='ltr'>valuisseetiam</span> <span class='ocrx_word' id='word_1_313' title='bbox 1102 2435 1164 2468; x_wconf 92' lang='lat' dir='ltr'>Pa-</span> 
     </span>
     <span class='ocr_line' id='line_1_51' title="bbox 275 2483 1160 2526; baseline -0.002 -6"><span class='ocrx_word' id='word_1_314' title='bbox 275 2484 450 2520; x_wconf 88' lang='lat' dir='ltr'>triarcham</span> <span class='ocrx_word' id='word_1_315' title='bbox 480 2483 765 2523; x_wconf 84' lang='lat' dir='ltr'>Alexandrinum,</span> <span class='ocrx_word' id='word_1_316' title='bbox 794 2484 880 2517; x_wconf 88' lang='lat' dir='ltr'>lucet</span> <span class='ocrx_word' id='word_1_317' title='bbox 892 2495 931 2517; x_wconf 91' lang='lat' dir='ltr'>ex</span> <span class='ocrx_word' id='word_1_318' title='bbox 943 2494 1055 2526; x_wconf 87' lang='lat' dir='ltr'>quarta</span> <span class='ocrx_word' id='word_1_319' title='bbox 1067 2485 1160 2519; x_wconf 71' lang='lat' dir='ltr'>aetio-</span> 
     </span>
     <span class='ocr_line' id='line_1_52' title="bbox 276 2533 1157 2576; baseline -0.002 -6"><span class='ocrx_word' id='word_1_320' title='bbox 276 2547 318 2570; x_wconf 86' lang='lat' dir='ltr'>ne</span> <span class='ocrx_word' id='word_1_321' title='bbox 337 2535 481 2569; x_wconf 90' lang='lat' dir='ltr'>Concilii</span> <span class='ocrx_word' id='word_1_322' title='bbox 506 2533 803 2568; x_wconf 84' lang='lat' dir='ltr'>Chalcedonensis.</span> <span class='ocrx_word' id='word_1_323' title='bbox 828 2534 875 2568; x_wconf 86' lang='lat' dir='ltr'>Ea</span> <span class='ocrx_word' id='word_1_324' title='bbox 889 2545 957 2576; x_wconf 89' lang='lat' dir='ltr'>pars</span> <span class='ocrx_word' id='word_1_325' title='bbox 970 2536 1077 2570; x_wconf 86' lang='lat' dir='ltr'>forsan</span> <span class='ocrx_word' id='word_1_326' title='bbox 1091 2536 1157 2568; x_wconf 88' lang='lat' dir='ltr'>fue·</span> 
     </span>
     <span class='ocr_line' id='line_1_53' title="bbox 278 2583 1157 2629; baseline 0.001 -11"><span class='ocrx_word' id='word_1_327' title='bbox 278 2586 319 2619; x_wconf 88' lang='lat' dir='ltr'>rit</span> <span class='ocrx_word' id='word_1_328' title='bbox 341 2585 390 2629; x_wconf 78' lang='lat' dir='ltr'>jus</span> <span class='ocrx_word' id='word_1_329' title='bbox 415 2586 523 2619; x_wconf 86' lang='lat' dir='ltr'>omnis</span> <span class='ocrx_word' id='word_1_330' title='bbox 550 2583 759 2618; x_wconf 86' lang='lat' dir='ltr'>Patriarchae.</span> <span class='ocrx_word' id='word_1_331' title='bbox 787 2583 959 2629; x_wconf 76' lang='lat' dir='ltr'>Quidquid</span> <span class='ocrx_word' id='word_1_332' title='bbox 980 2585 1037 2625; x_wconf 84' lang='lat' dir='ltr'>sit,</span> <span class='ocrx_word' id='word_1_333' title='bbox 1064 2585 1157 2619; x_wconf 88' lang='lat' dir='ltr'>nobi-</span> 
     </span>
     <span class='ocr_line' id='line_1_54' title="bbox 278 2633 1158 2678; baseline 0 -9"><span class='ocrx_word' id='word_1_334' title='bbox 278 2635 341 2669; x_wconf 90' lang='lat' dir='ltr'>lem</span> <span class='ocrx_word' id='word_1_335' title='bbox 367 2635 434 2678; x_wconf 83' lang='lat' dir='ltr'>ejus</span> <span class='ocrx_word' id='word_1_336' title='bbox 460 2635 645 2678; x_wconf 86' lang='lat' dir='ltr'>portionem</span> <span class='ocrx_word' id='word_1_337' title='bbox 673 2633 788 2668; x_wconf 85' lang='lat' dir='ltr'>babuit</span> <span class='ocrx_word' id='word_1_338' title='bbox 823 2636 856 2667; x_wconf 88' lang='lat' dir='ltr'>in</span> <span class='ocrx_word' id='word_1_339' title='bbox 881 2634 1023 2677; x_wconf 89' lang='lat' dir='ltr'>Synodis</span> <span class='ocrx_word' id='word_1_340' title='bbox 1060 2635 1158 2670; x_wconf 85' lang='lat' dir='ltr'>etiarn</span> 
     </span>
     <span class='ocr_line' id='line_1_55' title="bbox 281 2684 1159 2730; baseline 0 -11"><span class='ocrx_word' id='word_1_341' title='bbox 281 2685 376 2728; x_wconf 82' lang='lat' dir='ltr'>Papae</span> <span class='ocrx_word' id='word_1_342' title='bbox 401 2685 543 2730; x_wconf 90' lang='lat' dir='ltr'>Legatus</span> <span class='ocrx_word' id='word_1_343' title='bbox 571 2697 578 2716; x_wconf 93' lang='lat'>:</span> <span class='ocrx_word' id='word_1_344' title='bbox 617 2684 694 2727; x_wconf 81' lang='lat' dir='ltr'>Ejus</span> <span class='ocrx_word' id='word_1_345' title='bbox 709 2684 909 2728; x_wconf 53' lang='lat' dir='ltr'>»suffragium</span> <span class='ocrx_word' id='word_1_346' title='bbox 936 2684 1159 2728; x_wconf 69' lang='lat' dir='ltr'>aequipollebat</span> 
     </span>
     <span class='ocr_line' id='line_1_56' title="bbox 279 2698 1178 2779; baseline 0 -10"><span class='ocrx_word' id='word_1_347' title='bbox 279 2736 379 2770; x_wconf 80' lang='lat' dir='ltr'>totius</span> <span class='ocrx_word' id='word_1_348' title='bbox 406 2733 529 2777; x_wconf 89' lang='lat' dir='ltr'>Synodi</span> <span class='ocrx_word' id='word_1_349' title='bbox 560 2734 713 2779; x_wconf 83' lang='lat' dir='ltr'>suffragio</span> <span class='ocrx_word' id='word_1_350' title='bbox 740 2758 750 2774; x_wconf 87' lang='lat'>,</span> <span class='ocrx_word' id='word_1_351' title='bbox 776 2734 914 2778; x_wconf 90' lang='lat' dir='ltr'>ideoque</span> <span class='ocrx_word' id='word_1_352' title='bbox 940 2735 1068 2778; x_wconf 88' lang='lat' dir='ltr'>quoties</span> <span class='ocrx_word' id='word_1_353' title='bbox 1093 2698 1178 2778; x_wconf 69' lang='lat' dir='ltr'>ipsei</span> 
     </span>
     <span class='ocr_line' id='line_1_57' title="bbox 281 2760 1176 2828; baseline 0 -9"><span class='ocrx_word' id='word_1_354' title='bbox 281 2785 367 2819; x_wconf 88' lang='lat' dir='ltr'>solus</span> <span class='ocrx_word' id='word_1_355' title='bbox 392 2785 410 2818; x_wconf 78' lang='lat' dir='ltr'>a</span> <span class='ocrx_word' id='word_1_356' title='bbox 435 2795 505 2819; x_wconf 87' lang='lat' dir='ltr'>tota</span> <span class='ocrx_word' id='word_1_357' title='bbox 515 2785 694 2819; x_wconf 87' lang='lat' dir='ltr'>dissentiret</span> <span class='ocrx_word' id='word_1_358' title='bbox 707 2782 863 2827; x_wconf 90' lang='lat' dir='ltr'>Synodo,</span> <span class='ocrx_word' id='word_1_359' title='bbox 887 2760 1176 2828; x_wconf 54' lang='lat' dir='ltr'>causatamquami</span> 
     </span>
     <span class='ocr_line' id='line_1_58' title="bbox 280 2834 1175 2880; baseline 0 -11"><span class='ocrx_word' id='word_1_360' title='bbox 280 2834 432 2880; x_wconf 85' lang='lat' dir='ltr'>ambigua</span> <span class='ocrx_word' id='word_1_361' title='bbox 452 2836 484 2869; x_wconf 67' lang='grc' dir='ltr'>ὅς</span> <span class='ocrx_word' id='word_1_362' title='bbox 505 2834 650 2868; x_wconf 88' lang='lat' dir='ltr'>difficilis</span> <span class='ocrx_word' id='word_1_363' title='bbox 666 2834 808 2868; x_wconf 88' lang='lat' dir='ltr'>Romam</span> <span class='ocrx_word' id='word_1_364' title='bbox 823 2835 944 2877; x_wconf 90' lang='lat' dir='ltr'>semper</span> <span class='ocrx_word' id='word_1_365' title='bbox 955 2835 1068 2869; x_wconf 86' lang='lat' dir='ltr'>debuit</span> <span class='ocrx_word' id='word_1_366' title='bbox 1081 2847 1156 2869; x_wconf 87' lang='lat' dir='ltr'>cum</span> <span class='ocrx_word' id='word_1_367' title='bbox 1173 2843 1175 2864; x_wconf 69' lang='lat'>1</span> 
     </span>
     <span class='ocr_line' id='line_1_59' title="bbox 279 2875 1175 2931; baseline 0.003 -14"><span class='ocrx_word' id='word_1_368' title='bbox 279 2885 374 2929; x_wconf 88' lang='lat' dir='ltr'>plena</span> <span class='ocrx_word' id='word_1_369' title='bbox 400 2885 556 2931; x_wconf 81' lang='lat' dir='ltr'>relatione</span> <span class='ocrx_word' id='word_1_370' title='bbox 581 2886 686 2919; x_wconf 89' lang='lat' dir='ltr'>mitti.</span> <span class='ocrx_word' id='word_1_371' title='bbox 712 2885 805 2918; x_wconf 90' lang='lat' dir='ltr'>Hinc</span> <span class='ocrx_word' id='word_1_372' title='bbox 830 2895 910 2928; x_wconf 83' lang='lat' dir='ltr'>ergo</span> <span class='ocrx_word' id='word_1_373' title='bbox 922 2886 1104 2928; x_wconf 70' lang='lat' dir='ltr'>praesentem</span> <span class='ocrx_word' id='word_1_374' title='bbox 1117 2875 1175 2921; x_wconf 61' lang='lat' dir='ltr'>de⁵</span> 
     </span>
     <span class='ocr_line' id='line_1_60' title="bbox 279 2935 1174 2978; baseline 0 -10"><span class='ocrx_word' id='word_1_375' title='bbox 279 2935 563 2968; x_wconf 84' lang='lat' dir='ltr'>momentosiffima</span> <span class='ocrx_word' id='word_1_376' title='bbox 600 2935 785 2978; x_wconf 88' lang='lat' dir='ltr'>Berengarii</span> <span class='ocrx_word' id='word_1_377' title='bbox 824 2936 918 2969; x_wconf 89' lang='lat' dir='ltr'>causa</span> <span class='ocrx_word' id='word_1_378' title='bbox 956 2935 1127 2978; x_wconf 89' lang='lat' dir='ltr'>Synodum</span> <span class='ocrx_word' id='word_1_379' title='bbox 1146 2945 1174 2976; x_wconf 72' lang='grc' dir='ltr'>,τ</span> 
     </span>
     <span class='ocr_line' id='line_1_61' title="bbox 280 2982 1173 3031; baseline 0.003 -14"><span class='ocrx_word' id='word_1_380' title='bbox 280 2996 349 3018; x_wconf 89' lang='lat' dir='ltr'>non</span> <span class='ocrx_word' id='word_1_381' title='bbox 377 2995 432 3027; x_wconf 89' lang='lat' dir='ltr'>per</span> <span class='ocrx_word' id='word_1_382' title='bbox 456 2984 704 3027; x_wconf 86' lang='lat' dir='ltr'>Metropolitam</span> <span class='ocrx_word' id='word_1_383' title='bbox 734 3009 744 3025; x_wconf 95' lang='lat'>,</span> <span class='ocrx_word' id='word_1_384' title='bbox 778 2984 830 3018; x_wconf 89' lang='lat' dir='ltr'>sed</span> <span class='ocrx_word' id='word_1_385' title='bbox 859 2995 911 3028; x_wconf 89' lang='lat' dir='ltr'>per</span> <span class='ocrx_word' id='word_1_386' title='bbox 938 2985 1030 3019; x_wconf 90' lang='lat' dir='ltr'>suum</span> <span class='ocrx_word' id='word_1_387' title='bbox 1057 2982 1173 3031; x_wconf 50' lang='lat' dir='ltr'>Lega?</span> 
     </span>
     <span class='ocr_line' id='line_1_62' title="bbox 279 3033 996 3069; baseline -0.001 -1"><span class='ocrx_word' id='word_1_388' title='bbox 279 3044 350 3068; x_wconf 89' lang='lat' dir='ltr'>tum</span> <span class='ocrx_word' id='word_1_389' title='bbox 376 3033 479 3067; x_wconf 87' lang='lat' dir='ltr'>voluit</span> <span class='ocrx_word' id='word_1_390' title='bbox 504 3034 619 3068; x_wconf 79' lang='lat' dir='ltr'>ViCtor</span> <span class='ocrx_word' id='word_1_391' title='bbox 645 3034 803 3068; x_wconf 86' lang='lat' dir='ltr'>secundus</span> <span class='ocrx_word' id='word_1_392' title='bbox 824 3034 996 3069; x_wconf 87' lang='lat' dir='ltr'>celebrari.</span> 
     </span>
    </p>

    <p class='ocr_par' dir='ltr' id='par_1_7' title="bbox 278 3083 1172 3428">
     <span class='ocr_line' id='line_1_63' title="bbox 328 3083 1172 3128; baseline 0.001 -11"><span class='ocrx_word' id='word_1_393' title='bbox 328 3084 419 3117; x_wconf 88' lang='lat' dir='ltr'>Huic</span> <span class='ocrx_word' id='word_1_394' title='bbox 430 3083 507 3117; x_wconf 89' lang='lat' dir='ltr'>item</span> <span class='ocrx_word' id='word_1_395' title='bbox 519 3083 653 3128; x_wconf 90' lang='lat' dir='ltr'>Synodo</span> <span class='ocrx_word' id='word_1_396' title='bbox 668 3084 823 3127; x_wconf 87' lang='lat' dir='ltr'>proposita</span> <span class='ocrx_word' id='word_1_397' title='bbox 837 3085 898 3118; x_wconf 89' lang='lat' dir='ltr'>fuit</span> <span class='ocrx_word' id='word_1_398' title='bbox 909 3085 1038 3127; x_wconf 89' lang='lat' dir='ltr'>querela</span> <span class='ocrx_word' id='word_1_399' title='bbox 1064 3085 1156 3119; x_wconf 88' lang='lat' dir='ltr'>Hen-</span> <span class='ocrx_word' id='word_1_400' title='bbox 1170 3091 1172 3122; x_wconf 67' lang='lat' dir='ltr'>i</span> 
     </span>
     <span class='ocr_line' id='line_1_64' title="bbox 279 3131 1172 3178; baseline 0.002 -11"><span class='ocrx_word' id='word_1_401' title='bbox 279 3134 337 3168; x_wconf 90' lang='lat' dir='ltr'>rici</span> <span class='ocrx_word' id='word_1_402' title='bbox 349 3133 436 3167; x_wconf 87' lang='lat' dir='ltr'>tertii</span> <span class='ocrx_word' id='word_1_403' title='bbox 450 3133 651 3175; x_wconf 86' lang='lat' dir='ltr'>Imperatoris</span> <span class='ocrx_word' id='word_1_404' title='bbox 663 3134 810 3168; x_wconf 89' lang='lat' dir='ltr'>adversus</span> <span class='ocrx_word' id='word_1_405' title='bbox 833 3133 1074 3169; x_wconf 89' lang='lat' dir='ltr'>Ferdinandum</span> <span class='ocrx_word' id='word_1_406' title='bbox 1097 3131 1172 3178; x_wconf 58' lang='lat' dir='ltr'>prb}</span> 
     </span>
     <span class='ocr_line' id='line_1_65' title="bbox 279 3184 1156 3229; baseline 0.003 -13"><span class='ocrx_word' id='word_1_407' title='bbox 279 3195 368 3217; x_wconf 89' lang='lat' dir='ltr'>mum</span> <span class='ocrx_word' id='word_1_408' title='bbox 381 3208 391 3224; x_wconf 91' lang='lat'>,</span> <span class='ocrx_word' id='word_1_409' title='bbox 418 3184 812 3229; x_wconf 83' lang='lat' dir='ltr'>cognomento&amp;virtute</span> <span class='ocrx_word' id='word_1_410' title='bbox 823 3184 987 3229; x_wconf 85' lang='lat' dir='ltr'>Magnum</span> <span class='ocrx_word' id='word_1_411' title='bbox 1000 3209 1011 3224; x_wconf 88' lang='lat'>,</span> <span class='ocrx_word' id='word_1_412' title='bbox 1037 3184 1156 3219; x_wconf 80' lang='lat' dir='ltr'>Castel-</span> 
     </span>
     <span class='ocr_line' id='line_1_66' title="bbox 279 3233 1154 3278; baseline 0.001 -12"><span class='ocrx_word' id='word_1_413' title='bbox 279 3234 314 3266; x_wconf 75' lang='lat' dir='ltr'>1ae</span> <span class='ocrx_word' id='word_1_414' title='bbox 324 3246 360 3267; x_wconf 90' lang='lat' dir='ltr'>ac</span> <span class='ocrx_word' id='word_1_415' title='bbox 383 3234 542 3277; x_wconf 77' lang='lat' dir='ltr'>Legionis</span> <span class='ocrx_word' id='word_1_416' title='bbox 569 3233 715 3277; x_wconf 87' lang='lat' dir='ltr'>Regem,</span> <span class='ocrx_word' id='word_1_417' title='bbox 739 3233 779 3267; x_wconf 89' lang='lat' dir='ltr'>de</span> <span class='ocrx_word' id='word_1_418' title='bbox 805 3234 903 3268; x_wconf 89' lang='lat' dir='ltr'>titulo</span> <span class='ocrx_word' id='word_1_419' title='bbox 930 3235 1154 3278; x_wconf 88' lang='lat' dir='ltr'>Imperatoris.</span> 
     </span>
     <span class='ocr_line' id='line_1_67' title="bbox 279 3282 1165 3329; baseline 0.005 -14"><span class='ocrx_word' id='word_1_420' title='bbox 279 3283 411 3316; x_wconf 81' lang='lat' dir='ltr'>Etenim</span> <span class='ocrx_word' id='word_1_421' title='bbox 424 3282 464 3316; x_wconf 92' lang='lat' dir='ltr'>de</span> <span class='ocrx_word' id='word_1_422' title='bbox 475 3282 669 3316; x_wconf 81' lang='lat' dir='ltr'>ferdinandi</span> <span class='ocrx_word' id='word_1_423' title='bbox 679 3295 766 3327; x_wconf 86' lang='lat' dir='ltr'>patre</span> <span class='ocrx_word' id='word_1_424' title='bbox 779 3283 895 3318; x_wconf 77' lang='lat' dir='ltr'>sancio</span> <span class='ocrx_word' id='word_1_425' title='bbox 906 3284 1036 3329; x_wconf 87' lang='lat' dir='ltr'>Magno</span> <span class='ocrx_word' id='word_1_426' title='bbox 1048 3284 1165 3319; x_wconf 46' lang='lat' dir='ltr'>scribit&lt;</span> 
     </span>
     <span class='ocr_line' id='line_1_68' title="bbox 279 3330 1153 3382; baseline 0.001 -16"><span class='ocrx_word' id='word_1_427' title='bbox 279 3333 312 3366; x_wconf 88' lang='lat' dir='ltr'>in</span> <span class='ocrx_word' id='word_1_428' title='bbox 336 3330 504 3366; x_wconf 81' lang='lat' dir='ltr'>Chronico</span> <span class='ocrx_word' id='word_1_429' title='bbox 519 3331 696 3382; x_wconf 27' lang='lat' dir='ltr'>[Albericus</span> <span class='ocrx_word' id='word_1_430' title='bbox 719 3347 729 3366; x_wconf 86' lang='lat'>.·</span> <span class='ocrx_word' id='word_1_431' title='bbox 756 3336 877 3367; x_wconf 77' lang='lat' dir='ltr'>Sancius</span> <span class='ocrx_word' id='word_1_432' title='bbox 893 3332 926 3377; x_wconf 88' lang='lat' dir='ltr'>se</span> <span class='ocrx_word' id='word_1_433' title='bbox 947 3338 1153 3376; x_wconf 79' lang='lat' dir='ltr'>Imperatorem</span> 
     </span>
     <span class='ocr_line' id='line_1_69' title="bbox 278 3381 1154 3428; baseline 0.006 -13"><span class='ocrx_word' id='word_1_434' title='bbox 278 3383 449 3416; x_wconf 76' lang='lat' dir='ltr'>nominabat</span> <span class='ocrx_word' id='word_1_435' title='bbox 473 3381 649 3426; x_wconf 67' lang='lat' dir='ltr'>Hispania.</span> <span class='ocrx_word' id='word_1_436' title='bbox 679 3381 722 3417; x_wconf 85' lang='lat' dir='ltr'>Et</span> <span class='ocrx_word' id='word_1_437' title='bbox 733 3383 767 3418; x_wconf 88' lang='lat' dir='ltr'>in</span> <span class='ocrx_word' id='word_1_438' title='bbox 790 3383 956 3428; x_wconf 73' lang='lat' dir='ltr'>Hispaniae</span> <span class='ocrx_word' id='word_1_439' title='bbox 982 3383 1154 3420; x_wconf 90' lang='lat' dir='ltr'>Chronico</span> 
     </span>
    </p>
   </div>
   <div class='ocr_carea' id='block_1_6' title="bbox 1170 2987 1173 3087">
    <p class='ocr_par' dir='ltr' id='par_1_8' title="bbox 1170 2987 1173 3087">
     <span class='ocr_line' id='line_1_70' title="bbox 1170 2987 1173 3087; baseline 0 0"><span class='ocrx_word' id='word_1_440' title='bbox 1170 2987 1173 3087; x_wconf 95' lang='lat' dir='ltr'> </span> 
     </span>
    </p>
   </div>
   <div class='ocr_carea' id='block_1_7' title="bbox 1164 3299 1172 3457">
    <p class='ocr_par' dir='ltr' id='par_1_9' title="bbox 1164 3299 1172 3457">
     <span class='ocr_line' id='line_1_71' title="bbox 1164 3299 1172 3457; baseline 0 299"><span class='ocrx_word' id='word_1_441' title='bbox 1164 3299 1172 3457; x_wconf 95' lang='lat' dir='ltr'> </span> 
     </span>
    </p>
   </div>
   <div class='ocr_carea' id='block_1_8' title="bbox 1095 106 1656 155">
    <p class='ocr_par' dir='ltr' id='par_1_10' title="bbox 1095 106 1656 155">
     <span class='ocr_line' id='line_1_72' title="bbox 1095 106 1656 155; baseline -0.004 -1"><span class='ocrx_word' id='word_1_442' title='bbox 1095 106 1656 155; x_wconf 72' lang='lat' dir='ltr'>TuRoNENse.</span> 
     </span>
    </p>
   </div>
   <div class='ocr_carea' id='block_1_9' title="bbox 1175 2347 1182 2553">
    <p class='ocr_par' dir='ltr' id='par_1_11' title="bbox 1175 2347 1182 2553">
     <span class='ocr_line' id='line_1_73' title="bbox 1175 2347 1182 2553; baseline 0 1203"><span class='ocrx_word' id='word_1_443' title='bbox 1175 2347 1182 2553; x_wconf 95' lang='lat' dir='ltr'> </span> 
     </span>
    </p>
   </div>
   <div class='ocr_carea' id='block_1_10' title="bbox 1214 189 2282 3483">
    <p class='ocr_par' dir='ltr' id='par_1_12' title="bbox 1220 189 2268 1482">
     <span class='ocr_line' id='line_1_74' title="bbox 1228 189 2102 239; baseline -0.006 -12"><span class='ocrx_word' id='word_1_444' title='bbox 1228 194 1368 237; x_wconf 71' lang='lat' dir='ltr'>Ioannes</span> <span class='ocrx_word' id='word_1_445' title='bbox 1380 191 1529 226; x_wconf 78' lang='lat' dir='ltr'>Vasaeus:</span> <span class='ocrx_word' id='word_1_446' title='bbox 1556 194 1677 224; x_wconf 76' lang='lat' dir='ltr'>sancius</span> <span class='ocrx_word' id='word_1_447' title='bbox 1699 189 1852 235; x_wconf 72' lang='lat' dir='ltr'>fflspaniae</span> <span class='ocrx_word' id='word_1_448' title='bbox 1871 193 2028 232; x_wconf 64' lang='lat' dir='ltr'>Imperator</span> <span class='ocrx_word' id='word_1_449' title='bbox 2047 205 2102 239; x_wconf 63' lang='lat' dir='ltr'>ap.</span> 
     </span>
     <span class='ocr_line' id='line_1_75' title="bbox 1220 240 2106 287; baseline -0.005 -10"><span class='ocrx_word' id='word_1_450' title='bbox 1220 244 1352 286; x_wconf 84' lang='lat' dir='ltr'>pellatus</span> <span class='ocrx_word' id='word_1_451' title='bbox 1364 243 1401 284; x_wconf 81' lang='lat' dir='ltr'>est</span> <span class='ocrx_word' id='word_1_452' title='bbox 1412 266 1421 282; x_wconf 95' lang='lat'>,</span> <span class='ocrx_word' id='word_1_453' title='bbox 1446 242 1581 277; x_wconf 76' lang='lat' dir='ltr'>redac‘lis</span> <span class='ocrx_word' id='word_1_454' title='bbox 1593 243 1638 276; x_wconf 79' lang='lat' dir='ltr'>ad</span> <span class='ocrx_word' id='word_1_455' title='bbox 1645 243 1708 282; x_wconf 84' lang='lat' dir='ltr'>ejus</span> <span class='ocrx_word' id='word_1_456' title='bbox 1720 246 1879 282; x_wconf 80' lang='lat' dir='ltr'>Imperium</span> <span class='ocrx_word' id='word_1_457' title='bbox 1895 240 2029 273; x_wconf 68' lang='lat' dir='ltr'>omnibus</span> <span class='ocrx_word' id='word_1_458' title='bbox 2036 244 2106 287; x_wconf 25' lang='lat' dir='ltr'>His-⁴</span> 
     </span>
     <span class='ocr_line' id='line_1_76' title="bbox 1220 288 2106 337; baseline -0.005 -10"><span class='ocrx_word' id='word_1_459' title='bbox 1220 301 1325 337; x_wconf 82' lang='lat' dir='ltr'>paniae</span> <span class='ocrx_word' id='word_1_460' title='bbox 1339 291 1498 328; x_wconf 69' lang='lat' dir='ltr'>ditionibus</span> <span class='ocrx_word' id='word_1_461' title='bbox 1510 318 1520 333; x_wconf 91' lang='lat'>‚</span> <span class='ocrx_word' id='word_1_462' title='bbox 1537 304 1606 335; x_wconf 82' lang='lat' dir='ltr'>quae</span> <span class='ocrx_word' id='word_1_463' title='bbox 1615 290 1777 334; x_wconf 80' lang='lat' dir='ltr'>Christiani</span> <span class='ocrx_word' id='word_1_464' title='bbox 1792 296 1916 323; x_wconf 79' lang='lat' dir='ltr'>nominis</span> <span class='ocrx_word' id='word_1_465' title='bbox 1928 299 2017 323; x_wconf 86' lang='lat' dir='ltr'>erant</span> <span class='ocrx_word' id='word_1_466' title='bbox 2026 315 2033 322; x_wconf 93' lang='lat'>.</span> <span class='ocrx_word' id='word_1_467' title='bbox 2060 288 2106 325; x_wconf 50' lang='grc' dir='ltr'>Εἰ</span> 
     </span>
     <span class='ocr_line' id='line_1_77' title="bbox 1226 339 2107 386; baseline -0.005 -9"><span class='ocrx_word' id='word_1_468' title='bbox 1226 345 1260 378; x_wconf 89' lang='lat' dir='ltr'>in</span> <span class='ocrx_word' id='word_1_469' title='bbox 1274 343 1356 377; x_wconf 73' lang='lat' dir='ltr'>libro</span> <span class='ocrx_word' id='word_1_470' title='bbox 1374 344 1414 376; x_wconf 88' lang='lat' dir='ltr'>de</span> <span class='ocrx_word' id='word_1_471' title='bbox 1425 343 1594 384; x_wconf 86' lang='lat' dir='ltr'>Hispaniae</span> <span class='ocrx_word' id='word_1_472' title='bbox 1621 340 1770 386; x_wconf 79' lang='lat' dir='ltr'>Regibus</span> <span class='ocrx_word' id='word_1_473' title='bbox 1796 340 1982 375; x_wconf 86' lang='lat' dir='ltr'>Franciscus</span> <span class='ocrx_word' id='word_1_474' title='bbox 2001 339 2107 374; x_wconf 83' lang='lat' dir='ltr'>Tara-</span> 
     </span>
     <span class='ocr_line' id='line_1_78' title="bbox 1227 390 2108 437; baseline -0.003 -12"><span class='ocrx_word' id='word_1_475' title='bbox 1227 391 1308 437; x_wconf 86' lang='lat' dir='ltr'>pha:</span> <span class='ocrx_word' id='word_1_476' title='bbox 1334 394 1458 428; x_wconf 72' lang='lat' dir='ltr'>sancius</span> <span class='ocrx_word' id='word_1_477' title='bbox 1478 393 1594 431; x_wconf 81' lang='lat' dir='ltr'>Major,</span> <span class='ocrx_word' id='word_1_478' title='bbox 1625 393 1690 427; x_wconf 63' lang='lat' dir='ltr'>ciam</span> <span class='ocrx_word' id='word_1_479' title='bbox 1717 394 1853 434; x_wconf 77' lang='lat' dir='ltr'>Legionis</span> <span class='ocrx_word' id='word_1_480' title='bbox 1879 390 2032 431; x_wconf 76' lang='lat' dir='ltr'>occupasset</span> <span class='ocrx_word' id='word_1_481' title='bbox 2053 394 2108 424; x_wconf 82' lang='lat' dir='ltr'>Re-</span> 
     </span>
     <span class='ocr_line' id='line_1_79' title="bbox 1220 438 2103 488; baseline -0.003 -13"><span class='ocrx_word' id='word_1_482' title='bbox 1220 454 1338 488; x_wconf 81' lang='lat' dir='ltr'>gnum,</span> <span class='ocrx_word' id='word_1_483' title='bbox 1362 441 1509 483; x_wconf 69' lang='lat' dir='ltr'>appellari·</span> <span class='ocrx_word' id='word_1_484' title='bbox 1520 442 1614 473; x_wconf 80' lang='lat' dir='ltr'>voluit</span> <span class='ocrx_word' id='word_1_485' title='bbox 1623 446 1712 472; x_wconf 85' lang='lat' dir='ltr'>totius</span> <span class='ocrx_word' id='word_1_486' title='bbox 1741 438 1897 482; x_wconf 66' lang='lat' dir='ltr'>Hispania·</span> <span class='ocrx_word' id='word_1_487' title='bbox 1921 442 2103 481; x_wconf 82' lang='lat' dir='ltr'>Imperator.</span> 
     </span>
     <span class='ocr_line' id='line_1_80' title="bbox 1229 490 2106 535; baseline -0.005 -8"><span class='ocrx_word' id='word_1_488' title='bbox 1229 497 1348 527; x_wconf 74' lang='lat' dir='ltr'>Mauros</span> <span class='ocrx_word' id='word_1_489' title='bbox 1366 490 1511 535; x_wconf 73' lang='lat' dir='ltr'>siquidem</span> <span class='ocrx_word' id='word_1_490' title='bbox 1537 501 1635 522; x_wconf 85' lang='lat' dir='ltr'>omnes</span> <span class='ocrx_word' id='word_1_491' title='bbox 1660 491 1680 521; x_wconf 78' lang='grc' dir='ltr'><em>ὰ</em></span> <span class='ocrx_word' id='word_1_492' title='bbox 1700 492 1858 523; x_wconf 81' lang='lat' dir='ltr'>Navarrae</span> <span class='ocrx_word' id='word_1_493' title='bbox 1880 514 1890 528; x_wconf 98' lang='lat'>,</span> <span class='ocrx_word' id='word_1_494' title='bbox 1931 494 2106 533; x_wconf 78' lang='lat' dir='ltr'>Aragoniae,</span> 
     </span>
     <span class='ocr_line' id='line_1_81' title="bbox 1226 538 2109 583; baseline -0.003 -7"><span class='ocrx_word' id='word_1_495' title='bbox 1226 542 1359 582; x_wconf 83' lang='lat' dir='ltr'>Castellae</span> <span class='ocrx_word' id='word_1_496' title='bbox 1378 565 1389 581; x_wconf 92' lang='lat'>‚</span> <span class='ocrx_word' id='word_1_497' title='bbox 1416 544 1574 583; x_wconf 82' lang='lat' dir='ltr'>Legionis,</span> <span class='ocrx_word' id='word_1_498' title='bbox 1601 538 1794 582; x_wconf 80' lang='lat' dir='ltr'>Portugalliae</span> <span class='ocrx_word' id='word_1_499' title='bbox 1807 562 1818 578; x_wconf 90' lang='lat'>,</span> <span class='ocrx_word' id='word_1_500' title='bbox 1844 539 2037 579; x_wconf 68' lang='lat' dir='ltr'>Cantabriae,</span> <span class='ocrx_word' id='word_1_501' title='bbox 2075 540 2109 573; x_wconf 63' lang='grc' dir='ltr'>(ι’</span> 
     </span>
     <span class='ocr_line' id='line_1_82' title="bbox 1226 588 2109 635; baseline -0.005 -10"><span class='ocrx_word' id='word_1_502' title='bbox 1226 590 1388 635; x_wconf 78' lang='lat' dir='ltr'>Vasconum</span> <span class='ocrx_word' id='word_1_503' title='bbox 1404 590 1517 632; x_wconf 69' lang='lat' dir='ltr'>finibus</span> <span class='ocrx_word' id='word_1_504' title='bbox 1544 594 1758 624; x_wconf 74' lang='lat' dir='ltr'>exterminavit</span> <span class='ocrx_word' id='word_1_505' title='bbox 1779 613 1786 620; x_wconf 89' lang='lat'>.</span> <span class='ocrx_word' id='word_1_506' title='bbox 1814 588 1857 622; x_wconf 90' lang='lat' dir='ltr'>Et</span> <span class='ocrx_word' id='word_1_507' title='bbox 1885 588 1917 620; x_wconf 89' lang='lat' dir='ltr'>in</span> <span class='ocrx_word' id='word_1_508' title='bbox 1945 599 2042 632; x_wconf 89' lang='lat' dir='ltr'>opere</span> <span class='ocrx_word' id='word_1_509' title='bbox 2067 588 2109 623; x_wconf 92' lang='lat' dir='ltr'>de</span> 
     </span>
     <span class='ocr_line' id='line_1_83' title="bbox 1228 638 2110 685; baseline -0.006 -9"><span class='ocrx_word' id='word_1_510' title='bbox 1228 641 1393 685; x_wconf 79' lang='lat' dir='ltr'>Hispaniae</span> <span class='ocrx_word' id='word_1_511' title='bbox 1418 641 1510 674; x_wconf 86' lang='lat' dir='ltr'>rebus</span> <span class='ocrx_word' id='word_1_512' title='bbox 1522 639 1643 674; x_wconf 90' lang='lat' dir='ltr'>Lucius</span> <span class='ocrx_word' id='word_1_513' title='bbox 1653 638 1843 673; x_wconf 85' lang='lat' dir='ltr'>Marineus:</span> <span class='ocrx_word' id='word_1_514' title='bbox 1869 638 1989 670; x_wconf 75' lang='lat' dir='ltr'>sancius</span> <span class='ocrx_word' id='word_1_515' title='bbox 2010 641 2110 679; x_wconf 86' lang='lat' dir='ltr'>Major</span> 
     </span>
     <span class='ocr_line' id='line_1_84' title="bbox 1227 685 2111 732; baseline -0.006 -6"><span class='ocrx_word' id='word_1_516' title='bbox 1227 704 1284 727; x_wconf 87' lang='lat' dir='ltr'>non</span> <span class='ocrx_word' id='word_1_517' title='bbox 1298 690 1517 732; x_wconf 70' lang='lat' dir='ltr'>immeritofuit</span> <span class='ocrx_word' id='word_1_518' title='bbox 1528 694 1694 732; x_wconf 87' lang='lat' dir='ltr'>Imperator</span> <span class='ocrx_word' id='word_1_519' title='bbox 1717 694 1806 721; x_wconf 81' lang='lat' dir='ltr'>totius</span> <span class='ocrx_word' id='word_1_520' title='bbox 1831 685 1987 730; x_wconf 76' lang='lat' dir='ltr'>Hzspaniae</span> <span class='ocrx_word' id='word_1_521' title='bbox 2010 689 2111 730; x_wconf 83' lang='lat' dir='ltr'>appel-</span> 
     </span>
     <span class='ocr_line' id='line_1_85' title="bbox 1227 735 2110 782; baseline -0.008 -6"><span class='ocrx_word' id='word_1_522' title='bbox 1227 744 1308 777; x_wconf 87' lang='lat' dir='ltr'>latus</span> <span class='ocrx_word' id='word_1_523' title='bbox 1322 767 1329 774; x_wconf 93' lang='lat'>.</span> <span class='ocrx_word' id='word_1_524' title='bbox 1357 745 1445 777; x_wconf 86' lang='lat' dir='ltr'>Nam</span> <span class='ocrx_word' id='word_1_525' title='bbox 1459 740 1627 782; x_wconf 52' lang='lat' dir='ltr'>totam-fere*</span> <span class='ocrx_word' id='word_1_526' title='bbox 1641 739 1770 774; x_wconf 57' lang='lat' dir='ltr'>devitiis</span> <span class='ocrx_word' id='word_1_527' title='bbox 1785 737 1908 778; x_wconf 75' lang='lat' dir='ltr'>hostibus</span> <span class='ocrx_word' id='word_1_528' title='bbox 1930 735 2110 780; x_wconf 68' lang='lat' dir='ltr'>Hispanicem</span> 
     </span>
     <span class='ocr_line' id='line_1_86' title="bbox 1228 790 2110 832; baseline -0.005 -6"><span class='ocrx_word' id='word_1_529' title='bbox 1228 791 1394 832; x_wconf 85' lang='lat' dir='ltr'>Christiano</span> <span class='ocrx_word' id='word_1_530' title='bbox 1403 790 1665 831; x_wconf 72' lang='lat' dir='ltr'>mimim&#39;restitm‘tv</span> <span class='ocrx_word' id='word_1_531' title='bbox 1693 790 1853 831; x_wconf 79' lang='lat' dir='ltr'>siquidem</span> <span class='ocrx_word' id='word_1_532' title='bbox 1866 791 1987 821; x_wconf 82' lang='lat' dir='ltr'>Mauros</span> <span class='ocrx_word' id='word_1_533' title='bbox 2011 800 2110 822; x_wconf 86' lang='lat' dir='ltr'>omnes</span> 
     </span>
     <span class='ocr_line' id='line_1_87' title="bbox 1228 839 2112 885; baseline -0.006 -8"><span class='ocrx_word' id='word_1_534' title='bbox 1228 845 1443 883; x_wconf 36' lang='lat' dir='ltr'>&amp;Navarra</span> <span class='ocrx_word' id='word_1_535' title='bbox 1471 845 1648 885; x_wconf 56' lang='lat' dir='ltr'>dragmae,</span> <span class='ocrx_word' id='word_1_536' title='bbox 1675 839 1831 880; x_wconf 80' lang='lat' dir='ltr'>castellae,</span> <span class='ocrx_word' id='word_1_537' title='bbox 1860 841 2022 881; x_wconf 84' lang='lat' dir='ltr'>Legionis,</span> <span class='ocrx_word' id='word_1_538' title='bbox 2041 841 2112 872; x_wconf 74' lang='lat' dir='ltr'>Por-</span> 
     </span>
     <span class='ocr_line' id='line_1_88' title="bbox 1228 888 2110 937; baseline -0.006 -11"><span class='ocrx_word' id='word_1_539' title='bbox 1228 895 1384 937; x_wconf 83' lang='lat' dir='ltr'>tugalliae,</span> <span class='ocrx_word' id='word_1_540' title='bbox 1411 892 1587 928; x_wconf 79' lang='lat' dir='ltr'>Cantabriae</span> <span class='ocrx_word' id='word_1_541' title='bbox 1609 916 1620 932; x_wconf 90' lang='lat'>,</span> <span class='ocrx_word' id='word_1_542' title='bbox 1646 891 1680 927; x_wconf 64' lang='lat'>&lt;5</span> <span class='ocrx_word' id='word_1_543' title='bbox 1704 888 1867 933; x_wconf 76' lang='lat' dir='ltr'>Vasconum</span> <span class='ocrx_word' id='word_1_544' title='bbox 1884 888 1996 930; x_wconf 84' lang='lat' dir='ltr'>finibus</span> <span class='ocrx_word' id='word_1_545' title='bbox 2015 897 2110 922; x_wconf 78' lang='lat' dir='ltr'>exter-</span> 
     </span>
     <span class='ocr_line' id='line_1_89' title="bbox 1229 938 2112 980; baseline -0.008 -2"><span class='ocrx_word' id='word_1_546' title='bbox 1229 949 1378 978; x_wconf 79' lang='lat' dir='ltr'>minavit.</span> <span class='ocrx_word' id='word_1_547' title='bbox 1405 943 1444 979; x_wconf 89' lang='lat' dir='ltr'>In</span> <span class='ocrx_word' id='word_1_548' title='bbox 1456 942 1589 978; x_wconf 84' lang='lat' dir='ltr'>titulum</span> <span class='ocrx_word' id='word_1_549' title='bbox 1602 941 1742 975; x_wconf 80' lang='lat' dir='ltr'>succeffit</span> <span class='ocrx_word' id='word_1_550' title='bbox 1756 940 1842 974; x_wconf 86' lang='lat' dir='ltr'>filius</span> <span class='ocrx_word' id='word_1_551' title='bbox 1863 938 2112 980; x_wconf 87' lang='lat' dir='ltr'>Ferdinandus‚</span> 
     </span>
     <span class='ocr_line' id='line_1_90' title="bbox 1230 988 2112 1037; baseline -0.008 -9"><span class='ocrx_word' id='word_1_552' title='bbox 1230 995 1402 1037; x_wconf 84' lang='lat' dir='ltr'>ipsumque</span> <span class='ocrx_word' id='word_1_553' title='bbox 1426 994 1473 1029; x_wconf 90' lang='lat' dir='ltr'>uti</span> <span class='ocrx_word' id='word_1_554' title='bbox 1496 1002 1631 1035; x_wconf 83' lang='lat' dir='ltr'>paternae</span> <span class='ocrx_word' id='word_1_555' title='bbox 1658 989 1851 1026; x_wconf 74' lang='lat' dir='ltr'>haereditatis</span> <span class='ocrx_word' id='word_1_556' title='bbox 1878 988 2112 1023; x_wconf 86' lang='lat' dir='ltr'>nobiliffimam</span> 
     </span>
     <span class='ocr_line' id='line_1_91' title="bbox 1229 1039 2113 1090; baseline -0.005 -14"><span class='ocrx_word' id='word_1_557' title='bbox 1229 1054 1393 1090; x_wconf 88' lang='lat' dir='ltr'>gemmam</span> <span class='ocrx_word' id='word_1_558' title='bbox 1419 1042 1603 1077; x_wconf 87' lang='lat' dir='ltr'>constanter</span> <span class='ocrx_word' id='word_1_559' title='bbox 1630 1039 1796 1077; x_wconf 66' lang='lat' dir='ltr'>tuebatur,</span> <span class='ocrx_word' id='word_1_560' title='bbox 1825 1039 1950 1074; x_wconf 72' lang='lat' dir='ltr'>Verum</span> <span class='ocrx_word' id='word_1_561' title='bbox 1977 1040 2042 1072; x_wconf 89' lang='lat' dir='ltr'>esse</span> <span class='ocrx_word' id='word_1_562' title='bbox 2053 1039 2113 1072; x_wconf 75' lang='lat' dir='ltr'>suae</span> 
     </span>
     <span class='ocr_line' id='line_1_92' title="bbox 1231 1088 2114 1138; baseline -0.007 -10"><span class='ocrx_word' id='word_1_563' title='bbox 1231 1094 1401 1138; x_wconf 84' lang='lat' dir='ltr'>dignitatis</span> <span class='ocrx_word' id='word_1_564' title='bbox 1424 1092 1577 1135; x_wconf 83' lang='lat' dir='ltr'>injuriam</span> <span class='ocrx_word' id='word_1_565' title='bbox 1601 1092 1635 1125; x_wconf 88' lang='lat'>&amp;</span> <span class='ocrx_word' id='word_1_566' title='bbox 1663 1090 1818 1135; x_wconf 82' lang='lat' dir='ltr'>Augustae</span> <span class='ocrx_word' id='word_1_567' title='bbox 1854 1088 2033 1132; x_wconf 85' lang='lat' dir='ltr'>Majestatis</span> <span class='ocrx_word' id='word_1_568' title='bbox 2068 1100 2114 1123; x_wconf 91' lang='lat' dir='ltr'>re-</span> 
     </span>
     <span class='ocr_line' id='line_1_93' title="bbox 1251 1139 2115 1186; baseline -0.003 -10"><span class='ocrx_word' id='word_1_569' title='bbox 1251 1143 1407 1180; x_wconf 84' lang='lat' dir='ltr'>ellionem</span> <span class='ocrx_word' id='word_1_570' title='bbox 1435 1143 1561 1178; x_wconf 89' lang='lat' dir='ltr'>censuit</span> <span class='ocrx_word' id='word_1_571' title='bbox 1579 1142 1756 1185; x_wconf 81' lang='lat' dir='ltr'>Imperator</span> <span class='ocrx_word' id='word_1_572' title='bbox 1768 1141 1948 1176; x_wconf 86' lang='lat' dir='ltr'>Henricus.</span> <span class='ocrx_word' id='word_1_573' title='bbox 1977 1139 2023 1186; x_wconf 62' lang='lat' dir='ltr'>²Et</span> <span class='ocrx_word' id='word_1_574' title='bbox 2036 1149 2115 1174; x_wconf 88' lang='lat' dir='ltr'>tem-</span> 
     </span>
     <span class='ocr_line' id='line_1_94' title="bbox 1232 1186 2216 1239; baseline -0.004 -13"><span class='ocrx_word' id='word_1_575' title='bbox 1232 1205 1287 1236; x_wconf 89' lang='lat' dir='ltr'>pus</span> <span class='ocrx_word' id='word_1_576' title='bbox 1314 1193 1417 1235; x_wconf 83' lang='lat' dir='ltr'>ipsum</span> <span class='ocrx_word' id='word_1_577' title='bbox 1444 1191 1594 1236; x_wconf 81' lang='lat' dir='ltr'>juvabat.</span> <span class='ocrx_word' id='word_1_578' title='bbox 1625 1189 1728 1239; x_wconf 71' lang='lat' dir='ltr'>Qod</span> <span class='ocrx_word' id='word_1_579' title='bbox 1754 1193 1844 1225; x_wconf 89' lang='lat' dir='ltr'>enim</span> <span class='ocrx_word' id='word_1_580' title='bbox 1876 1188 2114 1224; x_wconf 66' lang='lat' dir='ltr'>VistorPonti-</span> <span class='ocrx_word' id='word_1_581' title='bbox 2131 1186 2216 1234; x_wconf 49' lang='lat'>151·</span> 
     </span>
     <span class='ocr_line' id='line_1_95' title="bbox 1232 1224 2268 1288; baseline -0.003 -12"><span class='ocrx_word' id='word_1_582' title='bbox 1232 1245 1284 1278; x_wconf 82' lang='lat' dir='ltr'>fex</span> <span class='ocrx_word' id='word_1_583' title='bbox 1311 1243 1358 1279; x_wconf 89' lang='lat' dir='ltr'>illi</span> <span class='ocrx_word' id='word_1_584' title='bbox 1385 1243 1471 1286; x_wconf 89' lang='lat' dir='ltr'>quasi</span> <span class='ocrx_word' id='word_1_585' title='bbox 1500 1253 1588 1288; x_wconf 86' lang='lat' dir='ltr'>pater</span> <span class='ocrx_word' id='word_1_586' title='bbox 1611 1243 1714 1283; x_wconf 84' lang='lat' dir='ltr'>esset,</span> <span class='ocrx_word' id='word_1_587' title='bbox 1741 1241 1873 1276; x_wconf 87' lang='lat' dir='ltr'>testatur</span> <span class='ocrx_word' id='word_1_588' title='bbox 1899 1240 2031 1274; x_wconf 68' lang='lat' dir='ltr'>Sanetus</span> <span class='ocrx_word' id='word_1_589' title='bbox 2058 1238 2117 1273; x_wconf 87' lang='lat' dir='ltr'>Pe·</span> <span class='ocrx_word' id='word_1_590' title='bbox 2132 1224 2217 1263; x_wconf 51' lang='lat' dir='ltr'>¹:¹³¹sp</span> <span class='ocrx_word' id='word_1_591' title='bbox 2239 1233 2268 1252; x_wconf 75' lang='lat'>²·</span> 
     </span>
     <span class='ocr_line' id='line_1_96' title="bbox 1231 1290 2115 1334; baseline -0.002 -9"><span class='ocrx_word' id='word_1_592' title='bbox 1231 1304 1296 1329; x_wconf 81' lang='lat' dir='ltr'>trus</span> <span class='ocrx_word' id='word_1_593' title='bbox 1323 1292 1501 1327; x_wconf 87' lang='lat' dir='ltr'>Damiani.</span> <span class='ocrx_word' id='word_1_594' title='bbox 1530 1292 1621 1326; x_wconf 84' lang='lat' dir='ltr'>Hinc</span> <span class='ocrx_word' id='word_1_595' title='bbox 1647 1292 1781 1326; x_wconf 87' lang='lat' dir='ltr'>titulum</span> <span class='ocrx_word' id='word_1_596' title='bbox 1808 1291 1826 1326; x_wconf 69' lang='lat' dir='ltr'>a</span> <span class='ocrx_word' id='word_1_597' title='bbox 1853 1290 2115 1334; x_wconf 85' lang='lat' dir='ltr'>ptaesentiSyno-</span> 
     </span>
     <span class='ocr_line' id='line_1_97' title="bbox 1229 1341 2116 1385; baseline -0.001 -10"><span class='ocrx_word' id='word_1_598' title='bbox 1229 1342 1272 1376; x_wconf 88' lang='lat' dir='ltr'>do</span> <span class='ocrx_word' id='word_1_599' title='bbox 1300 1343 1461 1378; x_wconf 85' lang='lat' dir='ltr'>exsufflari</span> <span class='ocrx_word' id='word_1_600' title='bbox 1487 1341 1682 1385; x_wconf 83' lang='lat' dir='ltr'>postulavit,</span> <span class='ocrx_word' id='word_1_601' title='bbox 1708 1342 1741 1376; x_wconf 91' lang='lat'>&amp;</span> <span class='ocrx_word' id='word_1_602' title='bbox 1771 1341 2036 1380; x_wconf 87' lang='lat' dir='ltr'>Ferdinandum,</span> <span class='ocrx_word' id='word_1_603' title='bbox 2062 1351 2116 1374; x_wconf 83' lang='lat' dir='ltr'>cae-</span> 
     </span>
     <span class='ocr_line' id='line_1_98' title="bbox 1230 1390 2118 1434; baseline -0.001 -10"><span class='ocrx_word' id='word_1_604' title='bbox 1230 1402 1372 1426; x_wconf 84' lang='lat' dir='ltr'>terorurn</span> <span class='ocrx_word' id='word_1_605' title='bbox 1392 1393 1427 1423; x_wconf 87' lang='lat' dir='ltr'>in</span> <span class='ocrx_word' id='word_1_606' title='bbox 1454 1392 1639 1424; x_wconf 88' lang='lat' dir='ltr'>Occidente</span> <span class='ocrx_word' id='word_1_607' title='bbox 1667 1392 1798 1434; x_wconf 88' lang='lat' dir='ltr'>Regum</span> <span class='ocrx_word' id='word_1_608' title='bbox 1826 1402 1944 1431; x_wconf 87' lang='lat' dir='ltr'>more,</span> <span class='ocrx_word' id='word_1_609' title='bbox 1977 1390 2019 1424; x_wconf 89' lang='lat' dir='ltr'>ad</span> <span class='ocrx_word' id='word_1_610' title='bbox 2046 1390 2118 1423; x_wconf 89' lang='lat' dir='ltr'>sub-</span> 
     </span>
     <span class='ocr_line' id='line_1_99' title="bbox 1229 1437 1839 1482; baseline -0.005 -8"><span class='ocrx_word' id='word_1_611' title='bbox 1229 1440 1402 1482; x_wconf 71' lang='lat' dir='ltr'>jestionem</span> <span class='ocrx_word' id='word_1_612' title='bbox 1428 1440 1462 1474; x_wconf 84' lang='lat'>&amp;</span> <span class='ocrx_word' id='word_1_613' title='bbox 1488 1437 1714 1473; x_wconf 86' lang='lat' dir='ltr'>obedientiam</span> <span class='ocrx_word' id='word_1_614' title='bbox 1739 1439 1839 1482; x_wconf 89' lang='lat' dir='ltr'>cogi.</span> 
     </span>
    </p>

    <p class='ocr_par' dir='ltr' id='par_1_13' title="bbox 1228 1486 2282 1683">
     <span class='ocr_line' id='line_1_100' title="bbox 1279 1486 2217 1532; baseline 0.007 -13"><span class='ocrx_word' id='word_1_615' title='bbox 1279 1486 1381 1532; x_wconf 80' lang='lat' dir='ltr'>Qod</span> <span class='ocrx_word' id='word_1_616' title='bbox 1401 1487 1490 1519; x_wconf 88' lang='lat' dir='ltr'>enim</span> <span class='ocrx_word' id='word_1_617' title='bbox 1516 1486 1615 1518; x_wconf 88' lang='lat' dir='ltr'>etiam</span> <span class='ocrx_word' id='word_1_618' title='bbox 1642 1486 1759 1518; x_wconf 75' lang='lat' dir='ltr'>Gallia:</span> <span class='ocrx_word' id='word_1_619' title='bbox 1787 1487 1944 1531; x_wconf 87' lang='lat' dir='ltr'>Regnum</span> <span class='ocrx_word' id='word_1_620' title='bbox 1957 1488 2115 1525; x_wconf 80' lang='lat' dir='ltr'>Romano</span> <span class='ocrx_word' id='word_1_621' title='bbox 2199 1515 2217 1526; x_wconf 51' lang='lat'><em>0</em></span> 
     </span>
     <span class='ocr_line' id='line_1_101' title="bbox 1229 1531 2282 1578; baseline 0.005 -9"><span class='ocrx_word' id='word_1_622' title='bbox 1229 1536 1370 1578; x_wconf 88' lang='lat' dir='ltr'>Imperio</span> <span class='ocrx_word' id='word_1_623' title='bbox 1398 1537 1520 1578; x_wconf 88' lang='lat' dir='ltr'>semper</span> <span class='ocrx_word' id='word_1_624' title='bbox 1539 1535 1623 1572; x_wconf 84' lang='lat' dir='ltr'>olim</span> <span class='ocrx_word' id='word_1_625' title='bbox 1645 1535 1800 1569; x_wconf 91' lang='lat' dir='ltr'>subfuerit</span> <span class='ocrx_word' id='word_1_626' title='bbox 1823 1561 1834 1576; x_wconf 93' lang='lat'>,</span> <span class='ocrx_word' id='word_1_627' title='bbox 1872 1537 1957 1572; x_wconf 91' lang='lat' dir='ltr'>lucet</span> <span class='ocrx_word' id='word_1_628' title='bbox 1995 1539 2045 1572; x_wconf 91' lang='lat' dir='ltr'>vel</span> <span class='ocrx_word' id='word_1_629' title='bbox 2075 1550 2117 1576; x_wconf 80' lang='lat' dir='ltr'>ex</span> <span class='ocrx_word' id='word_1_630' title='bbox 2134 1531 2225 1573; x_wconf 51' lang='lat' dir='ltr'>Epist(</span> <span class='ocrx_word' id='word_1_631' title='bbox 2243 1539 2282 1564; x_wconf 75' lang='lat'>¹·&#39;</span> 
     </span>
     <span class='ocr_line' id='line_1_102' title="bbox 1229 1584 2116 1630; baseline 0.002 -9"><span class='ocrx_word' id='word_1_632' title='bbox 1229 1584 1303 1621; x_wconf 89' lang='lat' dir='ltr'>solis</span> <span class='ocrx_word' id='word_1_633' title='bbox 1330 1584 1571 1620; x_wconf 90' lang='lat' dir='ltr'>Consularibus</span> <span class='ocrx_word' id='word_1_634' title='bbox 1606 1584 1780 1621; x_wconf 87' lang='lat' dir='ltr'>Codicillis</span> <span class='ocrx_word' id='word_1_635' title='bbox 1819 1587 1852 1621; x_wconf 75' lang='grc' dir='ltr'>δε</span> <span class='ocrx_word' id='word_1_636' title='bbox 1890 1591 2116 1630; x_wconf 86' lang='lat' dir='ltr'>ornamentis,</span> 
     </span>
     <span class='ocr_line' id='line_1_103' title="bbox 1228 1635 2117 1683; baseline 0.006 -14"><span class='ocrx_word' id='word_1_637' title='bbox 1228 1646 1300 1679; x_wconf 82' lang='lat' dir='ltr'>quae</span> <span class='ocrx_word' id='word_1_638' title='bbox 1320 1635 1502 1673; x_wconf 85' lang='lat' dir='ltr'>Clodovaeo</span> <span class='ocrx_word' id='word_1_639' title='bbox 1518 1635 1602 1682; x_wconf 88' lang='lat' dir='ltr'>Regi</span> <span class='ocrx_word' id='word_1_640' title='bbox 1617 1635 1698 1671; x_wconf 88' lang='lat' dir='ltr'>milit</span> <span class='ocrx_word' id='word_1_641' title='bbox 1714 1637 1901 1671; x_wconf 83' lang='lat' dir='ltr'>Anastasius</span> <span class='ocrx_word' id='word_1_642' title='bbox 1915 1639 2094 1683; x_wconf 86' lang='lat' dir='ltr'>Imperator</span> <span class='ocrx_word' id='word_1_643' title='bbox 2105 1665 2117 1681; x_wconf 88' lang='lat'>,</span> 
     </span>
    </p>

    <p class='ocr_par' dir='ltr' id='par_1_14' title="bbox 1214 1685 2265 3279">
     <span class='ocr_line' id='line_1_104' title="bbox 1227 1685 2116 1731; baseline 0.007 -13"><span class='ocrx_word' id='word_1_644' title='bbox 1227 1686 1261 1722; x_wconf 70' lang='grc' dir='ltr'>ὅ(</span> <span class='ocrx_word' id='word_1_645' title='bbox 1284 1685 1478 1720; x_wconf 81' lang='lat' dir='ltr'>Clodovaeus</span> <span class='ocrx_word' id='word_1_646' title='bbox 1500 1697 1664 1731; x_wconf 85' lang='lat' dir='ltr'>gratanter</span> <span class='ocrx_word' id='word_1_647' title='bbox 1686 1688 1827 1731; x_wconf 86' lang='lat' dir='ltr'>accepit.</span> <span class='ocrx_word' id='word_1_648' title='bbox 1860 1687 1901 1723; x_wconf 90' lang='lat' dir='ltr'>Et</span> <span class='ocrx_word' id='word_1_649' title='bbox 1914 1687 1992 1723; x_wconf 90' lang='lat' dir='ltr'>hinc</span> <span class='ocrx_word' id='word_1_650' title='bbox 2006 1689 2116 1725; x_wconf 83' lang='lat' dir='ltr'>Auxa-</span> 
     </span>
     <span class='ocr_line' id='line_1_105' title="bbox 1228 1735 2117 1782; baseline 0.006 -12"><span class='ocrx_word' id='word_1_651' title='bbox 1228 1735 1286 1770; x_wconf 86' lang='lat' dir='ltr'>nio</span> <span class='ocrx_word' id='word_1_652' title='bbox 1309 1736 1532 1780; x_wconf 70' lang='lat' dir='ltr'>Metropolitae</span> <span class='ocrx_word' id='word_1_653' title='bbox 1544 1735 1743 1778; x_wconf 78' lang='lat' dir='ltr'>Arelatensi,</span> <span class='ocrx_word' id='word_1_654' title='bbox 1770 1739 1892 1781; x_wconf 90' lang='lat' dir='ltr'>suoque</span> <span class='ocrx_word' id='word_1_655' title='bbox 1905 1750 1959 1782; x_wconf 88' lang='lat' dir='ltr'>per</span> <span class='ocrx_word' id='word_1_656' title='bbox 1971 1739 2117 1776; x_wconf 83' lang='lat' dir='ltr'>Galliam</span> 
     </span>
     <span class='ocr_line' id='line_1_106' title="bbox 1232 1785 2117 1832; baseline 0.008 -14"><span class='ocrx_word' id='word_1_657' title='bbox 1232 1785 1366 1821; x_wconf 88' lang='lat' dir='ltr'>Vicario</span> <span class='ocrx_word' id='word_1_658' title='bbox 1386 1812 1397 1828; x_wconf 94' lang='lat'>,</span> <span class='ocrx_word' id='word_1_659' title='bbox 1435 1786 1631 1830; x_wconf 85' lang='lat' dir='ltr'>postulatum</span> <span class='ocrx_word' id='word_1_660' title='bbox 1661 1787 1944 1832; x_wconf 83' lang='lat' dir='ltr'>Archiepiscopale</span> <span class='ocrx_word' id='word_1_661' title='bbox 1972 1790 2117 1825; x_wconf 87' lang='lat' dir='ltr'>Pallium</span> 
     </span>
     <span class='ocr_line' id='line_1_107' title="bbox 1228 1837 2118 1882; baseline 0.004 -12"><span class='ocrx_word' id='word_1_662' title='bbox 1228 1837 1388 1880; x_wconf 88' lang='lat' dir='ltr'>impertiri</span> <span class='ocrx_word' id='word_1_663' title='bbox 1413 1838 1493 1872; x_wconf 85' lang='lat' dir='ltr'>citra</span> <span class='ocrx_word' id='word_1_664' title='bbox 1527 1838 1731 1881; x_wconf 88' lang='lat' dir='ltr'>Imperatoris</span> <span class='ocrx_word' id='word_1_665' title='bbox 1757 1839 1928 1882; x_wconf 81' lang='lat' dir='ltr'>Justiniani</span> <span class='ocrx_word' id='word_1_666' title='bbox 1963 1841 2118 1875; x_wconf 84' lang='lat' dir='ltr'>notitiam</span> 
     </span>
     <span class='ocr_line' id='line_1_108' title="bbox 1227 1887 2115 1935; baseline 0.001 -13"><span class='ocrx_word' id='word_1_667' title='bbox 1227 1887 1260 1922; x_wconf 90' lang='lat'>&amp;</span> <span class='ocrx_word' id='word_1_668' title='bbox 1286 1887 1476 1922; x_wconf 87' lang='lat' dir='ltr'>consensum</span> <span class='ocrx_word' id='word_1_669' title='bbox 1497 1899 1564 1922; x_wconf 91' lang='lat' dir='ltr'>non</span> <span class='ocrx_word' id='word_1_670' title='bbox 1577 1889 1764 1933; x_wconf 83' lang='lat' dir='ltr'>praesumpsit</span> <span class='ocrx_word' id='word_1_671' title='bbox 1780 1888 1924 1935; x_wconf 89' lang='lat' dir='ltr'>Vigilius</span> <span class='ocrx_word' id='word_1_672' title='bbox 1939 1890 2115 1925; x_wconf 87' lang='lat' dir='ltr'>Pontifex:</span> 
     </span>
     <span class='ocr_line' id='line_1_109' title="bbox 1227 1937 2116 1982; baseline 0.002 -10"><span class='ocrx_word' id='word_1_673' title='bbox 1227 1942 1278 1972; x_wconf 86' lang='lat' dir='ltr'>Ne</span> <span class='ocrx_word' id='word_1_674' title='bbox 1306 1937 1443 1972; x_wconf 85' lang='lat' dir='ltr'>bonorem</span> <span class='ocrx_word' id='word_1_675' title='bbox 1463 1939 1536 1982; x_wconf 81' lang='lat' dir='ltr'>fidei</span> <span class='ocrx_word' id='word_1_676' title='bbox 1563 1941 1628 1979; x_wconf 84' lang='lat' dir='ltr'>ejus</span> <span class='ocrx_word' id='word_1_677' title='bbox 1656 1951 1719 1973; x_wconf 88' lang='lat' dir='ltr'>cum</span> <span class='ocrx_word' id='word_1_678' title='bbox 1745 1946 1920 1982; x_wconf 75' lang='lat' dir='ltr'>competenti</span> <span class='ocrx_word' id='word_1_679' title='bbox 1946 1947 2116 1976; x_wconf 83' lang='lat' dir='ltr'>reverentia</span> 
     </span>
     <span class='ocr_line' id='line_1_110' title="bbox 1227 1987 2116 2033; baseline 0.006 -12"><span class='ocrx_word' id='word_1_680' title='bbox 1227 2000 1283 2022; x_wconf 84' lang='lat' dir='ltr'>non</span> <span class='ocrx_word' id='word_1_681' title='bbox 1291 1987 1418 2033; x_wconf 82' lang='lat' dir='ltr'>servaffe</span> <span class='ocrx_word' id='word_1_682' title='bbox 1425 1990 1631 2030; x_wconf 79' lang='lat' dir='ltr'>judicaretur.</span> <span class='ocrx_word' id='word_1_683' title='bbox 1661 1990 1702 2023; x_wconf 88' lang='lat' dir='ltr'>Et</span> <span class='ocrx_word' id='word_1_684' title='bbox 1716 1990 1848 2025; x_wconf 84' lang='lat' dir='ltr'>tandem</span> <span class='ocrx_word' id='word_1_685' title='bbox 1860 1990 2003 2026; x_wconf 85' lang='lat' dir='ltr'>Pallium</span> <span class='ocrx_word' id='word_1_686' title='bbox 2017 1993 2116 2026; x_wconf 89' lang='lat' dir='ltr'>trans-</span> 
     </span>
     <span class='ocr_line' id='line_1_111' title="bbox 1227 2039 2113 2084; baseline 0.007 -13"><span class='ocrx_word' id='word_1_687' title='bbox 1227 2039 1359 2073; x_wconf 88' lang='lat' dir='ltr'>mittens</span> <span class='ocrx_word' id='word_1_688' title='bbox 1374 2064 1384 2079; x_wconf 93' lang='lat'>,</span> <span class='ocrx_word' id='word_1_689' title='bbox 1411 2039 1568 2074; x_wconf 87' lang='lat' dir='ltr'>Auxanio</span> <span class='ocrx_word' id='word_1_690' title='bbox 1591 2040 1733 2084; x_wconf 84' lang='lat' dir='ltr'>injunxit</span> <span class='ocrx_word' id='word_1_691' title='bbox 1758 2041 1954 2075; x_wconf 84' lang='lat' dir='ltr'>incessanter</span> <span class='ocrx_word' id='word_1_692' title='bbox 1978 2053 2035 2084; x_wconf 91' lang='lat' dir='ltr'>pro</span> <span class='ocrx_word' id='word_1_693' title='bbox 2050 2042 2113 2077; x_wconf 90' lang='lat' dir='ltr'>lau-</span> 
     </span>
     <span class='ocr_line' id='line_1_112' title="bbox 1225 2088 2116 2135; baseline 0.007 -14"><span class='ocrx_word' id='word_1_694' title='bbox 1225 2088 1303 2123; x_wconf 84' lang='lat' dir='ltr'>dato</span> <span class='ocrx_word' id='word_1_695' title='bbox 1322 2090 1507 2132; x_wconf 70' lang='lat' dir='ltr'>Iustiniano</span> <span class='ocrx_word' id='word_1_696' title='bbox 1518 2114 1529 2130; x_wconf 87' lang='lat'>,</span> <span class='ocrx_word' id='word_1_697' title='bbox 1554 2090 1686 2134; x_wconf 84' lang='lat' dir='ltr'>ejusque</span> <span class='ocrx_word' id='word_1_698' title='bbox 1698 2092 1840 2134; x_wconf 84' lang='lat' dir='ltr'>conjuge</span> <span class='ocrx_word' id='word_1_699' title='bbox 1854 2090 2036 2126; x_wconf 87' lang='lat' dir='ltr'>Theodora</span> <span class='ocrx_word' id='word_1_700' title='bbox 2048 2103 2116 2135; x_wconf 89' lang='lat' dir='ltr'>pre-</span> 
     </span>
     <span class='ocr_line' id='line_1_113' title="bbox 1225 2138 2115 2184; baseline 0.006 -13"><span class='ocrx_word' id='word_1_701' title='bbox 1225 2149 1276 2172; x_wconf 89' lang='lat' dir='ltr'>ces</span> <span class='ocrx_word' id='word_1_702' title='bbox 1298 2138 1462 2174; x_wconf 77' lang='lat' dir='ltr'>effundere</span> <span class='ocrx_word' id='word_1_703' title='bbox 1482 2165 1493 2180; x_wconf 93' lang='lat'>,</span> <span class='ocrx_word' id='word_1_704' title='bbox 1531 2146 1582 2182; x_wconf 78' lang='lat' dir='ltr'>qui</span> <span class='ocrx_word' id='word_1_705' title='bbox 1601 2149 1659 2182; x_wconf 85' lang='lat' dir='ltr'>pro</span> <span class='ocrx_word' id='word_1_706' title='bbox 1679 2141 1728 2174; x_wconf 81' lang='lat' dir='ltr'>his</span> <span class='ocrx_word' id='word_1_707' title='bbox 1751 2143 1937 2175; x_wconf 82' lang='lat' dir='ltr'>mandandis</span> <span class='ocrx_word' id='word_1_708' title='bbox 1954 2149 2011 2184; x_wconf 85' lang='lat' dir='ltr'>pia</span> <span class='ocrx_word' id='word_1_709' title='bbox 2033 2151 2115 2184; x_wconf 83' lang='lat' dir='ltr'>prae-</span> 
     </span>
     <span class='ocr_line' id='line_1_114' title="bbox 1225 2186 2265 2234; baseline 0.012 -16"><span class='ocrx_word' id='word_1_710' title='bbox 1225 2186 1351 2218; x_wconf 84' lang='lat' dir='ltr'>buerant</span> <span class='ocrx_word' id='word_1_711' title='bbox 1376 2188 1531 2219; x_wconf 81' lang='lat' dir='ltr'>devotione</span> <span class='ocrx_word' id='word_1_712' title='bbox 1554 2187 1737 2229; x_wconf 81' lang='lat' dir='ltr'>eonsensum.</span> <span class='ocrx_word' id='word_1_713' title='bbox 1767 2190 1877 2224; x_wconf 88' lang='lat' dir='ltr'>Etiam</span> <span class='ocrx_word' id='word_1_714' title='bbox 1900 2203 1958 2234; x_wconf 91' lang='lat' dir='ltr'>pro</span> <span class='ocrx_word' id='word_1_715' title='bbox 1971 2193 2112 2228; x_wconf 82' lang='lat' dir='ltr'>Patritio</span> <span class='ocrx_word' id='word_1_716' title='bbox 2131 2188 2215 2228; x_wconf 63' lang='lat' dir='ltr'>Epist·</span> <span class='ocrx_word' id='word_1_717' title='bbox 2239 2200 2265 2219; x_wconf 78' lang='lat'>²·</span> 
     </span>
     <span class='ocr_line' id='line_1_115' title="bbox 1227 2234 2125 2285; baseline 0.012 -19"><span class='ocrx_word' id='word_1_718' title='bbox 1227 2234 1402 2274; x_wconf 88' lang='lat' dir='ltr'>Belisario,</span> <span class='ocrx_word' id='word_1_719' title='bbox 1431 2234 1486 2277; x_wconf 92' lang='lat' dir='ltr'>qui</span> <span class='ocrx_word' id='word_1_720' title='bbox 1508 2236 1666 2270; x_wconf 84' lang='lat' dir='ltr'>mediator</span> <span class='ocrx_word' id='word_1_721' title='bbox 1691 2238 2125 2285; x_wconf 57' lang='lat' dir='ltr'>saerataefiiggestorapudv</span> 
     </span>
     <span class='ocr_line' id='line_1_116' title="bbox 1225 2281 2151 2328; baseline 0.013 -13"><span class='ocrx_word' id='word_1_722' title='bbox 1225 2282 1412 2326; x_wconf 87' lang='lat' dir='ltr'>Principem</span> <span class='ocrx_word' id='word_1_723' title='bbox 1435 2308 1445 2324; x_wconf 88' lang='lat'>,</span> <span class='ocrx_word' id='word_1_724' title='bbox 1473 2282 1606 2318; x_wconf 81' lang='lat' dir='ltr'>mandat</span> <span class='ocrx_word' id='word_1_725' title='bbox 1625 2285 1710 2319; x_wconf 90' lang='lat' dir='ltr'>orari</span> <span class='ocrx_word' id='word_1_726' title='bbox 1733 2310 1740 2318; x_wconf 96' lang='lat'>.</span> <span class='ocrx_word' id='word_1_727' title='bbox 1771 2287 1826 2321; x_wconf 80' lang='lat' dir='ltr'>Ad</span> <span class='ocrx_word' id='word_1_728' title='bbox 1855 2289 2001 2324; x_wconf 87' lang='lat' dir='ltr'>Auxanii</span> <span class='ocrx_word' id='word_1_729' title='bbox 2030 2281 2151 2328; x_wconf 70' lang='lat' dir='ltr'>item⁹</span> 
     </span>
     <span class='ocr_line' id='line_1_117' title="bbox 1224 2333 2110 2377; baseline 0.012 -11"><span class='ocrx_word' id='word_1_730' title='bbox 1224 2333 1437 2368; x_wconf 83' lang='lat' dir='ltr'>successorem</span> <span class='ocrx_word' id='word_1_731' title='bbox 1454 2334 1704 2375; x_wconf 74' lang='lat' dir='ltr'>Aurelianum,</span> <span class='ocrx_word' id='word_1_732' title='bbox 1729 2336 1809 2371; x_wconf 90' lang='lat' dir='ltr'>dum</span> <span class='ocrx_word' id='word_1_733' title='bbox 1832 2340 2016 2375; x_wconf 78' lang='lat' dir='ltr'>transmissit</span> <span class='ocrx_word' id='word_1_734' title='bbox 2037 2342 2110 2377; x_wconf 88' lang='lat' dir='ltr'>Pal-</span> 
     </span>
     <span class='ocr_line' id='line_1_118' title="bbox 1227 2382 2110 2433; baseline 0.011 -17"><span class='ocrx_word' id='word_1_735' title='bbox 1227 2382 1306 2416; x_wconf 85' lang='lat' dir='ltr'>lium</span> <span class='ocrx_word' id='word_1_736' title='bbox 1319 2408 1330 2424; x_wconf 87' lang='lat'>,</span> <span class='ocrx_word' id='word_1_737' title='bbox 1357 2383 1496 2426; x_wconf 82' lang='lat' dir='ltr'>scripsit:</span> <span class='ocrx_word' id='word_1_738' title='bbox 1526 2383 1652 2427; x_wconf 70' lang='lat' dir='ltr'>Glorioso</span> <span class='ocrx_word' id='word_1_739' title='bbox 1673 2388 1800 2420; x_wconf 82' lang='lat' dir='ltr'>Patritio</span> <span class='ocrx_word' id='word_1_740' title='bbox 1821 2389 1966 2433; x_wconf 77' lang='lat' dir='ltr'>Belisario</span> <span class='ocrx_word' id='word_1_741' title='bbox 1983 2392 2110 2431; x_wconf 75' lang='lat' dir='ltr'>destina-</span> 
     </span>
     <span class='ocr_line' id='line_1_119' title="bbox 1224 2431 2107 2482; baseline 0.014 -17"><span class='ocrx_word' id='word_1_742' title='bbox 1224 2439 1263 2466; x_wconf 86' lang='lat' dir='ltr'>tis</span> <span class='ocrx_word' id='word_1_743' title='bbox 1281 2431 1402 2476; x_wconf 81' lang='lat' dir='ltr'>scriptis</span> <span class='ocrx_word' id='word_1_744' title='bbox 1420 2438 1542 2477; x_wconf 83' lang='lat' dir='ltr'>gratt&#39;as</span> <span class='ocrx_word' id='word_1_745' title='bbox 1563 2435 1726 2476; x_wconf 81' lang='lat' dir='ltr'>referatis,</span> <span class='ocrx_word' id='word_1_746' title='bbox 1750 2444 1802 2482; x_wconf 85' lang='lat' dir='ltr'>qui</span> <span class='ocrx_word' id='word_1_747' title='bbox 1824 2438 1936 2473; x_wconf 73' lang='lat' dir='ltr'>homini</span> <span class='ocrx_word' id='word_1_748' title='bbox 1960 2442 2054 2482; x_wconf 79' lang='lat' dir='ltr'>vestro</span> <span class='ocrx_word' id='word_1_749' title='bbox 2062 2445 2107 2477; x_wconf 83' lang='lat' dir='ltr'>la-</span> 
     </span>
     <span class='ocr_line' id='line_1_120' title="bbox 1223 2483 2264 2538; baseline 0.012 -22"><span class='ocrx_word' id='word_1_750' title='bbox 1223 2483 1320 2517; x_wconf 88' lang='lat' dir='ltr'>borem</span> <span class='ocrx_word' id='word_1_751' title='bbox 1340 2485 1384 2517; x_wconf 87' lang='lat' dir='ltr'>ad</span> <span class='ocrx_word' id='word_1_752' title='bbox 1401 2485 1658 2530; x_wconf 64' lang='lat' dir='ltr'>C&#39;lernenttffimum</span> <span class='ocrx_word' id='word_1_753' title='bbox 1692 2490 1859 2531; x_wconf 78' lang='lat' dir='ltr'>Principem</span> <span class='ocrx_word' id='word_1_754' title='bbox 1881 2490 1999 2532; x_wconf 86' lang='lat' dir='ltr'>abstulit</span> <span class='ocrx_word' id='word_1_755' title='bbox 2022 2502 2106 2527; x_wconf 85' lang='lat' dir='ltr'>tran·</span> <span class='ocrx_word' id='word_1_756' title='bbox 2124 2499 2210 2536; x_wconf 71' lang='lat' dir='ltr'>Spist.</span> <span class='ocrx_word' id='word_1_757' title='bbox 2234 2507 2264 2538; x_wconf 66' lang='grc' dir='ltr'>ς.“</span> 
     </span>
     <span class='ocr_line' id='line_1_121' title="bbox 1218 2532 2104 2587; baseline 0.011 -21"><span class='ocrx_word' id='word_1_758' title='bbox 1218 2532 1324 2577; x_wconf 83' lang='lat' dir='ltr'>seundi</span> <span class='ocrx_word' id='word_1_759' title='bbox 1337 2559 1346 2574; x_wconf 92' lang='lat'>,</span> <span class='ocrx_word' id='word_1_760' title='bbox 1366 2532 1424 2577; x_wconf 70' lang='lat' dir='ltr'>ſsd</span> <span class='ocrx_word' id='word_1_761' title='bbox 1443 2545 1512 2568; x_wconf 77' lang='lat' dir='ltr'>mox</span> <span class='ocrx_word' id='word_1_762' title='bbox 1533 2545 1567 2569; x_wconf 83' lang='lat' dir='ltr'>ut</span> <span class='ocrx_word' id='word_1_763' title='bbox 1590 2535 1767 2579; x_wconf 74' lang='lat' dir='ltr'>Responsicm</span> <span class='ocrx_word' id='word_1_764' title='bbox 1792 2548 1899 2583; x_wconf 76' lang='lat' dir='ltr'>recepit</span> <span class='ocrx_word' id='word_1_765' title='bbox 1912 2567 1922 2582; x_wconf 86' lang='lat'>,</span> <span class='ocrx_word' id='word_1_766' title='bbox 1950 2543 2032 2576; x_wconf 86' lang='lat' dir='ltr'>nobis</span> <span class='ocrx_word' id='word_1_767' title='bbox 2041 2543 2104 2587; x_wconf 72' lang='lat' dir='ltr'>ficis</span> 
     </span>
     <span class='ocr_line' id='line_1_122' title="bbox 1220 2584 2105 2633; baseline 0.014 -16"><span class='ocrx_word' id='word_1_768' title='bbox 1220 2585 1331 2618; x_wconf 81' lang='lat' dir='ltr'>litteris</span> <span class='ocrx_word' id='word_1_769' title='bbox 1351 2584 1523 2618; x_wconf 73' lang='lat' dir='ltr'>indicavit.</span> <span class='ocrx_word' id='word_1_770' title='bbox 1552 2586 1632 2620; x_wconf 88' lang='lat' dir='ltr'>Non</span> <span class='ocrx_word' id='word_1_771' title='bbox 1655 2588 1741 2623; x_wconf 88' lang='lat' dir='ltr'>solus</span> <span class='ocrx_word' id='word_1_772' title='bbox 1764 2588 1920 2625; x_wconf 85' lang='lat' dir='ltr'>Pontifex</span> <span class='ocrx_word' id='word_1_773' title='bbox 1941 2617 1951 2633; x_wconf 86' lang='lat'>,</span> <span class='ocrx_word' id='word_1_774' title='bbox 1992 2595 2043 2627; x_wconf 89' lang='lat' dir='ltr'>sed</span> <span class='ocrx_word' id='word_1_775' title='bbox 2071 2596 2105 2629; x_wconf 72' lang='grc' dir='ltr'>ὅς</span> 
     </span>
     <span class='ocr_line' id='line_1_123' title="bbox 1221 2633 2105 2685; baseline 0.012 -17"><span class='ocrx_word' id='word_1_776' title='bbox 1221 2636 1287 2678; x_wconf 89' lang='lat' dir='ltr'>ipse</span> <span class='ocrx_word' id='word_1_777' title='bbox 1313 2633 1534 2679; x_wconf 88' lang='lat' dir='ltr'>insigniendus</span> <span class='ocrx_word' id='word_1_778' title='bbox 1561 2635 1754 2672; x_wconf 76' lang='lat' dir='ltr'>Arelatensis</span> <span class='ocrx_word' id='word_1_779' title='bbox 1782 2640 1957 2685; x_wconf 87' lang='lat' dir='ltr'>Episcopus</span> <span class='ocrx_word' id='word_1_780' title='bbox 1967 2641 2105 2679; x_wconf 87' lang='lat' dir='ltr'>debebat</span> 
     </span>
     <span class='ocr_line' id='line_1_124' title="bbox 1220 2684 2105 2738; baseline 0.012 -21"><span class='ocrx_word' id='word_1_781' title='bbox 1220 2684 1315 2719; x_wconf 87' lang='lat' dir='ltr'>Pallii</span> <span class='ocrx_word' id='word_1_782' title='bbox 1332 2684 1458 2722; x_wconf 82' lang='lat' dir='ltr'>donum</span> <span class='ocrx_word' id='word_1_783' title='bbox 1483 2709 1493 2725; x_wconf 93' lang='lat'>,</span> <span class='ocrx_word' id='word_1_784' title='bbox 1518 2685 1552 2719; x_wconf 88' lang='lat'>&amp;</span> <span class='ocrx_word' id='word_1_785' title='bbox 1574 2687 1704 2729; x_wconf 89' lang='lat' dir='ltr'>quidem</span> <span class='ocrx_word' id='word_1_786' title='bbox 1730 2700 1785 2731; x_wconf 86' lang='lat' dir='ltr'>per</span> <span class='ocrx_word' id='word_1_787' title='bbox 1807 2691 1981 2735; x_wconf 84' lang='lat' dir='ltr'>singulares</span> <span class='ocrx_word' id='word_1_788' title='bbox 2003 2693 2105 2738; x_wconf 90' lang='lat' dir='ltr'>Lega-</span> 
     </span>
     <span class='ocr_line' id='line_1_125' title="bbox 1220 2733 2104 2784; baseline 0.01 -16"><span class='ocrx_word' id='word_1_789' title='bbox 1220 2746 1289 2776; x_wconf 90' lang='lat' dir='ltr'>tos,</span> <span class='ocrx_word' id='word_1_790' title='bbox 1315 2734 1357 2769; x_wconf 88' lang='lat' dir='ltr'>ab</span> <span class='ocrx_word' id='word_1_791' title='bbox 1372 2733 1523 2779; x_wconf 86' lang='lat' dir='ltr'>Augusto</span> <span class='ocrx_word' id='word_1_792' title='bbox 1537 2735 1687 2779; x_wconf 89' lang='lat' dir='ltr'>Principe</span> <span class='ocrx_word' id='word_1_793' title='bbox 1700 2738 1896 2781; x_wconf 87' lang='lat' dir='ltr'>supplicare.</span> <span class='ocrx_word' id='word_1_794' title='bbox 1924 2741 2029 2784; x_wconf 88' lang='lat' dir='ltr'>Ipsum</span> <span class='ocrx_word' id='word_1_795' title='bbox 2050 2745 2104 2778; x_wconf 85' lang='lat' dir='ltr'>da-</span> 
     </span>
     <span class='ocr_line' id='line_1_126' title="bbox 1219 2784 2102 2834; baseline 0.01 -16"><span class='ocrx_word' id='word_1_796' title='bbox 1219 2784 1308 2819; x_wconf 91' lang='lat' dir='ltr'>batur</span> <span class='ocrx_word' id='word_1_797' title='bbox 1329 2785 1362 2819; x_wconf 87' lang='lat'>&amp;</span> <span class='ocrx_word' id='word_1_798' title='bbox 1383 2797 1418 2818; x_wconf 91' lang='lat' dir='ltr'>ea</span> <span class='ocrx_word' id='word_1_799' title='bbox 1445 2786 1516 2829; x_wconf 88' lang='lat' dir='ltr'>lege</span> <span class='ocrx_word' id='word_1_800' title='bbox 1530 2809 1541 2824; x_wconf 91' lang='lat'>,</span> <span class='ocrx_word' id='word_1_801' title='bbox 1568 2797 1602 2819; x_wconf 88' lang='lat' dir='ltr'>ut</span> <span class='ocrx_word' id='word_1_802' title='bbox 1615 2786 1788 2831; x_wconf 85' lang='lat' dir='ltr'>insignitus</span> <span class='ocrx_word' id='word_1_803' title='bbox 1793 2795 1904 2833; x_wconf 81' lang='lat' dir='ltr'>gratiae</span> <span class='ocrx_word' id='word_1_804' title='bbox 1915 2792 2038 2826; x_wconf 77' lang='lat' dir='ltr'>intac‘lae</span> <span class='ocrx_word' id='word_1_805' title='bbox 2044 2793 2102 2834; x_wconf 84' lang='lat' dir='ltr'>foe-</span> 
     </span>
     <span class='ocr_line' id='line_1_127' title="bbox 1218 2836 2100 2881; baseline 0.014 -14"><span class='ocrx_word' id='word_1_806' title='bbox 1218 2836 1291 2868; x_wconf 82' lang='lat' dir='ltr'>dera</span> <span class='ocrx_word' id='word_1_807' title='bbox 1310 2836 1394 2869; x_wconf 91' lang='lat' dir='ltr'>inter</span> <span class='ocrx_word' id='word_1_808' title='bbox 1418 2836 1588 2869; x_wconf 87' lang='lat' dir='ltr'>Romanos</span> <span class='ocrx_word' id='word_1_809' title='bbox 1610 2836 1819 2881; x_wconf 85' lang='lat' dir='ltr'>Imperatores</span> <span class='ocrx_word' id='word_1_810' title='bbox 1839 2842 1872 2875; x_wconf 72' lang='grc' dir='ltr'>ὃ(</span> <span class='ocrx_word' id='word_1_811' title='bbox 1902 2842 2100 2879; x_wconf 78' lang='lat' dir='ltr'>Francorum</span> 
     </span>
     <span class='ocr_line' id='line_1_128' title="bbox 1218 2884 2100 2935; baseline 0.011 -17"><span class='ocrx_word' id='word_1_812' title='bbox 1218 2884 1323 2930; x_wconf 84' lang='lat' dir='ltr'>Reges</span> <span class='ocrx_word' id='word_1_813' title='bbox 1350 2885 1496 2926; x_wconf 83' lang='lat' dir='ltr'>custodiret</span> <span class='ocrx_word' id='word_1_814' title='bbox 1518 2909 1525 2917; x_wconf 90' lang='lat'>.</span> <span class='ocrx_word' id='word_1_815' title='bbox 1566 2886 1647 2921; x_wconf 91' lang='lat' dir='ltr'>Non</span> <span class='ocrx_word' id='word_1_816' title='bbox 1670 2890 1818 2923; x_wconf 68' lang='lat' dir='ltr'>amicitiae</span> <span class='ocrx_word' id='word_1_817' title='bbox 1840 2901 1894 2924; x_wconf 84' lang='lat' dir='ltr'>aut</span> <span class='ocrx_word' id='word_1_818' title='bbox 1918 2893 2100 2935; x_wconf 87' lang='lat' dir='ltr'>societatis,</span> 
     </span>
     <span class='ocr_line' id='line_1_129' title="bbox 1216 2935 2100 2988; baseline 0.011 -20"><span class='ocrx_word' id='word_1_819' title='bbox 1216 2935 1267 2970; x_wconf 90' lang='lat' dir='ltr'>sed</span> <span class='ocrx_word' id='word_1_820' title='bbox 1290 2935 1410 2970; x_wconf 86' lang='lat' dir='ltr'>foedera</span> <span class='ocrx_word' id='word_1_821' title='bbox 1437 2935 1565 2979; x_wconf 83' lang='lat' dir='ltr'>gratiae:</span> <span class='ocrx_word' id='word_1_822' title='bbox 1595 2936 1704 2983; x_wconf 76' lang='lat' dir='ltr'>Quam</span> <span class='ocrx_word' id='word_1_823' title='bbox 1729 2939 1845 2982; x_wconf 73' lang='lat' dir='ltr'>nempe</span> <span class='ocrx_word' id='word_1_824' title='bbox 1859 2941 1931 2975; x_wconf 85' lang='lat' dir='ltr'>Rex</span> <span class='ocrx_word' id='word_1_825' title='bbox 1945 2943 2100 2988; x_wconf 88' lang='lat' dir='ltr'>abImpe-</span> 
     </span>
     <span class='ocr_line' id='line_1_130' title="bbox 1215 2986 2099 3033; baseline 0.011 -15"><span class='ocrx_word' id='word_1_826' title='bbox 1215 2995 1340 3025; x_wconf 82' lang='lat' dir='ltr'>ratore,</span> <span class='ocrx_word' id='word_1_827' title='bbox 1365 2995 1532 3030; x_wconf 86' lang='lat' dir='ltr'>tamquam</span> <span class='ocrx_word' id='word_1_828' title='bbox 1552 2986 1608 3020; x_wconf 90' lang='lat' dir='ltr'>suo</span> <span class='ocrx_word' id='word_1_829' title='bbox 1626 2986 1722 3022; x_wconf 87' lang='lat' dir='ltr'>Patre</span> <span class='ocrx_word' id='word_1_830' title='bbox 1741 2989 1774 3023; x_wconf 73' lang='grc' dir='ltr'>ὅ(</span> <span class='ocrx_word' id='word_1_831' title='bbox 1787 2991 1936 3025; x_wconf 89' lang='lat' dir='ltr'>Domino</span> <span class='ocrx_word' id='word_1_832' title='bbox 1950 3018 1960 3033; x_wconf 92' lang='lat'>,</span> <span class='ocrx_word' id='word_1_833' title='bbox 1982 3004 2099 3028; x_wconf 87' lang='lat' dir='ltr'>emere-</span> 
     </span>
     <span class='ocr_line' id='line_1_131' title="bbox 1214 3035 2099 3085; baseline 0.012 -17"><span class='ocrx_word' id='word_1_834' title='bbox 1214 3046 1317 3070; x_wconf 87' lang='lat' dir='ltr'>retur.</span> <span class='ocrx_word' id='word_1_835' title='bbox 1345 3035 1561 3079; x_wconf 69' lang='lat' dir='ltr'>justinianum</span> <span class='ocrx_word' id='word_1_836' title='bbox 1582 3038 1670 3071; x_wconf 91' lang='lat' dir='ltr'>enim</span> <span class='ocrx_word' id='word_1_837' title='bbox 1690 3039 1783 3074; x_wconf 75' lang='lat' dir='ltr'>fuisse</span> <span class='ocrx_word' id='word_1_838' title='bbox 1796 3040 1896 3085; x_wconf 87' lang='lat' dir='ltr'>Regis</span> <span class='ocrx_word' id='word_1_839' title='bbox 1908 3042 2099 3078; x_wconf 88' lang='lat' dir='ltr'>Childeber·</span> 
     </span>
     <span class='ocr_line' id='line_1_132' title="bbox 1214 3086 2097 3129; baseline 0.01 -10"><span class='ocrx_word' id='word_1_840' title='bbox 1214 3086 1239 3119; x_wconf 92' lang='lat' dir='ltr'>ti</span> <span class='ocrx_word' id='word_1_841' title='bbox 1262 3096 1380 3129; x_wconf 89' lang='lat' dir='ltr'>patrem</span> <span class='ocrx_word' id='word_1_842' title='bbox 1394 3110 1403 3126; x_wconf 95' lang='lat'>,</span> <span class='ocrx_word' id='word_1_843' title='bbox 1431 3087 1464 3120; x_wconf 85' lang='lat' dir='ltr'>in</span> <span class='ocrx_word' id='word_1_844' title='bbox 1485 3087 1568 3120; x_wconf 90' lang='lat' dir='ltr'>datis</span> <span class='ocrx_word' id='word_1_845' title='bbox 1589 3087 1630 3121; x_wconf 91' lang='lat' dir='ltr'>ad</span> <span class='ocrx_word' id='word_1_846' title='bbox 1656 3087 1744 3123; x_wconf 89' lang='lat' dir='ltr'>hunc</span> <span class='ocrx_word' id='word_1_847' title='bbox 1767 3090 1883 3124; x_wconf 90' lang='lat' dir='ltr'>litteris</span> <span class='ocrx_word' id='word_1_848' title='bbox 1902 3092 2016 3127; x_wconf 78' lang='lat' dir='ltr'>diserte</span> <span class='ocrx_word' id='word_1_849' title='bbox 2026 3095 2097 3128; x_wconf 92' lang='lat' dir='ltr'>scri-</span> 
     </span>
     <span class='ocr_line' id='line_1_133' title="bbox 1215 3134 2096 3184; baseline 0.011 -16"><span class='ocrx_word' id='word_1_850' title='bbox 1215 3134 1261 3169; x_wconf 88' lang='lat' dir='ltr'>bit</span> <span class='ocrx_word' id='word_1_851' title='bbox 1283 3136 1438 3180; x_wconf 88' lang='lat' dir='ltr'>Pelagius</span> <span class='ocrx_word' id='word_1_852' title='bbox 1462 3135 1548 3180; x_wconf 87' lang='lat' dir='ltr'>Papa</span> <span class='ocrx_word' id='word_1_853' title='bbox 1574 3138 1711 3180; x_wconf 90' lang='lat' dir='ltr'>primus.</span> <span class='ocrx_word' id='word_1_854' title='bbox 1740 3139 1782 3173; x_wconf 91' lang='lat' dir='ltr'>Et</span> <span class='ocrx_word' id='word_1_855' title='bbox 1808 3141 1872 3184; x_wconf 90' lang='lat' dir='ltr'>ipse</span> <span class='ocrx_word' id='word_1_856' title='bbox 1898 3142 2096 3184; x_wconf 72' lang='lat' dir='ltr'>Iustinianus</span> 
     </span>
     <span class='ocr_line' id='line_1_134' title="bbox 1216 3185 2095 3271; baseline 0.01 -53"><span class='ocrx_word' id='word_1_857' title='bbox 1216 3185 1408 3271; x_wconf 52' lang='lat' dir='ltr'>Frffldcum</span> <span class='ocrx_word' id='word_1_858' title='bbox 1434 3187 1531 3221; x_wconf 87' lang='lat' dir='ltr'>etiam</span> <span class='ocrx_word' id='word_1_859' title='bbox 1559 3186 1788 3232; x_wconf 85' lang='lat' dir='ltr'>Imperatorem</span> <span class='ocrx_word' id='word_1_860' title='bbox 1822 3191 1854 3225; x_wconf 90' lang='lat' dir='ltr'>se</span> <span class='ocrx_word' id='word_1_861' title='bbox 1889 3192 2012 3237; x_wconf 88' lang='lat' dir='ltr'>semper</span> <span class='ocrx_word' id='word_1_862' title='bbox 2043 3205 2095 3238; x_wconf 84' lang='lat' dir='ltr'>ap-</span> 
     </span>
     <span class='ocr_line' id='line_1_135' title="bbox 1216 3246 1363 3279; baseline -0.007 -10"><span class='ocrx_word' id='word_1_863' title='bbox 1216 3246 1254 3279; x_wconf 86' lang='lat' dir='ltr'>pe</span> <span class='ocrx_word' id='word_1_864' title='bbox 1301 3246 1363 3269; x_wconf 77' lang='lat' dir='ltr'>vit.</span> 
     </span>
    </p>

    <p class='ocr_par' dir='ltr' id='par_1_15' title="bbox 1216 3285 2092 3483">
     <span class='ocr_line' id='line_1_136' title="bbox 1265 3285 2092 3333; baseline 0.008 -15"><span class='ocrx_word' id='word_1_865' title='bbox 1265 3285 1469 3331; x_wconf 75' lang='lat' dir='ltr'>Quibusdam</span> <span class='ocrx_word' id='word_1_866' title='bbox 1494 3287 1655 3322; x_wconf 86' lang='lat' dir='ltr'>Francicae</span> <span class='ocrx_word' id='word_1_867' title='bbox 1683 3289 1862 3333; x_wconf 72' lang='lat' dir='ltr'>Maiestatis</span> <span class='ocrx_word' id='word_1_868' title='bbox 1897 3292 2092 3327; x_wconf 82' lang='lat' dir='ltr'>zelatoribus</span> 
     </span>
     <span class='ocr_line' id='line_1_137' title="bbox 1216 3333 2091 3384; baseline 0.01 -17"><span class='ocrx_word' id='word_1_869' title='bbox 1216 3333 1311 3369; x_wconf 84' lang='lat' dir='ltr'>haeret</span> <span class='ocrx_word' id='word_1_870' title='bbox 1334 3335 1388 3370; x_wconf 90' lang='lat' dir='ltr'>hic</span> <span class='ocrx_word' id='word_1_871' title='bbox 1409 3347 1492 3380; x_wconf 88' lang='lat' dir='ltr'>aqua</span> <span class='ocrx_word' id='word_1_872' title='bbox 1512 3351 1523 3370; x_wconf 92' lang='lat'>.·</span> <span class='ocrx_word' id='word_1_873' title='bbox 1561 3337 1845 3384; x_wconf 85' lang='lat' dir='ltr'>Archiepiscopale</span> <span class='ocrx_word' id='word_1_874' title='bbox 1870 3340 2011 3376; x_wconf 89' lang='lat' dir='ltr'>Pallium</span> <span class='ocrx_word' id='word_1_875' title='bbox 2038 3355 2091 3376; x_wconf 90' lang='lat' dir='ltr'>vo-</span> 
     </span>
     <span class='ocr_line' id='line_1_138' title="bbox 1216 3385 2091 3435; baseline 0.008 -16"><span class='ocrx_word' id='word_1_876' title='bbox 1216 3385 1392 3420; x_wconf 85' lang='lat' dir='ltr'>lunt.tunc</span> <span class='ocrx_word' id='word_1_877' title='bbox 1415 3398 1484 3422; x_wconf 88' lang='lat' dir='ltr'>non</span> <span class='ocrx_word' id='word_1_878' title='bbox 1518 3387 1616 3422; x_wconf 83' lang='lat' dir='ltr'>fuisse</span> <span class='ocrx_word' id='word_1_879' title='bbox 1650 3393 1835 3435; x_wconf 86' lang='lat' dir='ltr'>quampiam</span> <span class='ocrx_word' id='word_1_880' title='bbox 1870 3392 1888 3425; x_wconf 80' lang='grc' dir='ltr'>ὲ</span> <span class='ocrx_word' id='word_1_881' title='bbox 1924 3393 1996 3425; x_wconf 88' lang='lat' dir='ltr'>lana</span> <span class='ocrx_word' id='word_1_882' title='bbox 2034 3392 2091 3426; x_wconf 80' lang='lat' dir='ltr'>fas-</span> 
     </span>
     <span class='ocr_line' id='line_1_139' title="bbox 1935 3452 2041 3483; baseline 0.019 -10"><span class='ocrx_word' id='word_1_883' title='bbox 1935 3452 2041 3483; x_wconf 82' lang='lat' dir='ltr'>cram,</span> 
     </span>
    </p>
   </div>
   <div class='ocr_carea' id='block_1_11' title="bbox 2125 413 2266 453">
    <p class='ocr_par' dir='ltr' id='par_1_16' title="bbox 2125 413 2266 453">
     <span class='ocr_line' id='line_1_140' title="bbox 2125 413 2266 453; baseline 0.007 -9"><span class='ocrx_word' id='word_1_884' title='bbox 2125 413 2266 453; x_wconf 43' lang='lat' dir='ltr'>Almo&amp;</span> 
     </span>
    </p>
   </div>
   <div class='ocr_carea' id='block_1_12' title="bbox 2126 571 2250 609">
    <p class='ocr_par' dir='ltr' id='par_1_17' title="bbox 2126 571 2250 609">
     <span class='ocr_line' id='line_1_141' title="bbox 2126 571 2250 609; baseline -0.024 -8"><span class='ocrx_word' id='word_1_885' title='bbox 2126 572 2199 609; x_wconf 84' lang='lat' dir='ltr'>Cap.</span> <span class='ocrx_word' id='word_1_886' title='bbox 2221 571 2250 599; x_wconf 87' lang='lat'>8.</span> 
     </span>
    </p>
   </div>
  </div>
 </body>
</html>
