2366 3756
446 125 539 176 372

729 108 793 153 Β.
830 105 1154 156 Genoortn
1190 118 1433 158 s·EP·r1M1
1467 106 1820 161 Ponnncls

483 285 2095 488 CANONXME

523 623 631 675 Uod
664 629 886 675 Romanus
922 625 1126 676 Pontifex
1158 662 1171 686 ,
1218 625 1250 673 fi
1285 626 1526 679 Canonice'
1546 625 1674 679 fuerit
1708 627 1930 679 ordinatus
1963 663 1976 689 ,
2027 631 2195 680 meritis

556 698 682 745 Beati
717 697 837 746 Petri
872 695 1172 755 indubitanter
1207 694 1391 755 efficitur
1428 701 1603 755 Sanctus
1636 736 1652 760 ‚
1704 699 1885 751 testante
1919 701 2071 749 Sancto
2105 704 2196 749 En„

370 766 509 820 nodio
543 766 742 835 Papienfi
777 765 995 835 Episcopo
1027 803 1041 827 ‚
1077 767 1228 817 multis
1262 767 1304 816 ei
1338 766 1493 822 ,sancitis
1528 768 1729 826 Patribus
1765 769 2012 828 faventibus
2036 807 2050 833 ,
2085 769 2193 824 ficut

368 839 419 892 in
453 840 660 896 Decretis
694 840 820 891 Beati
855 838 1108 905 Symmachi
1146 842 1274 915 Papae
1311 841 1594 897 continetur,

567 1056 1055 1108 Senotton·

416 1198 452 1233 N
483 1198 710 1245 Apologetico
732 1224 744 1241 ,
781 1211 881 1244 quem
908 1208 1023 1242 quarta
1060 1197 1252 1242 Symmachi

370 1285 374 1289 ,
437 1248 612 1284 Pontificis
632 1250 786 1292 synodus
809 1248 970 1282 conscribi
992 1247 1078 1291 juffit
1097 1273 1109 1289 ,
1134 1250 1249 1292 quinta

363 1307 476 1333 autem
488 1296 656 1341 probavit,
683 1295 864 1332 &donavit
878 1299 935 1332 sua
958 1298 1119 1341 Synodali
1142 1301 1250 1334 austo-

361 1346 485 1386 ritate‚
513 1345 628 1380 libello
650 1346 847 1388 Ennodius,
872 1357 953 1383 tunc
976 1349 1171 1391 Diaconus,
1195 1361 1248 1392 po·

361 1395 428 1430 flea
448 1396 631 1440 Episcopus
651 1396 842 1432 Ticinenfis
868 1421 880 1438 ,
907 1396 974 1433 haec
996 1396 1096 1433 habet
1118 1411 1127 1432 t
1173 1404 1249 1433 Non

360 1458 417 1480 uos
434 1449 565 1480 Beatum
585 1450 710 1481 Petrum
722 1472 734 1488 ,
753 1446 827 1490 ficut
838 1448 961 1490 dicitis,
989 1450 1011 1481 ἆ
1031 1452 1158 1484 Domine
1182 1460 1247 1483 cum

361 1498 447 1530 Sedis
464 1500 638 1542 priwlegits
660 1521 672 1538 ,
697 1498 749 1533 vel
766 1498 936 1540 successores
965 1500 1030 1541 ejus
1057 1524 1068 1541 ,
1101 1502 1247 1542 peccandi

355 1548 531 1594 judicamus
543 1550 697 1583 licentiam
714 1546 880 1591 sust-epffl’.
908 1550 961 1583 lile
978 1557 1141 1590 perennem
1158 1556 1246 1584 mm-

360 1606 458 1631 torum
475 1600 573 1631 dotem
592 1609 657 1631 cum
669 1596 845 1630 haredum
854 1602 1028 1632 innocentia
1048 1597 1123 1640 misit
1141 1600 1187 1632 ad
1191 1607 1245 1641 po-

355 1646 448 1692 steros
460 1660 471 1680 .·
498 1648 592 1690 ‚Quod
612 1649 655 1679 illi
675 1648 829 1689 conceffum
839 1646 941 1689 estpro
953 1647 1072 1681 acquum
1093 1649 1173 1687 luce,
1199 1650 1244 1681 ad

359 1697 425 1730 illos
432 1703 566 1738 pertinet
576 1709 649 1738 quos
656 1705 718 1738 par
727 1694 955 1739 conversationh
972 1695 1112 1740 splendor·
1133 1699 1243 1731 illumi-

358 1755 431 1780 nat.
461 1748 543 1790 ‚Quis
564 1752 644 1780 enim
658 1744 797 1789 fandum
817 1745 868 1790 effi·
888 1746 1026 1788 dubim,
1053 1759 1141 1789 quem
1165 1756 1241 1790 apex

358 1804 459 1829 tantae
481 1799 640 1840 dignitatis
661 1798 773 1831 attollit
799 1799 814 1832 ἲ
856 1800 895 1831 In
923 1809 977 1839 quo
1001 1796 1030 1839 fi
1046 1796 1148 1841 desunt
1167 1797 1241 1831 bona

359 1845 496 1889 acquisita
512 1856 570 1890 per
588 1852 725 1883 meritum
746 1873 758 1889 ‚
792 1844 941 1892 sufficiunt
969 1858 1036 1891 quae
1069 1851 1090 1882 ὰ
1110 1849 1162 1881 loci
1185 1850 1242 1881 De-

360 1896 456 1941 ceffore
473 1898 660 1940 praestantur
677 1925 685 1930 .
725 1902 785 1932 Aut
806 1903 884 1931 enlm
903 1900 997 1932 claros
1018 1902 1051 1932 in
1074 1897 1136 1931 baec
1149 1897 1239 1939 fast!-

355 1951 411 1993 gia
432 1953 543 1993 erigit,
568 1958 623 1983 aut
644 1954 699 1991 qui
713 1954 866 1992 eriguntur
888 1948 1016 1988 illustrat
1041 1973 1048 1980 .
1075 1945 1238 1988 Praenofi-it

359 2006 441 2031 emm
462 2023 473 2039 ,
508 2000 585 2041 quid
609 1998 803 2040 Ecclefiarum
818 1997 1018 2038 fundamento
1041 1994 1079 2036 fit
1108 1994 1205 2028 habile
1224 2019 1236 2034 ‚

355 2045 444 2090 [uper
465 2050 548 2089 quod
564 2047 631 2089 ipsa
650 2048 738 2080 molaes
759 2050 917 2078 innititur.
946 2046 999 2077 De
1024 2044 1120 2074 variis
1143 2053 1235 2075 accu-

358 2098 468 2130 satum
489 2093 723 2139 Symmachum
746 2095 900 2124 Romana
917 2088 1087 2135 Synodus,
1111 2090 1233 2134 judica-

358 2156 394 2179 re
414 2156 483 2179 non
503 2145 580 2177 ausa
612 2167 623 2183 ,
648 2140 777 2175 Divino
796 2141 970 2175 reservavit
992 2140 1118 2184 judicio
1134 2165 1145 2181 ‚
1171 2139 1235 2175 edi-

356 2204 433 2227 cens
455 2193 539 2228 inter
560 2202 637 2228 caete
655 2205 674 2227 a
695 2192 803 2236 primae
821 2190 904 2225 sedis
927 2190 1097 2235 privilegia
1108 2191 1171 2225 effe
1198 2192 1231 2226 ἀ

357 2243 446 2285 hoc,
471 2199 902 2337 quodinfe{iorumjudicio
920 2253 990 2275 non
1012 2241 1109 2284 poffit
1129 2241 1233 2285 subja-

358 2305 431 2329 cere
448 2318 456 2325 .
482 2291 643 2336 Displicui
680 2291 745 2326 hoc
765 2291 1009 2326 accusatoribus
1023 2316 1035 2332 ,
1062 2291 1231 2335 movitque

358 2343 401 2385 ad
421 2342 546 2378 ironice
561 2342 769 2386 quaerendum
790 2356 801 2375 :
837 2342 933 2377 Num
953 2342 1039 2376 inter
1058 2342 1113 2376 sua
1133 2342 1230 2385 privi-

359 2394 448 2439 legia
479 2393 628 2427 Romani
648 2392 828 2428 Pontifices
847 2391 946 2426 etiam
970 2390 1156 2428 libertinam
1194 2403 1232 2426 ac
1246 2407 1256 2467 Ι
1282 2430 1293 2479 ,

360 2443 530 2496 impunem
552 2442 705 2496 peccandi
734 2442 904 2479 licentiam
925 2441 1118 2493 accepissent
1141 2442 1157 2477 ἓ
1190 2441 1234 2477 Et

1319 1051 1360 1086 ad
1394 1050 1479 1088 hane
1512 1052 1654 1088 ironiam
1685 1052 1863 1088 Ennodius
1879 1050 2076 1097 respondit.
2114 1052 2193 1087 Res·

1319 1102 1437 1143 pondit
1461 1103 1479 1135 a
1501 1102 1617 1144 Papali
1635 1103 1878 1140 consecratione
1897 1100 1980 1138 adeo
1997 1112 2068 1136 non
2090 1100 2192 1136 tribui

1317 1149 1402 1183 male
1425 1150 1546 1199 agendi
1571 1150 1741 1184 licentiam
1765 1177 1778 1193 ,
1814 1162 1851 1188 ut
1877 1163 1934 1197 per
1958 1152 2060 1196 ipsam
2081 1151 2191 1195 potius

1315 1198 1476 1234 tribuatur
1497 1201 1593 1243 plena
1614 1200 1766 1236 sanctitas
1788 1224 1800 1242 ,
1824 1203 1859 1236 δε
1879 1201 2065 1241 Christiana
2089 1201 2195 1235 bono·

1314 1260 1385 1283 rum
1409 1261 1545 1293 operum
1567 1248 1717 1285 libertas.
1744 1249 1849 1298 Qod
1872 1251 1963 1284 enim
1986 1250 2192 1294 Episcopalis

1311 1300 1568 1335 consecrationis
1589 1302 1836 1337 Sacramentum
1856 1300 1914 1335 det
1933 1298 2032 1335 nobis
2052 1310 2095 1334 ex
2115 1310 2193 1344 ope·

1312 1360 1344 1382 re
1374 1360 1508 1394 operato
1541 1350 1678 1395 Spiritus
1699 1351 1808 1386 Sansti
1843 1349 2084 1396 plenitudinem
2104 1372 2118 1390 ,
2142 1349 2190 1384 est

1311 1411 1414 1434 unum
1435 1413 1479 1436 ex
1501 1399 1725 1436 immobilibus
1765 1400 1843 1436 fidei
1866 1398 2058 1435 Christianae
2078 1397 2190 1434 fimda-

1309 1461 1448 1485 mentis.

1310 1551 1476 1586 cationem
1496 1559 1621 1593 peccata
1633 1553 1767 1595 plerique
1776 1553 1924 1587 dixerunt
1940 1559 1996 1594 per
2007 1559 2114 1584 manus
2134 1555 2191 1584 im-

1301 1599 1471 1641 pofitionem
1489 1604 1565 1644 poffe
1588 1604 1721 1636 dimitti.
1750 1602 1795 1636 Et
1807 1600 1887 1637 hinc
1899 1601 1985 1636 solos
2005 1599 2105 1641 illos,
2130 1598 2193 1641 qui·

1308 1659 1383 1684 ante
1404 1651 1649 1684 ordinationem
1660 1653 1692 1684 se
1705 1651 1798 1684 fuiffe
1809 1652 1982 1686 carnaliter
1994 1650 2102 1691 lapsos
2120 1647 2190 1682 fue-

1306 1698 1372 1732 rint
1394 1698 1505 1740 postea
1524 1698 1659 1731 confeffi
1673 1723 1684 1738 ,
1712 1697 1920 1745 presbyteros
1941 1698 1961 1731 ὲ
1983 1696 2124 1739 quadam
2139 1696 2191 1732 sui

1305 1745 1406 1780 officii
1417 1754 1506 1789 parte
1518 1743 1682 1788 suspendit
1695 1767 1703 1776 .
1729 1746 1850 1790 Longa
1873 1747 1919 1779 est
1940 1745 2008 1778 haec
2027 1746 2163 1788 quaestio
2174 1769 2188 1787 ‚

1305 1806 1366 1830 nec
1396 1793 1494 1840 hujus
1519 1793 1583 1829 loci
1606 1819 1614 1827 .
1652 1794 1801 1828 Omnem
1824 1794 1956 1829 interim
1984 1794 2190 1839 Episcopalis

1304 1845 1557 1881 consecrationis
1582 1844 1738 1879 virtutem
1760 1843 1873 1887 Papali
1897 1844 1996 1879 ineffe
2022 1842 2191 1889 singulari-

1305 1905 1353 1930 ter
1372 1919 1384 1935 ,
1425 1894 1567 1938 ideoque
1590 1893 1763 1928 hominem
1783 1905 1836 1938 per
1858 1894 1961 1938 ipsam
1983 1894 2189 1938 singulariter

1303 1943 1494 1978 sanaificari
1509 1968 1521 1986 ,
1546 1943 1716 1982 affirmavit
1730 1943 1924 1983 Ennodius‚
1951 1943 1984 1977 δε
2010 1942 2065 1977 hic
2076 1943 2190 1978 noster:

1303 1995 1483 2037 Gregorius
1506 1994 1702 2029 confirmat.
1729 1993 1874 2037 Magnus
1897 1993 1992 2028 Felix
2005 1993 2184 2030 Ennodius

1300 2041 1364 2075 fuit
1383 2043 1433 2075 vir
1443 2043 1580 2082 Gallus,
1606 2043 1753 2078 Romani
1776 2042 1949 2079 Pontificis
1967 2043 2002 2076 in
2016 2042 2183 2087 dogmati-1

1301 2090 1348 2124 cis
1358 2089 1608 2125 definitionibus
1619 2091 1911 2132 infallibilitatem,
1935 2102 1974 2126 ae
1997 2093 2182 2135 supremam

1301 2141 1393 2184 super
1402 2150 1519 2175 omnes
1529 2140 1683 2183 synodos
1695 2140 1919 2175 auctoritatem
1931 2140 2040 2176 lucide
2050 2142 2157 2177 asserit
2166 2167 2179 2185 ,

1300 2188 1445 2235 adeoque
1466 2190 1551 2225 &ex
1573 2190 1644 2234 ipso
1664 2199 1752 2234 patet
1765 2190 1872 2225 avitus
1883 2191 1987 2225 sensus
1999 2190 2189 2226 Gallicanae

1300 2241 1461 2275 Ecclefiae.
1488 2239 1550 2275 Per
1560 2240 1705 2275 faventes
1714 2240 1746 2276 ei
1758 2240 1870 2275 Patres
1881 2241 2034 2287 intelligo
2052 2239 2180 2276 habita-

1300 2301 1374 2326 rum
1397 2289 1455 2325 sub
1476 2289 1677 2334 Symmacho
1697 2289 1906 2334 Synodorum
1920 2291 2118 2336 Episcopus,
2137 2291 2177 2330 ὃς

1299 2343 1434 2376 ευηᾶος
1447 2340 1548 2376 etiam
1568 2342 1725 2384 antiquos
1746 2339 1898 2375 Eccleliae
1908 2341 2091 2382 Doctores,
2116 2342 2175 2384 qui

1299 2389 1502 2434 Episcopalis
1520 2389 1738 2425 ordinationis
1755 2402 1797 2426 ex
1818 2401 1914 2441 opere
1934 2399 2068 2441 operato
2077 2389 2180 2430 vitm-

1303 2450 1369 2476 tem
1391 2439 1487 2477 nobis
1503 2439 1726 2481 tradiderunt,
2054 2439 2056 2442 ’

1881 3370 2070 3456 CA-

1475 1451 1570 1499 Qin
1582 1451 1688 1486 immo
1700 1451 1798 1486 etiam
1809 1451 1850 1486 de
1861 1449 2094 1495 Presbyter-atu
2105 1449 2190 1485 dicit
2251 1483 2253 1485 ,

1308 1499 1461 1543 synodus
1481 1500 1775 1536 Neocaesareenfis:
1802 1501 1931 1545 Reliqua
1949 1509 2058 1545 praeter
2089 1499 2191 1534 forni-
2205 1505 2316 1547 eap.9.
