2366 3756
930 179 1424 225 D1crarus.

1921 191 2016 237 169

255 266 327 310 fiam
345 265 379 310 se
394 263 498 310 scribit
520 265 736 299 OEcume-nicum
748 260 978 296 Patriarcbam.
1007 259 1137 303 Nempe
1201 274 1281 304 mae,
1308 263 1535 297 &OEcumenico
1547 262 1736 298 Patriarcbae
1749 266 1893 308 Agapeto.
1922 264 1966 298 Et
1989 266 2078 300 sexta

261 318 374 352 Photii
396 316 544 350 Michael
567 325 706 349 errorem
716 312 879 354 resumpsit
905 312 937 344 &
955 312 1066 345 auxit.
1094 310 1138 344 Et
1204 324 1279 347 curn
1304 313 1443 356 Synodo
1467 313 1702 348 Constantinus
1722 325 1853 358 quartus
1875 315 2053 359 Imperator
2071 326 2080 346 z

260 367 411 403 adversus
423 367 526 410 ipsum
539 365 716 410 Gregorius
726 362 878 406 septimus
898 359 1035 395 dietavit
1063 371 1139 404 prae-

261 420 386 454 sentem
399 417 590 452 Canonem.

315 469 359 503 Et
371 467 448 502 hinc
459 467 563 501 oritur
578 465 708 511 quaestio
719 488 730 505 ,
755 461 941 509 Qiomodo
960 460 1141 506 praevarica·

264 528 316 554 tus
329 530 396 553 non
409 518 445 551 fit
456 517 523 550 haec
535 516 664 551 laudata
675 515 797 549 Leonis
811 514 920 547 verba:
952 516 1058 546 omnis
1082 513 1140 543 Dei

264 574 378 604 amicus
399 565 566 609 hujusmodi
579 566 717 600 hactenus
730 563 843 597 horruit
865 563 1003 597 honorari
1017 561 1142 596 vocabu-

262 621 316 653 lo?
342 618 477 652 Nomen
500 616 585 650 istud
610 616 756 651 laudatus
778 614 849 648 Leo
858 638 871 655 ,
897 614 1051 650 Sanstum
1063 611 1142 646 Gre-

263 667 397 714 gotium
409 667 573 707 imitatus,
603 664 752 701 acerrime
762 663 943 709 insequitur
956 688 967 704 ,
992 662 1059 706 ejus
1069 672 1142 696 cau-

260 720 296 752 sa
318 718 480 762 Ioannem
503 714 910 759 constantinopolitanum
942 714 1141 757 Episcopum

263 768 404 803 affirmat
415 766 434 800 a
444 766 583 812 Pelagio
604 765 747 801 secundo
773 764 952 799 &laudato
975 762 1142 808 Gregorio

262 816 593 858 anathematizatum,
618 827 750 851 omnem
761 815 829 858 ejus
841 816 1061 859 usurpatorem
1073 812 1143 846 scri-

264 868 314 902 bit
329 867 392 902 effe
406 865 667 910 paranymphum
692 878 730 901 ac
753 865 910 900 lenonem
922 862 1119 900 Antichristi
1134 886 1141 893 .

263 919 310 953 Et
318 915 469 961 adjungit
490 914 531 949 de
542 918 662 951 Sandio
680 917 795 951 Leone
807 916 959 960 Magno:
985 914 1076 947 Certe
1097 923 1143 945 no-

262 978 332 1001 men
342 965 421 1007 istud
430 967 450 998 ἆ
458 963 575 1010 sane‘Iis
588 965 734 999 Patribus
747 971 780 998 in
791 963 1022 1006 Chalcedoncitfi
1035 964 1055 996 5
1051 962 1144 1002 ynodo

262 1017 300 1051 ab
309 1021 509 1051 reverentiam
515 1014 632 1059 sandlae
640 1018 786 1050 Romanae
811 1016 846 1049 Θ
856 1014 1021 1057 Apostolicae
1035 1014 1118 1046 Sedis
1131 1036 1141 1052 ‚

256 1066 432 1111 sam‘liffimo
443 1067 583 1110 Decffari
596 1065 687 1106 nostro
698 1069 790 1099 Leoni
802 1068 900 1108 Papae
925 1066 960 1099 (5
972 1061 1144 1107 praeclaris-

256 1117 329 1159 fimo
350 1116 468 1150 Dalion
486 1142 498 1158 ‚
521 1115 663 1160 spfiusque
683 1115 886 1163 successoribgcs
902 1114 969 1156 fuit
991 1115 1121 1147 oblatum
1137 1137 1147 1154 ,

258 1165 318 1211 fid
327 1178 380 1200 nec
390 1167 486 1201 abillo
495 1191 508 1208 ,
534 1177 584 1201 nec
593 1166 633 1200 ab
642 1167 700 1200 ullo
717 1165 905 1209 succefforum
916 1163 1005 1207 ipfius
1035 1162 1145 1203 constat

258 1214 404 1252 *haaenus
414 1225 561 1260 receptum
572 1244 580 1252 .
608 1216 677 1251 Eos
688 1215 770 1251 dicit
779 1215 928 1251 imitatos
950 1214 1045 1249 fuiffe
1068 1214 1146 1247 San·

263 1268 351 1301 stum
362 1268 497 1302 Petrum
509 1267 710 1310 Apostolum
722 1290 734 1306 ,
760 1265 818 1310 qui
835 1275 1016 1309 numquam
1037 1264 1146 1298 titula-

262 1327 317 1352 tus
328 1319 391 1351 fuit
404 1341 415 1357 ‚
440 1326 496 1350 aut
505 1316 632 1350 titulari
643 1315 750 1350 voluit
762 1314 944 1359 Apostolus
965 1314 1145 1349 Universa-

264 1367 306 1401 lis
316 1393 323 1400 .
351 1367 436 1414 Quae
447 1365 560 1402 omnia
572 1364 607 1399 in
620 1366 718 1400 variis
727 1364 886 1409 Epistolis
898 1365 1037 1399 affirmat
1047 1363 1144 1398 etiam

263 1416 411 1462 Magnus
423 1416 628 1461 Gregorius,
653 1414 789 1450 titulum
803 1413 902 1447 istum
919 1413 1002 1450 adeo
1024 1414 1147 1447 aversa—

248 1475 342 1509 tus,
367 1477 405 1501 ut
430 1465 534 1502 &fibi
561 1466 595 1500 δε
618 1464 680 1500 suis
702 1466 737 1499 in
750 1473 940 1508 perpetuum
963 1463 1143 1498 successori-

87 1689 120 1720 Ι..
132 1697 248 1725 2.c.13·

87 1730 153 1766 L-4.
170 1738 226 1764 c-7.

88 2151 154 2184 ACL‘
173 2161 202 2192 3.

92 2456 211 2487 Act-16.

91 2496 157 2528 Λᾶ.
179 2508 208 2534 4,.

98 3481 162 3514 Ἇᾶι
171 3486 216 3513 123

264 1515 326 1551 bus
345 1515 543 1558 assumpserit
564 1513 654 1549 hunc
673 1515 883 1558 oppositum:
911 1516 1024 1547 servus
1043 1515 1148 1545 servo-

267 1576 334 1599 rum
346 1567 402 1599 Dei
414 1591 422 1597 .
448 1566 493 1600 Et
506 1563 586 1599 hinc
597 1565 632 1599 in
645 1563 820 1599 Catholica
833 1561 1069 1598 concordantia
1088 1559 1148 1592 Ni-

261 1615 377 1649 colaus
399 1613 584 1648 Cardinalis
606 1614 756 1648 Cusanus
780 1612 969 1647 constanter
995 1608 1148 1648 defendit

262 1664 355 1699 hunc
366 1663 561 1699 articulum:
590 1665 680 1705 Papa
692 1672 751 1694 non
778 1661 819 1703 eft
831 1659 1014 1704 Universalis
1028 1657 1147 1703 Episco-

259 1722 345 1758 pus,
367 1711 426 1758 sed
441 1712 533 1757 super
542 1724 642 1747 omnes
650 1717 792 1756 primus.
818 1711 923 1760 Qod
936 1711 1040 1754 ipsum
1071 1711 1148 1747 acri-

263 1774 314 1800 ter
325 1765 396 1809 agit
404 1764 538 1800 Marcus
549 1763 721 1798 Antonius
741 1763 783 1797 de
793 1761 969 1798 Dominis.

314 1813 515 1857 Respondeo
525 1813 660 1849 titulum
673 1813 771 1850 istum
785 1825 854 1848 non
865 1811 981 1848 assumi
994 1811 1012 1847 a
1024 1812 1152 1856 Grego-

264 1864 317 1900 rio
338 1864 500 1908 septimo,
526 1864 581 1898 sed
597 1862 768 1900 dumtaxat
790 1863 947 1905 definiri,
971 1863 1061 1908 quod
1079 1861 1146 1896 ¹soli

263 1915 426 1950 Romano
449 1915 608 1949 Pontifici
629 1914 672 1950 de
690 1914 758 1958 jure
778 1913 953 1949 debeatur.
1016 1910 1083 1946 uod
1101 1910 1148 1946 est

263 1964 408 1999 omnino
427 1964 645 1999 veriffimum.
671 1964 779 2000 Lucet
799 1976 840 1999 ex
861 1964 992 1999 laudata
1046 1960 1149 2012 balce-

263 2012 400 2050 donenss
410 2014 549 2057 synodo
562 2038 574 2056 ,
601 2016 639 2049 in
661 2024 726 2061 qua
736 2013 939 2049 Theodorus
954 2012 1147 2047 Alexandri·

263 2077 315 2100 nae
327 2064 478 2100 Ecclefiae
498 2064 672 2100 Diaconus
692 2065 768 2099 suos
778 2064 819 2099 ad
833 2063 983 2099 Leonem
1008 2062 1147 2096 Pontifi-

263 2127 336 2150 cem
368 2114 497 2151 libellos
517 2116 561 2150 fic
582 2115 741 2158 inscripsit
766 2128 778 2147 .-
803 2114 978 2152 Sam‘liffimo
998 2133 1010 2149 ‚
1038 2113 1149 2144 &vei

263 2167 459 2205 amantffmo
468 2190 480 2205 ,
505 2166 541 2199 Θ
550 2168 662 2197 Univer
660 2162 720 2206 sali
732 2160 949 2203 Arcbiepiscopo
959 2161 994 2192 δ’
1004 2161 1144 2192 Patrim-

262 2214 329 2248 chae
349 2217 471 2257 Magnae
481 2216 585 2245 Romae
597 2214 712 2246 Leoni.
739 2209 871 2245 Eodem
883 2209 987 2244 modo
1006 2208 1082 2243 suos
1102 2209 1151 2242 in·

265 2262 459 2305 scripserunt
478 2259 650 2306 Ischyrion
674 2260 870 2300 mactmus,
895 2256 1150 2301 &Sophronias

264 2311 387 2347 Laicus
407 2312 672 2346 Alexandrinus.
703 2310 748 2344 Et
768 2308 950 2344 Lucentius
969 2308 1151 2342 Esculanus

264 2361 444 2406 Episcopus
470 2372 508 2395 ac
520 2361 613 2395 Sedis
625 2359 824 2404 Apostolicae
835 2359 982 2404 Legatus
1003 2357 1090 2392 dixit
1110 2356 1149 2391 ad

263 2411 397 2455 plenam
414 2410 610 2454 Synodum:
636 2409 810 2453 apostolicus
823 2414 875 2443 vir
885 2405 1070 2451 Universalis
1093 2410 1150 2440 Ec-

264 2460 354 2504 elefiae
373 2464 463 2503 Papa
485 2464 562 2494 Leo.
589 2460 633 2494 Et
646 2461 743 2504 plena
766 2458 938 2502 Synodus:
969 2459 1150 2500 Beatiffimus

264 2520 357 2554 atque
379 2510 554 2553 apostolicus
572 2514 623 2546 vir
645 2534 657 2551 ‚
690 2507 880 2552 Universalis
905 2508 1037 2550 Ecclefiae
1062 2511 1151 2550 Papa

264 2564 343 2594 Leo.
371 2559 416 2593 Et
426 2561 461 2594 in
477 2561 566 2603 ipsa,
594 2559 858 2603 quamexplenae
869 2559 994 2601 Synodi
1015 2559 1151 2593 consen-

264 2609 555 2655 su-pronunciavit
573 2633 585 2650 ,
614 2610 769 2644 Dioscori
790 2607 983 2643 Patriarchae
1007 2607 1150 2643 Alexan-

267 2660 357 2695 drini
378 2659 579 2695 damnatrice
601 2658 759 2694 sententia
782 2660 926 2694 Sanstus
939 2657 1151 2694 Paschafinus

266 2709 418 2753 Lylibeti
429 2710 462 2743 in
474 2709 585 2745 Sicilia
598 2709 780 2754 Episcopus
789 2734 801 2750 ,
828 2721 866 2743 ac
878 2707 1076 2753 Apostolicae
1096 2710 1149 2744 Se-

266 2759 319 2794 dis
332 2759 508 2794 Primarius
519 2759 662 2805 Legatus
672 2785 683 2800 ,
709 2759 851 2794 lucidius
876 2770 915 2793 ac
928 2760 1091 2794 efficacius
1104 2758 1149 2794 est

265 2810 418 2845 locutus:
445 2810 571 2843 sanetus
595 2821 630 2843 ac
643 2811 826 2850 Beatiffimus
838 2812 949 2851 Papa,
973 2813 1076 2851 Caput
1085 2815 1151 2843 uni-

266 2858 397 2903 versalis
407 2857 543 2901 Ecclefiae
552 2882 563 2899 ,
592 2863 652 2894 Leo
659 2868 715 2902 per
726 2872 777 2894 nos
802 2861 837 2894 Θ·
849 2863 978 2903 Legatos
985 2858 1056 2902 suos
1067 2885 1078 2900 ,
1091 2862 1147 2894 &a

266 2908 382 2946 Voces
394 2907 453 2943 has
464 2933 476 2950 ‚
501 2912 605 2951 Caput
613 2909 792 2953 universalis
803 2908 935 2951 Ecclefiae
946 2932 956 2948 ‚
981 2911 1048 2944 scio
1062 2910 1150 2945 abes-

264 2960 303 2994 (e
321 2960 444 2995 {textu
454 2961 590 2995 Graeco:
617 2957 780 2994 habentur
800 2970 910 2996 tamen
930 2961 963 2993 in
986 2961 1150 2995 sententiae

267 3010 470 3054 exemplari,
496 3008 586 3053 quod
606 3009 671 3043 suis
691 3010 731 3044 ad
757 3011 952 3046 Gallicanos
971 3010 1150 3055 Episcopos

267 3048 311 3093 de
322 3058 450 3102 Synodi
462 3060 602 3093 successu
615 3059 730 3094 litteris
741 3061 901 3096 annexuit
912 3061 1046 3095 Sanctus
1058 3061 1129 3096 Leo
1142 3085 1149 3093 .

267 3107 398 3153 Nempe
418 3106 625 3143 Paschafinus
646 3111 749 3144 fuerat
767 3111 837 3146 illic
856 3109 977 3147 Latine
998 3112 1149 3146 locutus.

268 3159 384 3207 Qare
404 3158 539 3193 Marcus
560 3158 731 3194 Antonius
759 3159 799 3195 de
818 3162 977 3197 Dominis
1014 3162 1150 3196 afferens

266 3207 359 3243 hunc
377 3208 512 3243 titulum
535 3220 604 3243 non
626 3209 751 3244 exstare
778 3210 814 3245 in
825 3212 916 3247 Astis
928 3210 1151 3256 Synodalibus

268 3259 377 3303 palam
398 3255 637 3294 hallucinatur.
665 3259 710 3294 Et
730 3260 765 3294 in
779 3261 1149 3306 Constantinopolitana

269 3309 404 3345 Menan
424 3308 617 3344 Patriarchae
640 3308 778 3351 synodo
811 3310 1000 3347 Graecorum
1037 3311 1150 3347 Archi-

269 3358 436 3394 mandritae
460 3361 533 3394 suos
555 3359 596 3394 ad
611 3358 799 3404 Agapetum
808 3360 1150 3398 Pontificemlibellos

271 3408 502 3452 inscripserunt
528 3410 564 3444 in
591 3408 681 3445 hunc
706 3409 844 3446 mo¹dum
867 3425 875 3444 ε
900 3414 1026 3445 Domino
1059 3412 1150 3454 nostro

266 3453 442 3505 sanfflffinro
471 3461 508 3494 ὁ·
531 3459 684 3500 beatissimo
703 3459 918 3505 Archiepiscopo
939 3467 1071 3506 antiquae
1096 3465 1153 3494 Ro·

371 3507 476 3549 christ.
481 3513 560 3555 Lupe
567 3511 735 3554 operJ'om.
742 3514 776 3544 V.

1203 366 1292 396 Leoni
1304 362 1448 396 secundo
1458 386 1469 401 ,
1489 360 1661 405 saneqtffimo
1686 364 1881 406 &beatiffimo
1891 364 2084 409 Archiapifio-

1199 421 1239 454 po
1261 418 1373 447 veteris
1398 415 1503 445 Romae
1521 437 1532 452 ‚
1559 415 1594 446 (ν
1619 414 1802 448 (Εσιυηεηὶεο
1826 418 1925 458 Papae
1944 440 1953 449 .
1981 414 2103 462 Qod'

1202 463 1307 505 ipsum
1326 463 1361 496 in
1384 461 1500 496 litteris
1523 461 1564 497 ad
1576 461 1737 504 Ioannem
1755 465 1952 500 Pontificem
1966 465 2086 510 repetit

1206 512 1404 555 Justinianus
1447 510 1606 545 secundus
1632 537 1640 544 .
1668 511 1714 546 Et
1739 513 1911 555 primitivae
1937 514 2088 549 Ecclefiae

1173 606 1176 610 λ
1202 562 1329 596 1)οᾶοπ
1341 561 1568 596 Tertullianus
1578 562 1613 595 in
1624 561 1709 600 libro
1737 562 1779 596 de
1792 562 1950 606 pudicitia
1964 566 2088 599 Roma-

1205 624 1284 646 num
1298 611 1495 647 Antistitem
1514 621 1611 647 vocat
1639 612 1813 655 Pontificem
1835 617 2006 647 Maximum
2018 639 2029 655 ,
2054 615 2089 648 Θ

1206 661 1385 706 Episcopum
1407 659 1619 705 Episcoporum
1645 673 1652 694 :
1681 661 1782 709 Qod
1818 663 1864 697 est
1902 664 1990 698 idem
2012 675 2088 699 cum
2107 645 2140 676 c·
2164 655 2185 674 ¹¹

1208 712 1370 756 Episcopo
1385 711 1577 747 Universali
1593 736 1602 745 .
1630 712 1749 746 Fateor
1759 712 1792 747 id
1804 724 1859 757 per
1884 713 2025 748 derisum
2051 726 2090 748 ac

1207 763 1348 797 ironiam
1363 762 1430 796 dici
1446 762 1487 796 ab
1498 759 1727 797 hominemne
1738 761 1944 799 Montanista
1961 788 1968 796 .
1995 764 2090 797 Hine

1207 813 1339 850 interim
1352 810 1539 847 authentice
1551 813 1638 849 lucet
1648 837 1658 852 ,
1686 811 1766 856 quid
1779 811 1821 846 de
1834 812 1991 848 Romano
2014 814 2094 857 Epi·

1207 863 1305 907 scopo
1328 864 1462 897 senserit
1473 863 1609 907 antiqua
1630 860 1885 902 Christ-inuitas,
1909 863 1943 897 δε
1956 875 2093 907 quomo-

1206 912 1251 947 do
1266 921 1346 948 tunc
1358 912 1454 947 illum
1467 913 1623 947 titularit.
1649 912 1729 946 Huc
1740 913 1841 948 etiam
1854 913 1970 957 speetat
1982 912 2090 947 Sanffi

1207 964 1369 1006 Cypriani
1392 964 1432 998 ad
1455 973 1614 998 errantem
1628 964 1719 998 suam
1731 963 1905 1007 Synodum
1927 963 2092 1007 praefatio:

1207 1018 1315 1055 Neque
1326 1011 1482 1056 quisquam
1492 1014 1618 1055 nostrum
1631 1012 1812 1057 Episcopum
1825 1013 1920 1057 sbeffie
1940 1011 2097 1056 Episcopo-

1208 1074 1276 1097 rum
1287 1063 1430 1104 constituit
1440 1088 1448 1096 .
1477 1064 1582 1098 Notat
1593 1066 1746 1099 Sanstum
1757 1064 1963 1108 Stephanum
1976 1064 2094 1098 Ponti-

1209 1114 1302 1148 ficem
1316 1139 1327 1155 ,
1350 1123 1518 1158 tamquam
1541 1123 1636 1148 tanto
1667 1115 1766 1152 titulo
1792 1114 2001 1160 &dignitate
2020 1112 2098 1148 abu-

1209 1165 1300 1198 sum.
1327 1163 1372 1198 Et
1382 1162 1424 1198 de
1439 1164 1505 1199 Dei
1516 1163 1641 1204 domo,
1669 1164 1706 1197 in
1728 1176 1790 1206 qua
1801 1163 2027 1199 Timotheum
2049 1173 2097 1198 re·

1209 1213 1257 1248 ἃέ
1281 1215 1466 1249 conversati
1487 1213 1586 1249 docet
1611 1213 1717 1258 prima
1739 1213 1896 1258 Apostoli
1922 1214 1963 1249 ad
1990 1213 2098 1256 ipsum

1211 1263 1358 1308 Epistola
1385 1289 1396 1304 ‚
1421 1263 1531 1299 scribit
1555 1263 1794 1299 Ambrofiaster
1811 1289 1822 1306 ‚
1867 1265 1923 1298 seu
1960 1263 2099 1296 Hilarus

1210 1314 1370 1348 Romanae
1382 1315 1529 1349 Ecclefiae
1540 1314 1732 1349 Diaconus:
1761 1317 1872 1347 Domus
1896 1317 1952 1347 Dei
1973 1311 2100 1354 Ecclefia

1210 1365 1338 1402 dicitur,
1363 1367 1447 1403 cuius
1470 1364 1557 1397 hodie*
1578 1364 1683 1397 Rec‘lor
1708 1387 1720 1403 ,
1746 1365 1862 1408 utique
1884 1362 2100 1403 universalis,

1209 1413 1246 1454 est
1270 1412 1440 1457 Damasus.
1469 1413 1579 1448 Etiam
1605 1413 1834 1458 sigismundus
1853 1439 1866 1455 ,
1891 1411 2104 1459 Burgundio·-

1211 1474 1291 1497 num
1303 1463 1396 1503 Rex,
1426 1463 1461 1496 in
1473 1463 1600 1505 scriptis
1613 1475 1668 1505 per
1678 1463 1832 1498 Santstum
1844 1463 1985 1498 Avitum
1995 1462 2108 1497 Vien-

1211 1513 1347 1545 nensem
1381 1509 1677 1552 Archiepiscopum
1719 1511 1836 1545 litteris
1863 1511 2106 1555 Symmachum
2123 1520 2262 1563 Epist,27.

1212 1559 1338 1603 Papam
1362 1568 1461 1593 vocat
1486 1557 1658 1593 Praesulem
1707 1559 1858 1595 Ecclefiae
1894 1561 2107 1596 universalis.

1211 1607 1395 1643 Cardinalis
1407 1609 1558 1644 Cusanus
1569 1608 1717 1653 loquitur
1731 1610 1766 1643 in
1779 1611 1872 1644 sensu
1892 1611 2001 1645 Sancti
2025 1610 2107 1646 Gre-

1210 1660 1322 1707 gorii.-
1348 1659 1454 1696 Aliud
1475 1671 1545 1695 non
1566 1659 1657 1700 vult,
1687 1659 1785 1704 quam
1808 1660 1898 1704 quod
1929 1660 2105 1698 Romanus

1209 1712 1298 1757 Papa
1319 1724 1389 1748 non
1410 1713 1449 1747 fit
1481 1711 1631 1758 proprius
1663 1710 1697 1747 δι’
1710 1709 1897 1746 Cardinalis
1919 1710 2104 1758 Episcopus

1211 1762 1364 1798 omniurn
1377 1763 1435 1798 sub
1446 1763 1543 1798 Coelo
1556 1762 1771 1799 Ecclefiamm
1789 1789 1797 1797 .

1259 1813 1405 1861 Qiaestio
1427 1813 1474 1849 est
1496 1838 1508 1854 ,
1533 1812 1720 1862 Qomodo
1745 1814 1879 1849 Sanstus
1917 1814 2099 1860 Gregorius

1210 1862 1357 1909 Magnus
1381 1864 1415 1897 δε
1440 1865 1575 1898 Sanctus
1599 1863 1669 1898 Leo
1690 1875 1801 1899 nonus
1823 1864 1988 1899 affirment
2010 1863 2103 1899 hunc

1209 1913 1347 1949 titulum
1378 1924 1437 1947 nec
1460 1913 1479 1947 ὲ
1502 1914 1620 1948 Sansto
1642 1914 1758 1949 Leone
1781 1914 1911 1960 Magno
1933 1940 1944 1956 ,
1972 1925 2036 1949 nec-
2058 1914 2103 1949 ab

1210 1962 1281 1997 ullo
1297 1962 1394 2007 ipsius
1410 1964 1597 1999 Succeffore
1610 1964 1711 1999 fuisse'
1721 1965 1936 2009 usurpatum?
1962 1964 2099 2000 Etenim

1210 2013 1478 2058 quinquagefima
1489 2025 1601 2059 quarta
1614 2013 1722 2050 Sancti
1742 2015 1867 2050 Leonis
1879 2014 2025 2059 Epistola
2048 2013 2105 2049 ha-

1212 2063 1268 2097 bet
1293 2063 1380 2098 hanc
1392 2063 1623 2109 Epigraphen:
1652 2068 1712 2099 Leo
1732 2064 1898 2109 Episcopus
1908 2067 2043 2107 Roman?
2067 2066 2104 2100 (9

1211 2111 1392 2154 universal„
1414 2113 1537 2154 Ecclefiq
1567 2118 1722 2148 Martiano
1758 2116 1881 2159 Augusto
1907 2141 1915 2148 .
1952 2115 2105 2150 Eandem

1211 2158 1309 2194 habet
1330 2161 1525 2204 sexagesima
1552 2162 1667 2202 quinta
1684 2184 1692 2193 .
1732 2163 1935 2207 Sexagesima
1962 2164 2105 2199 secunda

1212 2207 1310 2244 habet
1323 2207 1409 2244 hanc
1423 2222 1430 2242 :
1458 2214 1518 2243 Leo
1532 2210 1683 2251 Catholicq
1695 2211 1823 2254 Ecclefif
1845 2211 2010 2256 Episcopus
2021 2238 2030 2248 .
2057 2214 2105 2247 Et

1212 2260 1305 2302 ipsius
1317 2260 1408 2293 tituli
1422 2261 1598 2294 acerrimus
1618 2261 1796 2296 damnator
1819 2263 1955 2298 Sanstus
1975 2264 2102 2308 Grego-

1213 2310 1279 2342 rius
1305 2308 1451 2343 titulavit
1480 2310 1513 2343 se
1544 2311 1670 2344 Servum
1695 2312 1850 2345 Servorum
1873 2316 1931 2346 Dei
1950 2337 1961 2352 ‚
1986 2315 2102 2357 utiquo

1212 2357 1417 2403 Episcopalis
1431 2358 1607 2394 Ministerii
1620 2360 1795 2396 servitute:
1822 2362 1924 2409 Qod
1948 2363 2028 2407 quid
2052 2364 2101 2398 est

1211 2407 1320 2447 aliud,
1346 2409 1445 2451 quam
1465 2411 1527 2444 effe
1545 2410 1744 2455 Episcopum
1770 2412 1989 2447 universalem
2018 2415 2030 2447 ?
2058 2415 2102 2448 Et

1211 2458 1229 2492 a
1241 2458 1356 2493 Phoca
1367 2459 1566 2503 Imperatore
1581 2460 1732 2496 adversus
1743 2462 1923 2505 Cyriacurn
1937 2463 2103 2498 Constan-

1212 2509 1472 2552 tinopolitanum
1482 2508 1703 2550 patriarcham
1718 2536 1728 2552 ,
1756 2514 1944 2556 proximum
1964 2514 2101 2557 Joannis

1213 2559 1408 2620 Jejunatolris
1434 2561 1654 2595 Successorem
1690 2563 1878 2606 impetravit
1905 2564 2099 2599 Bonifacius

1212 2610 1321 2643 tertius
1336 2634 1346 2649 ‚
1372 2620 1407 2643 ut
1435 2610 1522 2644 solus
1544 2610 1717 2647 Romanus
1735 2613 1916 2657 Episcopus
1937 2613 2099 2649 diceretur

1210 2659 1435 2694 OEcumenicus
1456 2685 1465 2693 .
1493 2661 1690 2703 Bonifacius‚
1719 2663 1828 2706 inquit
1854 2663 1935 2697 liber
1957 2663 2099 2698 Pontifi-

1210 2710 1310 2750 calis,
1335 2710 1460 2743 obtinuit
1487 2713 1573 2753 apud
1597 2711 1728 2745 Phocam
1743 2715 1914 2755 Principem
1927 2738 1938 2754 ,
1962 2722 1995 2747 ut
2005 2715 2100 2748 Sedes

1212 2759 1364 2801 apostolica
1374 2762 1466 2795 Beati
1479 2764 1563 2794 Petri
1578 2762 1701 2804 Apostoli
1710 2771 1799 2805 caput
1809 2765 1875 2806 effet
1897 2770 2026 2797 omnium
2038 2768 2098 2798 Ec«

1209 2810 1355 2852 clefiarum
1373 2835 1385 2852 ,
1427 2816 1499 2854 quia
1521 2811 1648 2853 Ecclesia
1670 2812 1998 2856 constantinopolitana
2032 2821 2101 2856 pri-

1210 2859 1328 2904 mamfi’
1339 2867 1468 2895 omnium
1480 2860 1826 2906 Ecclqlr'arumscribebat
1847 2889 1854 2897 .
1887 2863 1969 2899 Non
1995 2866 2097 2900 totius

1211 2912 1358 2945 Ecclefiae
1368 2911 1576 2952 Primatum,
1603 2911 1658 2947 sed
1670 2914 1828 2949 Primatui
1842 2913 1921 2949 huic
1943 2914 2097 2951 debitum

1208 2960 1390 3005 Universalii
1411 2960 1552 3006 Episcopi
1580 2963 1713 2997 titulum
1739 2964 1910 3009 usurpabat
1932 2964 1990 2998 fibi
2005 2964 2096 2999 Con-

1209 3011 1522 3056 stantinopolitanus
1552 3012 1750 3057 Episcopus.
1780 3012 2030 3057 IpsumPhocas
2051 3016 2095 3049 sa-

1208 3073 1260 3097 cra
1281 3062 1419 3105 jussione
1441 3062 1619 3098 declaravit
1644 3074 1828 3106 competere
1855 3064 2092 3108 soliEpiscopo

1211 3108 1367 3146 Romano
1381 3137 1389 3144 .
1416 3113 1460 3148 Et
1483 3113 1607 3147 cunctis
1627 3113 1699 3156 post
1723 3114 1930 3148 millesimum
1946 3114 2092 3148 Domini

1210 3172 1334 3195 annum
1346 3161 1563 3197 Pontificibus
1586 3161 1640 3196 hic
1653 3163 1789 3206 titulus,
1816 3164 1965 3205 Catholicf
1989 3166 2091 3197 Eccle-

1203 3209 1244 3254 fiq
1256 3209 1423 3255 Episcopus
1433 3236 1444 3254 ,
1470 3214 1572 3257 coepit
1580 3214 1643 3248 effe
1652 3213 1821 3250 familiaris
1838 3240 1846 3246 .
1873 3214 1968 3261 Qin
1982 3213 2016 3247 ἀ
2028 3213 2091 3257 pri-

1211 3272 1341 3296 morum
1365 3263 1556 3298 saeculorum
1573 3262 1756 3299 Pontifices
1775 3267 1850 3299 usos
1870 3263 1963 3297 fuiffe
1974 3260 2037 3296 hoc
2051 3263 2090 3297 ti-

1211 3312 1283 3346 tulo
1296 3336 1307 3351 ,
1334 3311 1497 3356 Episcopus
1521 3311 1732 3356 Episcoporum
1749 3339 1760 3355 ‚
1788 3313 2011 3349 demonstrant
2033 3313 2091 3346 ad-

1212 3362 1306 3397 dusta
1339 3362 1525 3398 testimonia
1561 3363 1764 3399 Tertulliani
1811 3364 1845 3397 ὅ(
1881 3363 1988 3398 Sancti
2024 3362 2101 3412 Cy(

1212 3423 1315 3457 priam
1332 3435 1340 3443 .

1263 3462 1461 3506 Respondeo
1470 3463 1621 3499 adduaas
1635 3463 1836 3508 Epigraphas
1851 3473 1917 3496 non
1930 3460 1993 3497 effe
2015 3461 2092 3495 San·

1711 3512 1741 3546 P
2004 3510 2044 3549 6ὶί
