2366 3756
540 164 1069 211 Concrztuu
1139 160 1775 210 Tnotosauum.

251 262 314 290 etna
324 254 357 287 in
365 255 513 296 argenteos
519 246 682 293 sexaginta
690 247 842 282 dividitur
854 269 861 276 .
887 246 1031 280 Minorem
1046 242 1124 275 dare

248 300 418 339 volentibus
438 310 496 334 non
510 298 605 343 solum
624 298 744 334 liberum
754 308 779 336 ς’
786 295 844 343 sed
864 299 954 329 etiam
972 290 1119 332 honestum

248 353 303 397 effe
317 355 519 394 permittimus
531 374 539 383 .
563 349 678 396 Itaque
697 344 840 390 sportula
859 353 928 380 erat
949 343 1054 387 Rogae
1063 344 1118 377 seu

247 402 451 448 erogationis
471 399 608 445 species,
633 407 732 444 quam
743 392 1125 450 ImperatoresQConsu·

246 451 320 493 ies,
346 451 545 490 Protectores
567 445 749 485 Domestici
764 469 775 486 ‚
799 457 837 481 ac
857 444 913 479 alii
925 441 1126 489 Reipublicae

251 502 307 536 vel
329 501 486 547 Augustae
503 497 622 535 domus.
631 495 823 537 Officiales,
848 494 882 529 in
908 492 1126 539 promotionis

249 553 316 589 suae
335 562 393 591 aut
411 546 539 589 alterius
560 547 676 586 laetitiae
696 545 836 582 solemni
857 544 912 580 die
932 542 1124 580 dividebant

252 601 292 637 in
313 600 470 649 populum
495 622 507 641 ‚
532 597 583 632 vel
605 596 745 641 populus
765 607 824 644 pro
842 593 918 639 ipfis
940 594 980 631 ad
1002 592 1127 631 edenda

253 647 547 698 congratulationis
568 647 764 691 spestacula‚
789 646 843 684 seu
865 645 928 679 alia
950 643 1080 692 publica
1091 642 1127 679 fi-

251 710 320 747 gna
332 696 527 738 'conferebat
539 723 547 732 .
574 697 652 731 Erat
669 706 750 733 tunc
770 693 958 731 distributus
982 694 1017 728 in
1029 703 1129 738 popu-

251 750 324 787 lum
344 760 513 784 nummus.
540 747 585 787 Et,
605 747 763 792 quoniam
784 745 888 789 aliqui
908 744 973 782 sese
994 755 1049 787 per
1060 754 1128 788 pro-

251 798 458 843 digalitatem
483 795 744 842 depauperabant
761 821 775 838 ,
799 794 947 840 Magnus
970 792 1128 828 Theodo-

250 849 317 885 fius
328 858 466 886 nummo
477 847 612 892 praefixit
622 847 790 886 materiam
800 846 833 884 &
845 845 986 883 valorem
997 868 1006 877 .
1025 842 1128 882 Num-

250 908 311 933 mo
331 895 591 942 adjungebantur
609 897 750 936 eburnea
772 905 829 931 aut
852 895 982 933 alterius
991 893 1130 929 materia:

250 945 412 990 dypticha
423 971 434 991 ,
460 946 494 984 id
507 946 553 981 est
564 971 576 988 ,
587 946 730 992 promoti
742 945 903 986 Officialis
915 955 1035 981 nomen
1053 954 1129 978 con-

247 996 395 1034 sinentes,
415 996 591 1042 pugillares
611 997 728 1037 tabula
747 1021 759 1038 ,
785 1008 845 1031 nec
871 1006 940 1029 non
962 995 997 1034 ὅς
1020 1005 1129 1039 argen-

246 1050 342 1093 teum
371 1046 587 1083 Canistellum
608 1071 620 1092 2
645 1046 688 1083 de
709 1046 828 1091 quibus
850 1045 1010 1084 Romanae
1044 1043 1131 1078 urbis

247 1091 423 1135 Praefectus.
440 1096 656 1141 Symmachus
666 1111 677 1132 .·
704 1099 804 1132 Filius
818 1095 907 1138 noster
919 1095 1004 1137 offlert
1013 1094 1067 1126 tibi
1083 1095 1130 1127 do-

249 1153 295 1179 Ota
307 1146 472 1189 Quaestoria
482 1172 489 1179 -
517 1147 628 1192 ,Quaeso
649 1153 741 1192 igitur·
754 1172 766 1190 ,
791 1155 825 1181 ut
838 1148 901 1188 ejus
915 1150 1029 1180 nomine
1038 1145 1133 1186 dypti-

251 1194 309 1229 cha
332 1197 367 1233 6·
388 1196 568 1239 apophoreta
585 1196 732 1241 suscipere
756 1200 922 1242 dignemini
944 1221 951 1230 ,
978 1196 1131 1229 Praetereci

253 1248 379 1280 Domino
397 1248 431 1280 Θ
445 1249 579 1289 Principi
604 1247 695 1288 nostro
720 1272 732 1288 ‚
757 1259 831 1282 auro
851 1246 1064 1281 circumdatum
1086 1245 1133 1284 d,-

247 1294 385 1337 pticbum
407 1295 484 1337 misi«
509 1300 639 1331 Caeteros
661 1309 772 1342 quoque
793 1302 902 1333 amicos
920 1295 1052 1331 eburneis
1075 1303 1133 1337 pu-

247 1343 405 1391 gm‘mbus
431 1371 441 1386 2
466 1348 501 1380 (θ’
524 1347 682 1390 canistellis
710 1353 858 1393 argenteis
884 1347 1030 1381 honoravi
1051 1371 1059 1379 .
1088 1344 1132 1378 Et

82 1400 236 1440 L.2.Epist,
251 1395 371 1429 iterum
383 1395 419 1428 in
433 1394 635 1433 Auitum-io:
660 1398 758 1435 offero
780 1398 866 1430 vobis
876 1396 1030 1428 eburneum
1040 1396 1134 1434 dypti-

83 1444 130 1471 81.
147 1445 191 1476 87.

80 1552 165 1591 Epist.
187 1561 215 1590 7.

78 1993 116 2025 C.
136 2002 182 2025 ιι.

78 2183 115 2212 C·
133 2184 178 2214 16.

85 3069 121 3100 C.
134 3074 175 3101 ιε»

251 1442 338 1476 chum
350 1467 361 1483 ,
387 1443 608 1482 &canistellum
630 1454 802 1488 argenteum
818 1444 963 1478 librarum
982 1444 1110 1476 duarum
1121 1467 1132 1484 ,

248 1492 311 1534 filii
330 1497 389 1524 mei
411 1498 527 1524 nomine
538 1515 551 1531 ‚
575 1498 627 1533 qui
647 1494 834 1534 ,Qua-storum
853 1503 961 1523 munus
980 1491 1130 1522 exhibuit.

353 1536 465 1547 uo.-

250 1587 392 1624 eburnea
404 1612 415 1628 ‚
443 1588 497 1622 sed
519 1587 555 1622 &
566 1600 646 1624 auro
657 1599 772 1626 ornata
783 1615 791 1623 .

302 1636 429 1672 Verum
444 1637 508 1672 fuit
530 1638 566 1673 ὃς
585 1639 677 1677 aliud
697 1638 914 1685 originaIIum
934 1637 969 1675 δε
991 1635 1132 1682 propria-

250 1698 324 1721 rum
335 1686 518 1730 sportarum
529 1699 567 1723 ac
581 1689 795 1732 sportularum
805 1700 931 1735 genus,
956 1687 998 1723 de
1014 1698 1079 1730 quo
1096 1687 1131 1722 in
1153 1696 1155 1699 ’

251 1735 398 1773 Claudio
408 1735 561 1783 Augusto
575 1737 687 1774 scribit
698 1740 874 1775 Svetonius
894 1737 1111 1781 Tranquillus
1123 1749 1131 1774 z

251 1787 397 1821 ClaudIus
420 1786 662 1832 anniversarium
686 1796 722 1824 in
756 1787 870 1830 Castris
907 1791 1106 1822 Praetorianis
1121 1812 1132 1828 ‚

251 1839 525 1871 extraordinarium
548 1834 586 1873 ’Θ
608 1839 720 1880 breve,
745 1839 880 1874 exhibuit
900 1848 1031 1879 munus,
1056 1838 1136 1880 quod

251 1887 403 1929 appellare
424 1892 510 1929 coepit
526 1885 694 1931 sportulam
713 1914 726 1931 ‚
752 1894 824 1933 quia
843 1894 978 1932 primum
1002 1889 1131 1923 daturus

252 1937 390 1971 edixerat
397 1962 408 1978 ,
438 1938 520 1971 velut
530 1937 575 1971 ad
580 1936 715 1981 subitam
726 1939 891 1976 condalium
901 1939 1044 1975 caenulam
1055 1942 1134 1971 invi-

251 1995 319 2022 tare
325 1983 359 2029 se
365 1987 506 2031 populum
515 2010 525 2023 <
552 1987 596 2022 Et
607 1988 644 2023 in
655 1988 794 2026 Nerone
806 2002 814 2022 :
843 1990 940 2024 Multa
947 1987 1002 2033 sub
1013 1992 1132 2022 Nerone

250 2035 512 2080 &animadversa
528 2037 637 2079 fuere,
663 2041 698 2073 ό*
719 2045 864 2079 coercita,
890 2050 942 2073 nec
964 2044 1062 2072 minus
1087 2043 1133 2071 in·

246 2085 373 2127 stituta.
402 2086 561 2120 Adhibitus
577 2087 749 2134 sumptibus
770 2091 898 2123 modus.-
926 2089 1058 2125 Publicae
1080 2099 1133 2121 coe-

251 2147 302 2169 nae
322 2137 366 2169 ad
370 2134 522 2179 sportulas
545 2138 694 2173 redat‘lae.
722 2140 814 2174 Etin
827 2139 1046 2174 Domitiano:
1073 2141 1133 2170 Do-

251 2190 399 2219 mitianus
421 2190 727 2230 Congiariumpopulo
749 2198 934 2222 nummorum
955 2196 1133 2221 trecenorum

253 2241 300 2266 ter
322 2234 404 2265 dedit
425 2257 437 2273 ‚
462 2243 553 2276 atque
574 2239 653 2268 inter
670 2234 841 2278 spellacula
864 2239 995 2267 muneris
1017 2234 1134 2277 largiffi-

253 2291 334 2314 mum
354 2283 474 2324 epulum
495 2296 504 2318 .’
529 2284 746 2324 Septimontiali
760 2282 844 2324 sacro
864 2284 983 2324 quidem
1007 2284 1133 2315 senatui

252 2333 419 2374 Equitique
440 2335 602 2372 panariis,
623 2330 707 2373 plebi
725 2329 875 2376 sportellis
883 2342 949 2365 cum
967 2329 1081 2375 obsonio
1089 2331 1133 2363 di-

246 2378 383 2422 stributis
395 2405 404 2413 .
418 2383 543 2415 Initium
553 2377 691 2422 vescendi
696 2385 815 2423 primus
818 2380 896 2422 fecit
906 2405 914 2413 .
943 2380 987 2415 Et
1000 2382 1010 2414 i
1014 2390 1132 2414 terum:

253 2430 353 2463 Multa
364 2434 396 2463 in
406 2434 550 2462 cornmuni
571 2427 626 2472 usu
645 2436 794 2466 novavit.
821 2431 973 2473 sportulas
993 2431 1131 2473 publicas

249 2477 365 2523 sustulit
377 2501 389 2519 ,
414 2487 556 2512 revocata
575 2490 723 2514 carnarum
741 2480 886 2514 retiatum
909 2479 1134 2526 consuetudine.

252 2527 359 2562 Coena
370 2528 454 2562 recia
475 2537 541 2562 erat
563 2528 709 2563 solemne
729 2530 958 2574 principalium
983 2531 1026 2565 ad
1045 2541 1133 2567 men-

253 2578 322 2612 sam
332 2576 597 2614 accumbentium
610 2579 792 2627 amicorum
804 2580 998 2616 convivium
1008 2603 1020 2622 ‚
1045 2582 1132 2624 spor-

253 2627 322 2661 tula
334 2627 412 2662 vero
432 2637 501 2663 erat
520 2628 664 2672 ipsorum
685 2629 860 2666 clientibus
880 2639 937 2664 aut
960 2630 1034 2666 aliis
1053 2631 1133 2670 infe-

254 2676 393 2712 rioribus
416 2677 531 2713 amicis
557 2677 576 2711 ὲ
599 2680 708 2715 mensa
736 2679 926 2716 submissum
951 2679 1130 2716 ferculum:

254 2725 372 2761 Paffim
392 2726 582 2771 portabatur
602 2729 637 2763 in
651 2730 790 2774 sportula
803 2753 814 2771 ,
840 2729 982 2776 ideoque
1002 2731 1035 2765 δε
1049 2731 1132 2775 spor·

254 2776 324 2810 tula
350 2777 527 2812 vocabatur
548 2804 557 2813 .
583 2778 720 2814 Easdem
757 2781 915 2824 sportulas
939 2778 1130 2815 Trebellius

252 2824 367 2860 Pollio
386 2828 419 2861 in
447 2827 653 2872 Imperatoris
675 2830 822 2865 Gallieni
843 2830 931 2871 vita,
955 2830 1046 2865 aede
1057 2841 1131 2874 epu-

254 2875 399 2911 lantibus
419 2878 582 2914 Romanis
599 2878 779 2915 Nobilibus
801 2880 939 2924 loquens
962 2880 1052 2923 supra
1064 2879 1131 2915 lau-

252 2924 346 2960 davit
367 2924 562 2962 Ammianus
580 2928 813 2966 Marcellinus.
841 2929 971 2965 Eodem
991 2931 1081 2966 sensu
1094 2930 1128 2964 in

254 2976 352 3009 tertio
376 2974 524 3012 adversus
550 2978 755 3014 Marcionem
787 2981 822 3014 δε
848 2981 959 3015 fiotum
995 2980 1036 3016 ab
1061 2981 1130 3025 ipso

254 3022 425 3059 Christum
447 3026 528 3061 libro
541 3028 687 3073 loquitur
699 3041 803 3065 rerum
816 3030 1040 3066 Romanarum
1053 3031 1130 3075 peri-

255 3074 396 3109 tiffimus
419 3075 664 3114 Tertullianus:
690 3081 723 3112 si
733 3091 835 3114 nomen
848 3080 980 3121 Christi,
1008 3089 1041 3115 ut
1046 3079 1131 3125 spor-

255 3125 351 3158 tuiam
373 3124 577 3168 latrunculus,
601 3135 763 3172 captavit,
786 3141 835 3164 cur
856 3136 949 3164 etiam
961 3129 1058 3177 Jesus
1083 3142 1132 3164 vo-

254 3175 314 3221 luit
334 3174 506 3216 appellari?
531 3175 755 3215 Romanarum
774 3190 881 3215 rerum
904 3180 1064 3224 imperitis
1073 3180 1130 3214 ob-

255 3224 385 3257 scurum
406 3223 514 3258 locum
530 3225 696 3271 infigniter
715 3231 856 3274 exponit
868 3229 987 3265 Beatus
1000 3229 1130 3265 Rhena-

256 3283 340 3307 nus.-
367 3276 457 3308 Docet
479 3273 615 3318 Asconius
637 3279 785 3313 Pedianus
806 3286 838 3314 in
851 3284 995 3315 Verrinas
1018 3284 1128 3315 Cicero-

253 3327 306 3356 nis
319 3345 331 3363 ,
350 3320 484 3366 sportam
497 3348 507 3364 ,
528 3323 699 3369 sportulas,
724 3340 907 3365 nummorum
927 3331 978 3374 effe
999 3339 1126 3374 recepta-

253 3373 322 3406 cuia
342 3394 353 3411 ‚
377 3383 412 3406 ac
431 3372 549 3417 spartea
571 3375 701 3417 utensilia
726 3381 771 3412 ad
793 3382 918 3421 majoris
934 3378 1060 3423 summae
1075 3388 1126 3423 pe-

255 3421 359 3457 cantas
369 3425 531 3467 capiendas
543 3450 551 3459 .
578 3427 771 3471 ‚Quamquam
780 3428 855 3462 locus
866 3430 916 3465 ille
937 3430 1053 3466 mendis
1068 3441 1125 3465 non

1925 178 1991 224 45

1186 250 1265 278 caret
1276 267 1288 284 ,
1312 253 1346 278 ut
1354 242 1457 286 uquue
1464 238 1562 290 ferme?
1573 241 1679 285 miser?
1697 253 1849 287 corruptus
1871 244 1909 286 est
1932 251 2059 288 optimus

1186 293 1233 326 ille
1244 298 1390 330 Ciceronis
1400 297 1549 335 Interpres
1563 317 1570 325 .
1598 297 1654 328 Hic
1666 296 1737 327 vero
1758 307 1814 328 non
1838 296 1966 330 arbitror
1987 299 2058 332 Ter-

1185 344 1341 380 tullianum
1360 344 1397 376 de
1411 341 1481 387 fure
1502 353 1684 379 nummorum
1705 343 1804 386 loqui,
1828 344 1884 387 sed
1890 344 2056 388 sportulam

1186 404 1251 430 eam
1273 392 1434 438 intelligere
1451 415 1462 431 ,
1486 402 1552 433 quae
1567 394 1757 435 pauperculis
1777 393 1928 430 clientibus
1945 419 1959 435 ,
1977 394 2062 438 salu-

1186 439 1382 489 tatoribusque
1394 440 1525 477 dabatur
1548 442 1569 476 ᾶ
1595 441 1744 476 divitibus
1780 443 1878 486 apud}
1893 446 2060 480 Romamn⁴

1187 496 1264 531 Huic
1286 492 1367 526 reda
1384 498 1467 524 coena
1480 494 1651 532 opponitur.
1678 491 1718 522 Id
1731 501 1797 525 erat
1815 494 1976 535 legitimum
1996 504 2063 528 con-

1187 546 1308 579 vivium
1328 544 1349 574 ἃ
1367 539 1579 579 liberalioribus
1602 542 1744 575 Patronis
1767 539 1902 577 exbiberi
1920 542 2042 586 solitum
2054 569 2061 578 ,

1186 593 1268 627 Inter
1277 602 1322 624 eos
1333 600 1433 628 autem
1443 594 1494 637 qui
1501 587 1664 632 sportulam
1686 589 1868 631 accipiebant
1880 613 1892 630 ‚
1917 594 2065 631 accidebat

1186 651 1403 683 nonnumquam
1429 663 1441 681 ,
1466 647 1501 676 ut
1519 640 1629 679 alieni,
1661 644 1710 682 qui
1730 641 1765 673 de
1787 651 1906 674 numero
1927 642 2063 677 clientum

1189 702 1247 724 non
1266 699 1376 731 erant,
1403 696 1565 734 ingererent
1579 687 1660 732 sese,
1687 700 1743 725 non
1763 688 1840 736 satis·
1878 689 1917 725 ab
1939 693 2066 732 Atrienfi

1182 739 1269 789 servo
1279 740 1403 786 inspebli
1429 741 1645 782 exploratique.
1673 742 1759 775 Nam
1779 741 1929 776 interdum
1950 740 1989 773 ab
2011 740 2064 774 ab·

1183 788 1316 835 sentibus
1334 789 1366 835 fi:
1375 788 1535 838 summissos
1554 789 1789 828 mentiebantur.
1820 791 1947 836 quuod
1961 793 1991 840 J
1995 801 2066 827 uve·

1188 843 1266 878 nalis
1294 845 1400 886 Satyra
1414 852 1445 881 1,

1528 893 1606 927 'runc
1619 888 1754 934 sportula
1770 895 1870 934 primo

1291 946 1410 977 Limine
1417 951 1524 986 parva
1533 940 1618 985 sedet
1627 964 1638 980 ‚
1662 941 1757 975 turbae
1768 940 1916 983 rapienda
1939 947 2047 984 togatae
2063 965 2069 973 .

1289 994 1343 1026 Ille
1356 992 1571 1035 tamenfaciem
1576 992 1663 1038 prius
1675 990 1795 1035 inspicit
1806 1015 1818 1031 ‚
1843 992 1878 1025 ὁ*
1888 991 2021 1032 trepidat
2033 1000 2070 1026 ne

1289 1042 1456 1085 suppofitus
1470 1048 1576 1079 venias
1587 1066 1599 1083 ‚
1624 1043 1659 1081 (J
1665 1040 1747 1089 falfi'
1766 1046 1880 1079 nomine
1893 1039 1999 1084 positas
2010 1065 2019 1075 .

1291 1096 1420 1137 Agnitus
1430 1098 1554 1135 accipies
1565 1116 1572 1123 .
1738 1122 1741 1124 ,

1243 1145 1304 1178 Hoc
1317 1140 1359 1184 vesi
1381 1155 1445 1187 ergo
1461 1143 1542 1188 quod
1563 1143 1763 1178 Tertullianus
1784 1143 1857 1176 dicte
1880 1154 1888 1174 :
1922 1140 2024 1176 Nunc
2047 1139 2072 1174 fi

1191 1202 1314 1231 nomen
1323 1191 1445 1231 Christi
1458 1218 1470 1235 ‚
1495 1202 1533 1227 ut
1543 1191 1720 1236 sportulam
1731 1191 1943 1230 furunculus,
1969 1199 2076 1233 capta-

1194 1243 1242 1277 vit
1253 1267 1260 1276 .
1287 1247 1434 1279 Caeterum
1447 1243 1537 1290 hujus
1548 1246 1686 1283 temporis
1697 1240 1834 1285 Religiofi
1837 1241 1974 1283 plerique
1992 1250 2076 1273 men·

1191 1294 1266 1330 dicis
1282 1292 1450 1340 sportulam
1474 1295 1550 1331 dant
1571 1293 1616 1326 ad
1632 1291 1733 1337 ostium
1744 1293 1849 1328 domus
1862 1316 1873 1332 ,
1899 1289 2045 1324 divitibus
2063 1311 2076 1328 ,

1191 1343 1295 1386 quibus
1306 1343 1424 1378 abunde
1429 1352 1486 1386 per
1506 1342 1540 1386 ft
1547 1341 1682 1386 suppetit
1695 1343 1776 1386 quod
1782 1342 1876 1378 edant
1888 1365 1899 1383 ‚
1924 1351 2013 1376 coenae
2034 1348 2077 1372 re-

1193 1392 1249 1427 6]ae
1259 1391 1407 1428 adhibitis
1415 1417 1422 1428 .
1451 1391 1579 1428 Eodem
1589 1392 1680 1424 sensu
1693 1392 1784 1432 super
1796 1389 1864 1423 haec
1877 1388 2077 1433 Apostolicz

1194 1441 1235 1478 ad
1247 1440 1378 1478 Galatas
1404 1439 1543 1484 epistola:
1556 1439 1652 1474 verba
1664 1463 1675 1479 ‚
1703 1437 1896 1483 Confiderans
1921 1436 2054 1481 teipsum
2064 1461 2078 1478 ‚

1195 1500 1232 1520 ne
1257 1491 1331 1521 &tu
1341 1494 1469 1521 tenteris
1479 1510 1491 1525 ‚
1514 1489 1661 1529 loquitur
1670 1488 1804 1523 Sanctus
1817 1488 1958 1528 Ioannes
1972 1485 2079 1529 Chry-

1194 1536 1355 1574 sostomus
1368 1549 1376 1569 z
1402 1536 1663 1579 ,Quemadmodum
1675 1535 1787 1569 divites
1794 1533 1941 1579 sportulas
1953 1536 2078 1568 mittunt

1193 1585 1344 1629 egentibus
1357 1609 1370 1626 ,
1393 1597 1449 1628 quo
1454 1584 1485 1627 fi
1489 1586 1609 1628 quando
1633 1585 1667 1618 o·
1678 1583 1772 1626 ipfiin
1786 1584 1941 1628 egestatem
1969 1585 2081 1620 incide-

1193 1631 1278 1677 rint,
1303 1636 1404 1669 eadem
1414 1634 1628 1679 consequantur
1639 1646 1654 1676 ‚·
1673 1633 1714 1676 fic
1736 1635 1771 1669 Θ
1795 1634 1881 1668 nobis
1906 1634 1945 1676 est
1958 1634 2076 1677 facien-

1193 1685 1282 1720 dum.
1314 1685 1402 1722 Vera
1414 1685 1514 1731 igitur
1527 1685 1681 1720 Romana
1694 1684 1836 1728 sportula
1851 1694 1919 1720 erat
1942 1686 2050 1720 amico
2063 1709 2075 1726 ,

1194 1734 1327 1777 clienti,
1355 1746 1411 1774 aut
1422 1736 1553 1784 pauperi
1566 1736 1698 1775 missum
1713 1733 1900 1770 &convivio
1924 1745 1979 1770 aut
2001 1747 2078 1781 qua-

1194 1784 1242 1823 vis
1256 1786 1366 1820 mensa
1377 1786 1532 1824 ferculare
1550 1785 1677 1821 donum
1686 1804 1698 1821 κ.

1243 1835 1288 1869 Et
1301 1846 1374 1871 mos
1398 1836 1457 1870 iste
1475 1835 1583 1882 viguit
1608 1835 1762 1881 usquead
1776 1834 1967 1871 Christianae
1987 1836 2078 1880 pacis

1193 1893 1356 1929 tempora.
1383 1886 1473 1934 Qa
1497 1883 1590 1923 enim
1610 1888 1710 1922 restas
1733 1888 1804 1921 suas
1825 1897 1902 1921 cum
1924 1886 2078 1930 sportulis

1193 1945 1302 1970 coenas
1319 1936 1406 1973 varia
1424 1935 1642 1976 'idololatr-ica
1668 1936 1895 1982 superstitione
1917 1934 2078 1973 faedabant

1194 1984 1343 2021 Gentiles
1352 2011 1362 2026 ,
1378 1997 1430 2025 eas
1441 1986 1621 2024 Christiani
1636 1987 1847 2032 Imperatores
1857 1987 2075 2032 abrogarunt,

1194 2035 1246 2069 seu
1257 2037 1511 2074 transmutatum
1538 2038 1574 2072 in
1586 2036 1673 2072 dona
1686 2038 1869 2072 nummaria
1882 2062 1893 2078 ‚
1918 2046 2013 2082 atque
2023 2047 2082 2071 ex·

1195 2085 1270 2122 inde
1280 2087 1420 2130 sportula
1431 2088 1495 2122 effe
1505 2088 1590 2132 cepit
1601 2099 1714 2123 aureus
1735 2088 1788 2123 vel
1799 2096 1971 2133 argenteus
1983 2097 2078 2122 num-

1195 2146 1266 2169 mus
1281 2159 1292 2175 ,
1315 2135 1511 2179 quandoque
1524 2138 1633 2178 solus,
1658 2137 1858 2182 quandoque
1877 2136 2000 2172 habens
2020 2136 2079 2173 ad-

1194 2181 1339 2226 junssutn
1347 2194 1422 2219 cum
1430 2183 1575 2218 eburneo
1583 2184 1746 2227 dypticho
1755 2186 2078 2222 canistellumNem-

1194 2231 1233 2276 pe
1253 2231 1459 2268 canistellum
1486 2231 1552 2269 hoc
1564 2232 1799 2268 rememorabat
1809 2234 1978 2277 antiquam
1992 2235 2079 2277 spor-

1194 2279 1316 2314 tulam.
1346 2279 1391 2314 Et
1411 2278 1491 2318 hinc
1515 2280 1551 2317 in
1564 2278 1826 2318 Christianorum
1839 2282 2077 2326 Imperatorum

1193 2327 1321 2374 legibus
1342 2328 1431 2364 nulla
1453 2328 1500 2364 est
1520 2340 1668 2365 verarum
1692 2354 1705 2372 ,
1739 2331 1793 2366 sed
1819 2332 2076 2370 nummariarum

1192 2378 1364 2414 dumtaxat
1377 2380 1590 2424 sportularum
1605 2382 1731 2416 mentio
1742 2406 1751 2413 -
1778 2382 1869 2419 Nam
1880 2383 1911 2416 δε
1925 2383 2074 2419 Romani

1193 2428 1240 2464 illi
1260 2454 1271 2471 ,
1311 2440 1394 2474 quos
1414 2429 1472 2464 sub
1495 2429 1687 2468 Constantii
1710 2431 1854 2476 Imperio
1873 2433 1967 2468 fuisse
1995 2445 2075 2469 cum

1192 2479 1389 2516 solemnium
1401 2480 1612 2523 sportularum
1625 2481 1855 2517 distributione
1878 2483 2072 2518 convivatos

1192 2529 1301 2568 scribit
1326 2528 1522 2567 Ammianus
1547 2530 1786 2573 Marcellinus,
1811 2543 1902 2568 erant
1926 2533 2072 2569 omnino

1192 2579 1358 2613 Gentiles.
1383 2579 1428 2615 Et
1448 2578 1538 2615 hunc
1557 2581 1593 2619 in
1619 2583 1747 2616 sensum
1769 2582 1877 2618 forsan
1901 2584 1999 2618 etiam
2024 2584 2073 2619 lo-

1191 2629 1301 2671 quitur
1320 2630 1461 2664 famosus
1482 2629 1546 2669 lbae
1566 2630 1730 2668 Edesseno
1743 2633 1908 2677 Episcopo
1932 2633 2073 2668 intenta-

1191 2689 1299 2714 torum
1311 2679 1684 2717 criminumindiculus:
1713 2686 1738 2718 A
1760 2685 1893 2727 Paganis
1916 2685 2074 2717 incidenti-

1191 2728 1246 2763 bus
1263 2734 1295 2762 in
1310 2736 1462 2772 peccatum
1467 2729 1675 2774 sacrificiorum
1697 2733 1812 2770 Daniel
1831 2731 1982 2775 Carrenfis
1993 2735 2070 2775 Epi·

1192 2778 1292 2825 scopus
1301 2778 1468 2824 sportulam
1488 2786 1657 2823 accipiens,
1682 2786 1808 2817 remittit
1826 2787 1936 2819 crimen
1949 2806 1960 2823 ,
1986 2794 2070 2826 nego-

1190 2834 1274 2862 tians
1301 2831 1336 2864 &⁸
1357 2828 1423 2864 hinc
1432 2829 1543 2868 (ibimet
1563 2831 1674 2865 lucrum
1677 2829 1821 2875 faciens.
1848 2833 1993 2876 Opipera
2006 2834 2069 2867 for-

1190 2878 1243 2914 san
1257 2878 1376 2914 fercula
1386 2880 1403 2914 ὲ
1416 2879 1602 2916 Gentilium
1623 2881 1787 2916 conviviis
1807 2881 1987 2927 accipiebat
2001 2884 2070 2918 Da-

1191 2928 1274 2964 niel:
1302 2930 1423 2965 Forsan
1445 2930 1515 2965 sola
1538 2929 1627 2966 dona
1650 2931 1832 2968 nummaria
1854 2957 1863 2969 ,
1892 2931 2068 2979 Qidquid

1189 2977 1247 3019 fit,
1272 2978 1474 3024 quodetiam
1486 2980 1573 3024 apud
1590 2979 1795 3017 Christianos
1814 2982 1961 3028 sportulae
1987 2993 2068 3017 tunc

1190 3040 1257 3063 non
1287 3030 1409 3066 fuerint
1438 3032 1567 3075 penitus
1613 3031 1777 3070 exstinttae
1813 3057 1826 3074 ,
1860 3031 2066 3071 demonstrat

1190 3077 1336 3113 laudatus
1360 3079 1588 3123 Chrysostomi
1608 3080 1699 3119 locus
1721 3107 1728 3118 ‚
1755 3081 1807 3118 Hi
1841 3082 1931 3117 enim
1956 3083 2065 3127 ipsas,

1190 3139 1297 3164 verum
1309 3128 1466 3176 simplices
1491 3129 1575 3164 &ab
1587 3132 1680 3166 omni
1693 3130 1904 3170 idololatrico
1923 3132 2061 3168 solemni

1190 3188 1336 3224 purgatas
1350 3205 1361 3221 ,
1386 3189 1592 3226 perrexerunt
1607 3180 1648 3216 ad
1666 3192 1819 3227 pauperes
1840 3183 1970 3217 mittere
1983 3208 1991 3215 .
2017 3182 2063 3219 Et

1189 3228 1266 3263 hinc
1292 3231 1427 3275 antiqua
1455 3231 1497 3266 de
1534 3242 1662 3278 magnae
1687 3231 2062 3281 Constantinopolitanae

1189 3278 1335 3315 Ecclesiae
1367 3281 1584 3327 dignitatibus
1622 3282 1659 3319 ἀ
1689 3282 1806 3318 officiis
1842 3282 1929 3328 apud
1965 3283 2061 3330 Joan-

1187 3339 1262 3363 nem
1274 3328 1441 3368 Marinum
1455 3332 1576 3369 notitia
1587 3332 1726 3368 affirmat
1750 3343 1910 3378 magnum
1923 3331 2061 3370 OEcono·

1187 3389 1277 3413 mum
1299 3382 1422 3423 praeeffe
1441 3381 1598 3419 omnibus
1621 3382 1770 3419 Ecclefiae
1791 3380 2060 3427 possessionibus,

1189 3427 1393 3475 proventibus
1417 3442 1455 3467 ac
1488 3430 1638 3476 sportulis
1660 3457 1668 3468 .
1695 3432 1789 3480 Qin
1814 3432 1850 3469 in
1874 3429 2058 3513 Floreiirini

1859 3478 1967 3516 Conci
1980 3478 2007 3514 ii

2096 1565 2169 1605 Cap.
2182 1569 2210 1598 6.
