2366 3756
93 268 150 299 Fol-
179 276 245 304 371.

91 1143 129 1171 A.
147 1142 230 1177 1336.

93 3120 228 3160 Epfflaz.

935 97 1419 141 DICTA-rus.

262 198 324 224 aut
341 184 508 222 exulatum
528 178 610 217 abiri
633 179 835 219 mandante,
861 176 1153 220 scribitzmagnurn

264 237 371 281 Belgii
394 234 617 269 Chronicon:
646 235 712 264 Una
737 236 866 263 omnium
893 237 958 261 tam
975 231 1154 265 suerum,

263 289 354 331 quam
367 283 584 328 conversorum
610 284 644 316 (9·
658 285 815 315 Laicorum
833 277 898 319 fuit
920 275 1072 318 sententia
1085 301 1095 316 ,
1121 285 1154 308 ut

265 336 430 380 apostolica
442 336 528 369 sedis
549 332 678 376 servata
687 330 853 364 obedientia
869 329 972 369 potius
994 328 1154 360 exalarent

264 389 570 431 &peregrinarentur
585 409 595 424 ,
621 383 711 425 quam
734 388 837 412 contra
859 375 1066 419 conscientiam
1087 385 1156 418 pro-

259 446 331 480 pter
371 437 546 478 temporalia
571 431 772 476 conservanda
796 437 954 471 peccarent
977 451 983 459 .
1024 427 1153 464 Laudat

265 486 554 531 Religiosiffimam
580 480 794 527 Regularium
821 479 1029 513 Clericorum
1065 478 1155 511 Con-

265 537 493 582 gregationern
510 529 858 568 Windeshemensem:
888 528 1054 562 Adfirmat
1077 538 1154 562 cun·

266 589 332 621 {ios
344 586 411 629 ejus
432 585 467 617 in
481 584 566 618 dista
589 581 729 616 Dioecefi
753 580 951 614 Conventus
978 575 1155 621 spontanee

265 637 306 670 ad
330 634 511 670 triennium
530 633 695 672 exnunc,
723 630 758 665 ὅ(
780 640 860 663 tunc
882 639 959 663 cum
981 628 1088 672 gloria
1111 639 1157 662 re·

266 694 405 719 vocatos
429 710 437 716 .
466 684 569 731 Quod
593 679 709 725 nempe
732 678 773 713 ad
803 679 956 714 meliores
977 679 1088 712 sensus
1112 688 1156 711 re-

266 734 351 770 duffl
374 733 573 779 appellantes
596 731 797 776 deponerent
834 739 977 764 errorem
1001 753 1008 761 .
1051 726 1155 775 Qod

269 785 434 830 pendente
446 783 522 819 Lud
529 783 616 818 ovici
627 780 734 825 quarti
747 779 898 814 adversus
920 779 1056 823 joannis
1069 781 1155 822 vige-

266 837 338 871 simi
359 834 490 870 secundi
514 832 688 867 sententias
713 829 933 874 appellatione
954 829 1039 864 istud
1051 828 1156 871 ipsum

267 886 394 920 Fratres
408 883 666 927 Augustinenses
688 882 765 926 paffi
778 881 862 922 sint,
888 879 922 913 &
943 877 962 915 ὲ
983 877 1158 922 septemde-

267 934 335 970 cim
346 932 550 968 Civitatibus
561 932 691 968 exulare
704 956 715 973 ‚
741 930 840 974 quam
860 930 1020 968 Romanae
1043 927 1155 964 Eccle-

267 986 319 1020 fiae
341 984 511 1019 censuram
545 982 577 1017 ὃς
599 981 797 1025 dignitatem
820 979 933 1013 laedere
955 977 1155 1016 maluerint,

267 1031 415 1069 scribunt
450 1034 484 1067 in
507 1030 678 1067 Bertholdi
709 1029 966 1065 Constantienfis
1001 1026 1155 1072 Episcopi

269 1086 338 1119 vita
359 1083 514 1119 Albertus
536 1080 809 1126 Argentinensis‚
837 1079 871 1113 δε
893 1077 1154 1121 supplementum

269 1134 412 1169 Abbatis
424 1132 639 1178 Uspergensis
651 1156 658 1162 .
687 1131 732 1165 Et
744 1130 890 1173 ipsorum
904 1128 1034 1163 sensum
1045 1127 1158 1172 proba-

268 1185 316 1219 vit
338 1184 455 1219 omniS
475 1180 685 1227 postmodum
712 1178 892 1215 Germania
915 1190 923 1210 :
960 1177 1051 1213 Nam
1087 1178 1154 1220 post

268 1234 435 1269 Ludovici
446 1242 587 1268 mortem
599 1231 739 1276 agnovit
759 1239 900 1264 errorem
914 1249 925 1267 ,
948 1228 981 1261 &
1003 1229 1155 1261 omnium

267 1284 511 1321 absolutionem
524 1279 720 1325 supplicavit
733 1277 774 1315 ab
787 1277 979 1324 Apostolica
992 1277 1074 1313 Sede
1085 1302 1097 1318 ‚
1124 1278 1157 1311 &

267 1334 457 1370 solemniter
471 1329 663 1375 impetravit
672 1354 679 1364 .

316 1384 392 1419 Nec
426 1382 559 1418 obstant
593 1382 685 1416 sacrae
709 1377 895 1415 Theodosii
919 1377 1063 1424 Augusti
1100 1388 1157 1421 pro

265 1426 451 1479 appellante
462 1431 620 1467 Nestorio
649 1430 819 1473 Juffiones.
846 1429 948 1478 Qod
961 1429 1051 1467 enim
1072 1426 1160 1462 hunc

266 1483 444 1528 appellatio
475 1481 494 1515 ὲ
514 1480 644 1524 Papalis
670 1479 837 1514 sententias
862 1480 993 1512 incursu
1029 1478 1159 1515 munire

266 1545 338 1569 non
351 1531 516 1578 potuerit,
544 1531 632 1565 lucet
642 1540 683 1563 ex
694 1527 914 1571 synodalibus
932 1527 1071 1570 Joannis
1097 1527 1158 1560 Pa-

264 1583 413 1618 triarchae
430 1579 637 1616 Antiocheni
655 1578 812 1622 adipsum
835 1578 972 1618 litteris,
996 1575 1159 1610 hortanti-

266 1633 327 1666 bus
340 1631 566 1665 instantiffime
578 1630 620 1663 ad
633 1628 861 1663 obedientiam
872 1651 882 1666 ,
909 1626 944 1659 δε
957 1623 1161 1660 concluden-

265 1681 352 1718 tibus
368 1694 375 1713 :
403 1682 470 1713 Haec
480 1703 491 1719 ‚
519 1687 572 1716 rua
577 1678 708 1720 perinde
722 1687 756 1710 ac
763 1681 889 1718 propria
902 1677 981 1709 cordi
994 1674 1136 1709 babentes
1149 1697 1159 1713 ‚

264 1742 379 1766 monere
391 1730 538 1764 voluimus
551 1754 562 1769 ‚
579 1731 649 1769 jam
659 1735 744 1760 tuum
755 1726 791 1765 est
805 1737 889 1768 aequo
902 1737 936 1758 ac
947 1725 1084 1759 benevolo
1095 1725 1159 1757 anl-

266 1794 313 1814 mo
337 1786 448 1814 monita
461 1778 555 1818 nostra
566 1777 739 1819 complebit,
765 1775 821 1818 nisi
824 1774 931 1818 forsan
942 1774 1034 1815 nostri
1060 1780 1158 1808 minus

268 1843 375 1863 amans
386 1836 432 1863 ita
453 1836 642 1870 comparatus
649 1825 688 1868 fis
704 1849 716 1867 ,
742 1834 776 1860 ut
788 1836 853 1859 cum
863 1830 909 1858 tui
935 1825 1159 1867 &Reipublica-

268 1880 448 1920 Christianae
461 1880 575 1912 damno,
583 1876 723 1918 obstinate
734 1875 795 1910 baec
809 1874 964 1920 aspernari
976 1876 1155 1909 decreveris.

265 1931 353 1978 Qis
365 1942 434 1964 non
448 1929 556 1963 videat
567 1928 675 1973 urgeri
689 1926 881 1961 Nestorium
894 1949 908 1966 ‚
918 1934 954 1963 ut
965 1923 1156 1962 obedientia

267 1979 646 2015 excommunicationem
671 1975 842 2020 praeveniat
879 1988 916 2011 ac
951 1975 1157 2021 degradatio·

267 2031 376 2065 nem?
414 2028 544 2063 Verum
574 2025 714 2062 salubria
740 2025 923 2061 amiciffimi
960 2025 1157 2061 Patriarchae

267 2079 400 2117 consilia
414 2080 527 2123 sprevit
542 2103 553 2119 ,
578 2076 792 2121 aPelagianis
808 2076 1046 2119 Ex-Episcopis
1068 2076 1155 2109 sedu-

266 2132 339 2165 ssus,
357 2130 402 2163 est
423 2129 464 2163 ad
488 2128 597 2162 turbas
622 2127 794 2160 conversus
821 2148 834 2164 ,
876 2125 911 2157 δε
933 2124 1154 2166 improvidum

267 2180 457 2221 Principem
469 2178 503 2210 in
517 2177 655 2220 ipsarum
667 2173 888 2217 patrocinium
898 2173 1154 2215 circumscripsit.

268 2229 376 2261 Santsti
400 2226 519 2269 Cyrilli
545 2226 683 2259 Patruus
709 2224 743 2258 δ(
768 2224 801 2256 in
826 2221 1054 2257 Alexandrino
1079 2222 1155 2266 Epi-

269 2279 402 2320 scopatu
429 2276 623 2310 Anteceffor
645 2271 859 2316 Theophilus
882 2274 1035 2307 Sanftum
1058 2272 1153 2315 Joan-

267 2338 345 2361 nem
369 2324 645 2367 Chrysostomum
664 2334 732 2357 non
751 2324 796 2357 ita
821 2323 947 2366 pridem
961 2322 1152 2357 incrustarat

268 2376 358 2411 duris
378 2374 574 2416 calumniis,
599 2375 634 2409 &
658 2372 782 2408 throno
805 2372 965 2406 violenter
993 2373 1127 2415 ejecerat
1142 2398 1149 2405 .

269 2426 322 2460 Ex
336 2425 395 2459 hac
406 2427 481 2460 ansa
494 2423 642 2468 Principi-
653 2423 802 2467 persuasit
815 2421 986 2456 Nestorius
1008 2421 1150 2457 Alexan-

269 2476 438 2510 drinorum
452 2476 690 2519 Episcoporum
712 2472 747 2507 in
761 2472 1151 2515 Constantinopolitanos

267 2525 384 2559 odium
406 2527 468 2560 effe
489 2525 661 2569 antiquum
675 2547 687 2563 ,
712 2522 879 2566 Cyrillum
898 2521 1015 2557 haerere
1038 2521 1150 2556 Patrui

269 2575 413 2619 vestigiis
435 2599 446 2614 ‚
483 2577 545 2608 esse
566 2572 733 2608 turbidum
757 2572 962 2617 AEgyptium
985 2596 996 2612 ‚
1021 2570 1152 2615 Apolli·

268 2625 352 2661 narii
376 2624 463 2668 lepra
485 2624 640 2658 infestum
663 2646 678 2663 ‚
717 2622 866 2657 Ecclefiae
892 2634 929 2657 ac
950 2620 1150 2665 Reipublicae

268 2675 523 2718 inquietatorem
543 2698 555 2715 ,
592 2683 691 2717 atque
714 2673 757 2706 ita
778 2684 847 2707 non
871 2672 979 2707 solum
1001 2672 1148 2716 suspendi

268 2724 427 2767 Papalem
438 2723 630 2759 sententiam
641 2723 845 2767 impetravit,
872 2722 926 2757 sed
952 2723 1149 2766 &concepit

270 2775 379 2817 spem,
408 2774 450 2807 de
470 2786 532 2816 qua
552 2774 588 2808 in
619 2773 734 2808 litteris
755 2772 795 2806 ad
809 2772 1148 2816 Constantinopolita-

270 2835 352 2858 num
365 2824 499 2858 Clerum
511 2834 704 2858 memoratus
716 2822 860 2866 Cyrillus
873 2834 880 2854 :
907 2826 1015 2864 Neque
1045 2832 1146 2857 tamen

270 2872 358 2916 miser
370 2874 421 2906 ille
434 2898 445 2914 ,
469 2873 537 2907 licet
548 2875 707 2914 complures
737 2875 887 2916 &graves
901 2877 962 2906 viri
982 2874 1046 2913 ejas
1058 2881 1146 2915 opera

266 2922 383 2966 fidum
395 2947 405 2963 ,
418 2935 470 2956 nos
483 2922 643 2962 accusaturi
656 2924 741 2966 essent
755 2947 765 2963 ,
779 2935 875 2957 rerum
886 2923 1046 2963 nostrarum
1050 2926 1081 2968 J
1083 2925 1145 2956 udi-

269 2984 330 3006 cem
343 2973 413 3014 fore
428 2972 461 3015 se
468 2971 589 3016 speret,
615 2978 753 3015 quamvis
761 2976 831 3015 jure
847 2973 1080 3016 Amphictyonum
1096 2973 1146 3006 hoc

263 3021 319 3065 fibi
331 3024 509 3056 demandari
513 3022 630 3063 faciat.
661 3026 726 3055 Noe
747 3030 826 3057 enim
850 3024 917 3064 ist'uc
932 3029 1082 3057 venientes
1107 3022 1146 3056 ab

268 3074 334 3113 ejus
338 3073 453 3112 ‚iudicio
457 3072 687 3113 provocabimus
697 3096 708 3112 ,
718 3072 750 3109 (fit
763 3073 824 3117 ipse
836 3073 943 3117 defuis
955 3071 1145 3116 blasphemiis

266 3128 300 3156 in
315 3122 428 3162 judicio
450 3120 621 3164 respondere
643 3130 776 3166 cogetur.
804 3124 916 3158 Exstat
941 3124 1085 3167 Epistola
1109 3125 1143 3157 in

267 3172 372 3217 prima
384 3180 472 3215 parte
484 3171 636 3214 Ephefini
649 3172 794 3206 Concilii
806 3197 814 3204 .
841 3174 992 3217 Sperabat
1003 3184 1040 3208 ac
1052 3174 1144 3217 jaeta-

268 3222 325 3257 bat
336 3232 435 3256 caecus
447 3221 619 3255 Nestorius
638 3222 687 3262 se,
714 3222 789 3256 licet
798 3221 864 3264 jam
874 3225 1064 3259 damnatum
1077 3224 1144 3258 Ro-

266 3284 329 3307 mae
349 3283 387 3306 ac
407 3271 642 3316 appellantem,
671 3271 809 3314 Synodo
831 3273 1059 3309 interfuturum
1074 3285 1142 3308 non

268 3321 439 3357 dumtaxat
461 3322 509 3356 uti
531 3321 696 3365 integrum
721 3322 939 3367 Episcopum,
966 3325 1020 3360 sed
1043 3325 1142 3358 etiam

269 3372 415 3415 Iudicem
452 3383 490 3411 ac
525 3370 691 3407 Praefidem
728 3371 972 3411 dominaturum
1000 3401 1008 3409 .

371 3420 662 3467 christ.Lupioper.
675 3423 790 3456 TomV.

1045 3374 1142 3412 Adeo

1935 108 2030 156 257

1196 176 1378 219 'Principis
1388 175 1587 220 simplicitati
1610 174 1788 211 illudebat.
1819 177 1862 211 Et
1875 175 2106 222 Theodosium,

1216 228 1310 261 sacris
1321 227 1583 269 suisjussionibus
1607 227 1970 275 frequenter-impegisse
1992 228 2027 260 in
2041 229 2103 262 Ca-

1197 276 1198 291 ³
1218 289 1321 311 nones
1335 302 1345 317 ‚
1371 278 1550 312 ostendunt
1563 277 1654 322 plura
1666 277 1735 321 ejus
1747 278 1919 320 Rescripta
1931 277 1971 311 ad
1985 276 2104 312 lacera·

1197 320 1200 328 ’
1218 339 1283 361 tam
1295 328 1313 360 a
1327 328 1452 370 Joanne
1464 327 1683 362 Antiocheno
1696 326 1889 370 Ephesmam
1904 327 2098 371 synodum3

1196 381 1200 421 l
1219 379 1388 421 praesertim
1403 378 1584 420 Rescripta,
1596 378 1714 420 quibus
1727 379 1760 411 ὅ(
1773 376 1881 421 postea
1892 377 2103 415 confirmavit

1196 431 1200 477 1
1218 428 1301 461 Asta
1316 427 1465 470 Ephefini
1480 427 1645 461 latrocinii
1659 452 1665 459 .
1695 428 1805 461 Etiam
1820 439 1920 471 nuper
1931 427 1972 461 ab
1984 423 2102 463 Attico

1196 479 1200 540 ἰ
1219 476 1597 520 Constantinopolitano
1612 477 1777 519 Episcopo
1787 478 2103 513 circumductusom-

1219 538 1277 560 nes
1300 527 1482 561 Orientalis
1505 525 1629 570 Illyrici
1640 525 1833 561 Provincias
1855 527 2103 563 &patriarchica

1219 575 1552 614 RomaniPontificis
1573 589 1648 612 cura
1661 586 1775 612 contra
1797 577 2026 619 Apostolicum
2039 578 2102 614 Ca-

1220 637 1343 660 nonern
1352 627 1590 673 transcripserat
1614 627 1648 660 in
1661 627 1852 670 potestatem
1863 627 2102 663 Constantino-

1219 676 1373 720 politanae
1383 674 1556 712 Cathedrae
1574 702 1584 717 ‚
1609 678 1764 721 atqueita
1778 678 1942 711 violentiae
1953 677 2038 711 viam
2048 677 2102 712 de-

1220 727 1455 761 monstraverat
1469 726 1574 761 Leoni
1588 727 1713 760 Isauro·
1747 727 1791 761 Et
1803 729 1933 762 secundi
1948 727 2101 772 Ephefini

1220 775 1369 812 Concilii
1392 777 1585 819 praefidentia
1609 776 1789 821 postmodo,
1803 777 1938 820 privavit
1949 780 2101 812 Sannum

1219 827 1368 861 Leonem
1379 826 1598 868 Pontificem,
1627 827 1904 871 ipsamvtranstulit
1916 829 1948 860 in
1964 827 2104 862 Diosco-

1220 887 1291 923 rum
1314 878 1523 915 Alexandriae
1547 875 1770 912 Patriarcham
1797 901 1808 918 ,
1835 887 1931 922 atque
1952 877 1997 911 ita
2020 877 2103 912 bene

1219 937 1419 971 conceptum
1437 929 1650 965 Conventum
1666 928 1890 963 transmutavit
1915 927 1948 960 in
1972 926 2105 970 acepha-

1220 976 1288 1011 lam
1302 978 1546 1013 latrocinalium
1558 978 1754 1021 locustarum
1766 978 1989 1023 Synagogam.
2002 978 2107 1011 Nem-

1220 1025 1259 1070 pe
1269 1027 1637 1072 jure-„Amphictyonum
1649 1053 1656 1061 .
1684 1028 1849 1073 Insignem
1863 1028 1904 1063 de
1929 1029 2023 1063 sacris
2036 1027 2106 1062 Ro«

1221 1087 1392 1116 manorum
1405 1077 1595 1122 Principum
1612 1078 1805 1122 juffionibus
1819 1078 1982 1124 Regulam
2007 1079 2105 1112 refert

1224 1128 1257 1160 in
1291 1127 1407 1161 litteris
1429 1128 1480 1162 vad
1505 1129 1703 1164 Anatolium
1727 1128 2108 1172 Constantinopolitanae

1225 1176 1589 1215 Ecclesiae-Diaconum
1616 1177 1762 1222 Magnus
1786 1179 1988 1224 Gregorius:
2017 1179 2112 1222 ‚Quod
2128 1170 2187 1221 hb:
2214 1175 2243 1207 9ss

1224 1230 1365 1268 Princeps
1381 1226 1518 1268 -fecerit·‚
1538 1227 1569 1270 fi
1585 1233 1775 1273 eanonicam>
1788 1228 1830 1268 est
1853 1252 1864 1269 ‚
1885 1227 2033 1271 sequimur
2053 1241 2064 1270 ς
2087 1227 2114 1269 [ἱ
2131 1209 2265 1252 ¹¹²?'st'4h

1222 1280 1292 1313 verr>
1319 1280 1506 1311 canonicum
1530 1290 1588 1311 non
1607 1279 1666 1317 est,
1692 1284 1725 1311 in
1750 1285 1899 1320 quantum
1907 1277 1970 1320 fine
1992 1285 2110 1320 peccata

1223 1326 1312 1367 nostro
1338 1330 1473 1363 valemus
1498 1353 1509 1369 ‚
1531 1336 1712 1369 portamus.
1740 1327 1891 1372 Aliquod
1913 1328 2109 1372 dispensato-

1222 1378 1307 1411 rium
1328 1377 1447 1415 vulnus
1471 1377 1611 1412 malebat
1645 1377 1754 1422 infligi
1769 1376 1985 1419 Canonibus,
2011 1389 2110 1423 quam

1222 1429 1306 1461 inter
1321 1427 1546 1465 Sacerdotium
1567 1428 1601 1461 δε
1619 1427 1795 1470 Imperium
1811 1427 1998 1462 vdiscordias
2017 1428 2109 1464 semi-

1224 1478 1315 1510 nari.
1345 1477 1436 1511 Hinc
1447 1478 1526 1520 ergo
1550 1478 1727 1522 &Sanctus
1739 1475 1929 1512 Caelestinus
1954 1480 2044 1513 suam
2065 1479 2110 1513 de

1223 1522 1378 1559 Nestorio
1400 1527 1595 1560 sententiam
1619 1526 1768 1570 suspendi
1792 1527 1932 1570 permisit
1956 1526 2111 1571 usquead

1222 1572 1421 1617 Ephesmum
1437 1576 1836 1618 Conciliumsautcerte
1857 1576 1998 1611 differri.
2026 1578 2112 1612 lute-

1221 1625 1282 1659 rim
1292 1626 1470 1664 calumniis
1479 1628 1618 1670 pressum
1646 1627 1681 1661 δε
1699 1625 1740 1661 ad
1754 1626 1889 1670 injurias
1912 1626 2112 1671 postulatum

1221 1677 1374 1710 Sannum
1388 1676 1555 1719 Cyrillum
1567 1675 1658 1711 dedit
1670 1676 1840 1711 Praesidem
1859 1702 1870 1718 ,
1879 1679 1988 1714 multo
1999 1686 2111 1714 autem

1221 1725 1374 1770 superbiae
1386 1737 1486 1761 vento
1498 1726 1652 1761 inflatum
1665 1727 1856 1761 Nestorium
1877 1728 1927 1762 uti
1945 1739 2036 1763 reum
2049 1728 2111 1772 jus}-

1220 1776 1257 1810 sit
1267 1787 1439 1819 apparere.
1466 1777 1515 1812 Ita
1527 1776 1757 1821 dispensatorie
1767 1778 1940 1813 toleratam
1970 1779 2032 1813 suae
2043 1780 2111 1813 sen·

1220 1827 1332 1861 tentiae
1340 1827 1491 1871 injuriam
1526 1827 1653 1862 abunde
1663 1829 1886 1873 compensavit
1897 1855 1905 1862 .

1268 1876 1380 1921 Hujus
1391 1879 1436 1913 rei
1449 1879 1613 1917 rationem
1627 1880 1764 1923 exponit
1776 1879 1811 1912 in
1837 1879 1978 1923 superius
2000 1880 2111 1916 lauda-

1218 1934 1250 1961 ta
1274 1926 1316 1960 ad
1341 1929 1590 1964 Donatistarum
1604 1929 1779 1965 Antistites
1803 1930 1949 1974 Epistola
1972 1933 2108 1966 Sanstus

1218 1976 1424 2025 Augustinus
1442 2002 1453 2018 ,
1477 1981 1659 2024 generatim
1682 1980 1826 2014 scribens>
1843 1980 1885 2014 de
1909 1982 2107 2026 interpositis

1216 2027 1234 2060 a
1262 2027 1410 2062 Romani
1436 2029 1590 2073 Episcopi
1628 2030 1754 2074 judicio
1775 2031 1816 2065 ad
1838 2032 2026 2076 generalem
2049 2034 2109 2077 Sy-

1216 2074 1344 2109 nodum
1359 2079 1673 2119 provocationibus:
1701 2080 1840 2120 Restabat
1848 2083 2020 2123 plenarium
2041 2088 2109 2117 uni·
2126 2097 2280 2136 Epist-162:

1215 2122 1309 2165 versae
1324 2125 1458 2166 Ecclesia·
1472 2130 1652 2167 Concilium,
1682 2129 1735 2161 ubi
1744 2135 1837 2162 eriam
1848 2142 1914 2164 cum
1925 2133 1994 2173 ipsis
2003 2137 2037 2177 J
2039 2136 2106 2167 udi-

1213 2173 1296 2206 cibus
1319 2173 1408 2217 causa
1425 2175 1514 2217 paffet
1535 2181 1665 2219 agitari.
1693 2177 1806 2224 Quare
1830 2179 2008 2222 appellatio
2031 2194 2104 2219 non

1215 2223 1364 2258 demutat
1385 2224 1582 2259 Pontificem
1612 2226 1645 2260 in
1670 2238 1761 2261 reum
1787 2238 1844 2263 aut
1856 2232 2102 2275 accusatorem,

1215 2273 1271 2307 sed
1284 2273 1427 2307 omnino
1441 2275 1596 2318 relinquit
1610 2276 1739 2319 Judices
1753 2300 1764 2316 ‚
1787 2278 1822 2311 ec
1834 2279 1967 2321 quidem
1979 2281 2035 2325 qui
2046 2294 2101 2327 ap·-

1216 2322 1369 2366 pellatam
1393 2324 1565 2366 synodum
1587 2324 1702 2360 debeat
1723 2327 1865 2373 gratiose
1894 2332 2100 2374 concedere,

1215 2373 1276 2416 ipfi
1302 2373 1464 2417 praefidere
1487 2398 1498 2414 ,
1525 2376 1641 2409 referre
1661 2377 1856 2420 appellatam
1879 2383 2006 2415 causam
2020 2406 2031 2423 ‚
2056 2383 2101 2417 de

1215 2423 1224 2458 i
1262 2435 1279 2457 a
1292 2424 1399 2458 dicere
1417 2435 1491 2458 cum
1514 2426 1722 2470 praerogativa
1734 2428 1921 2473 suffragium
1935 2455 1946 2470 ,
1972 2432 2006 2465 ὃς
2026 2444 2097 2467 om-

1215 2474 1269 2508 nia
1278 2472 1359 2508 Asta
1372 2474 1509 2518 probare
1534 2476 1567 2509 ἀ
1589 2477 1783 2512 confirmare
1795 2504 1802 2511 .
1830 2478 1878 2513 Ita
1894 2482 2014 2516 fastum
2030 2483 2095 2517 fuit

1215 2523 1350 2558 Arelate
1368 2548 1379 2564 ,
1406 2524 1440 2558 δε
1463 2524 1605 2560 Sardicae-
1620 2551 1632 2567 ‚
1670 2526 1786 2571 Ephesi
1810 2554 1822 2570 ,
1850 2529 2063 2567 Chalcedone
2083 2557 2094 2573 ,

1212 2574 1245 2607 &
1270 2574 1303 2608 in
1325 2575 1417 2609 omni
1440 2574 1577 2618 Synodo
1597 2587 1668 2621 quae
1689 2578 1864 2623 appellatas
1880 2583 1989 2616 causas
2001 2592 2096 2618 retra-

1212 2624 1328 2658 stavit.
1357 2625 1401 2659 Et
1424 2624 1583 2668 Ephesini
1608 2627 1774 2663 latrocinii
1797 2631 1939 2673 palmare
1966 2633 2094 2668 facinus

1210 2673 1294 2715 fuit,
1320 2674 1409 2718 quod
1431 2676 1539 2710 Sancti
1562 2677 1708 2719 Leonis,
1735 2688 1903 2724 tamquam
1926 2681 1968 2716 ab
1990 2682 2094 2726 Euty-

1209 2723 1303 2759 chete
1314 2724 1354 2759 ad
1366 2725 1550 2770 generalem
1563 2726 1736 2769 Synodum
1750 2731 1917 2773 provocati
1930 2755 1940 2771 ,
1952 2732 2093 2777 ideoque

1209 2775 1345 2818 suspensi
1359 2775 1501 2819 Judicis,
1529 2777 1674 2821 Legatos
1697 2780 1869 2814 excluserit
1889 2782 1907 2815 a
1920 2781 2093 2817 Praefiden-

1208 2825 1252 2858 tia
1265 2849 1276 2865 ,
1301 2825 1446 2869 &ipsam
1458 2826 1612 2861 detulerit
1625 2828 1788 2864 Dioscoro
1800 2830 1992 2865 Patriarchae
2013 2832 2091 2867 Ale·

1207 2874 1370 2910 xandrino
1384 2901 1391 2908 .
1419 2876 1463 2910 Et
1475 2875 1559 2911 hanc
1571 2878 1629 2911 suae
1643 2878 1725 2913 sedis
1735 2880 1888 2922 injuriam
1910 2881 1996 2916 adeo
2021 2884 2091 2918 sen-

1207 2925 1244 2958 fit
1256 2925 1401 2971 Magnus
1412 2927 1484 2961 Leo
1495 2951 1506 2967 ,
1533 2936 1569 2962 ut
1593 2928 1693 2971 ipsam
1705 2940 1782 2964 ante
1804 2941 1938 2965 omnem
1952 2930 2088 2967 Chalce-

1206 2975 1357 3011 donensis
1375 2977 1503 3020 Synodi
1528 2978 1707 3022 ingressum
1725 2980 1847 3022 jusserit
1869 2992 1924 3023 per
1941 2981 2086 3025 Legatos

1206 3025 1384 3068 plenissime
1397 3028 1534 3071 reparari
1554 3052 1560 3059 .
1590 3028 1690 3062 Recte
1700 3029 1792 3062 enim
1814 3029 1848 3062 in
1863 3031 2023 3073 opusculo
2044 3032 2087 3067 de

1207 3075 1430 3110 Ecclesiastica
1453 3077 1610 3121 potestate
1633 3075 1752 3120 scripsit
1770 3080 1912 3122 Joannes
1935 3080 2083 3116 Gerson:

1206 3125 1384 3168 ,Quaereresi‘
1392 3128 1518 3168 papalis
1528 3127 1688 3161 auc‘loritas
1702 3127 1743 3170 fit
1754 3131 1849 3170 major
1866 3132 1957 3172 quam
1981 3132 2084 3164 Eccle-

1202 3174 1243 3215 sia
1254 3199 1264 3215 ,
1291 3177 1342 3209 vel
1350 3176 1510 3220 e'converfh
1526 3202 1535 3216 ‚
1561 3179 1638 3210 redit
1652 3184 1684 3211 in
1696 3180 1775 3211 idem
1786 3203 1797 3220 ‚
1823 3191 1858 3213 ac
1872 3179 1903 3220 fi
1906 3187 2057 3221 peteretur
2069 3203 2084 3222 ‚

1205 3229 1314 3258 Nonne
1325 3233 1417 3258 totum
1426 3226 1463 3266 est
1474 3230 1574 3268 majus
1583 3225 1642 3270 sua
1647 3236 1738 3270 parte
1747 3253 1758 3269 ‚
1783 3231 1836 3263 vel
1838 3237 1915 3270 pars
1930 3234 2022 3263 minor
2027 3228 2083 3272 suo

1204 3276 1284 3307 toto?
1313 3277 1443 3310 Proinde
1447 3275 1602 3319 sequitur,
1627 3279 1706 3320 quod
1721 3278 1751 3320 fi
1763 3280 1902 3322 generale
1917 3281 2080 3312 Concilium

1204 3323 1394 3367 repraesentet
1426 3325 1622 3370 universalem
1655 3327 1811 3369 Ecclefiam
1843 3327 2013 3371 sufficienter
2046 3331 2082 3363 ὁ*

1206 3376 1320 3419 integre*
1327 3400 1340 3418 ,
1351 3377 1448 3421 necesse
1459 3377 1496 3418 est
1507 3387 1540 3412 ut
1550 3379 1901 3458 includaqsauc‘loritatem
1912 3379 2060 3470 ΡαὙΙενη
2067 3401 2080 3422 ,

1756 3438 1775 3477 3
1985 3439 2034 3463 ive
