2366 3756
342 148 901 206 136N1coLA1
972 146 1371 209 Secu-nni
1441 149 2001 201 PoNT1F1c1s‘

266 234 301 265 6
324 232 453 265 Praelati
478 231 511 263 (9*
527 230 581 261 alit·
596 226 783 269 Ecclefiastici
801 227 877 269 sunt
891 230 1034 260 Canontct
1057 229 1159 262 Admi-

266 281 445 322 nistratores
470 303 481 318 ,
507 279 552 311 ad
577 277 677 320 instar
701 286 829 310 tutorum
849 301 857 308 .
896 274 1070 324 Qidquid
1097 278 1156 319 fit,

1220 231 1440 263 conventuales
1451 230 1584 273 Ecclefiae
1588 232 1615 277 s
1611 242 1665 269 unt
1681 240 1776 268 intua
1789 236 2075 277 Di'oecest'constitutae
2087 263 2098 279 ‚

1219 291 1348 322 quarum
1371 290 1498 325 utraque
1521 284 1725 318 parochialem
1747 282 1837 318 babet
1861 287 2015 329 Ecclesiam
2035 300 2102 323 cum

267 332 409 374 ipsorum
437 339 499 363 nec
510 328 701 363 dominium
716 350 728 366 ,
756 338 818 360 nec
829 326 979 371 posscffio
991 350 1001 366 ‚
1027 339 1088 363 nec
1100 327 1156 364 ad·
1212 329 1423 374 poffitffiontbus
1434 355 1445 371 ,
1470 339 1566 377 magis
1578 336 1667 371 alteri
1680 336 1770 378 quam
1778 332 1833 374 fibi
1856 342 2007 373 vicinam.
2035 342 2101 375 Illis

264 378 461 415 ministratio
487 379 581 422 poffit
611 378 673 412 effe
694 377 781 419 apud
794 377 932 413 Laicos.
959 378 1054 413 Hinc
1075 388 1155 424 ergo

264 428 472 464 Parochiales
496 439 572 462 cum
596 427 660 461 suis
681 427 894 470 proventibus
907 427 1066 463 Ecclefias
1094 440 1155 464 nec

264 479 476 514 Monasteriis
503 489 563 514 nec
589 476 754 521 Capitulis
774 478 891 513 donari
913 479 930 512 ὲ
956 480 1065 514 Laicis
1091 490 1155 523 per·

263 530 369 564 mittit
384 529 546 568 Ecclefia,
574 527 633 561 nifi
645 528 686 563 de
697 529 818 571 proprii
841 528 997 575 Episcopi
1021 531 1156 566 consens

262 580 314 614 su.
347 579 536 614 Istiusmodi
552 579 652 612 etiam
663 578 802 613 donatio
814 579 859 612 est
884 581 1028 615 omnino
1040 592 1154 617 contra

263 630 437 664 Canones:
466 631 596 664 Omnes
620 629 710 662 enim
736 629 810 662 'istas
834 630 991 665 Ecclefias
1014 630 1054 663 ad
1078 632 1152 674 Epi·

261 680 350 724 scopi
366 690 502 714 manum
516 678 621 713 lucide
634 679 707 723 figit
720 679 854 715 Parrum
865 680 1038 724 disciplina
1051 706 1058 713 .
1089 682 1152 715 Eas

260 740 371 764 tamen
399 731 442 764 ita
467 730 603 767 alienari
626 729 767 771 maluit,
794 731 891 777 quam
914 730 948 766 in
975 732 1152 767 Laicorurn

260 781 414 815 servitute
437 791 624 825 permanere
646 806 652 817 ,
691 779 783 815 Hinc
815 781 987 824 Episcopis
1011 783 1153 825 permisit

262 829 347 866 hanc
370 833 580 876 potestatem,
608 831 735 867 Verum
764 843 825 866 nec
848 832 866 866 a
888 832 1020 873 Laicis,
1047 844 1109 866 nec
1134 832 1152 869 ὲ

259 881 399 917 Clericis
425 894 482 918 aut
495 881 674 921 Monachis
687 882 786 918 vendi
800 883 906 920 voluit
920 894 966 917 res
992 885 1150 922 sacrosan-

259 933 322 965 &as
344 957 351 965 .
391 934 488 971 Licet
512 946 578 969 non
606 934 816 969 Simoniacus
838 959 849 973 ‚
890 935 995 973 foedus
1019 934 1064 968 est
1093 935 1152 969 iste

257 982 414 1025 quaestus,
441 985 583 1029 ideoque
609 985 644 1018 δε
671 985 813 1018 vendens
840 985 873 1019 ὅ(
892 996 1005 1021 emens
1033 985 1150 1021 merito

256 1033 470 1068 mulctantur.
497 1034 564 1068 Sub
587 1034 688 1068 titulo
711 1035 751 1068 de
771 1046 876 1073 rerum
905 1036 1148 1078 permutatione

254 1085 355 1118 exstat
383 1085 565 1120 Clementis
589 1084 853 1119 tertiifamosum
880 1086 921 1118 de
945 1085 1008 1119 hac
1036 1098 1068 1118 re
1083 1087 1149 1119 Re-

1217 389 1316 413 autem
1341 391 1393 413 eas
1416 381 1650 424 dfflderantibus
1666 392 1844 428 permutare
1860 408 1871 425 ,
1895 395 1958 419 cum
1979 387 2101 425 illarum

1216 432 1315 463 altera
1335 431 1467 472 respecflu
1489 434 1638 471 meliorum
1646 442 1852 478 proventuum
1865 436 1935 477 plus
1945 437 2101 481 abundet,

1200 483 1249 540 l&
1272 482 1336 513 ideo
1359 481 1410 520 fibi
1433 483 1660 529 postuletadjict
1684 494 1795 523 certam
1809 484 2102 531 summampecuniae·

1199 541 1202 607 j
1215 541 1381 567 numeratae
1394 556 1404 572 ,
1429 533 1508 580 utfic
1520 537 1566 569 ad
1573 538 1780 580 aqualitatem
1787 545 2024 579 permutationes
2047 549 2101 576 vad

1199 583 1482 623 ,lantper-venire.
1509 587 1614 622 Utricm
1624 589 1705 630 pofflt
1727 588 1763 623 td
1772 590 1851 625 licite
1867 588 1935 631 fieri
1953 615 1963 629 ,
1988 590 2101 630 exstitit

1198 630 1401 686 {dubitatunu
1428 633 1650 678 Respondemus
1663 640 1745 681 quod
1753 639 1818 671 ct'cm
1843 640 1880 672 de
1897 641 1986 673 dietis
2008 643 2099 677 Paro-
2112 623 2185 657 C⁸⁶'

1198 682 1356 732 {chialibus
1369 687 1398 716 E
1399 684 1501 727 cclest‘t's
1509 685 1602 731 perse
1613 699 1701 731 queat
1720 696 1904 724 commutatio
1934 691 2075 727 celebrari
2083 718 2095 734 ,

1197 733 1288 788 jesa-tn
1296 741 1513 774 permutatione
1520 738 1708 780 poffeffionum
1728 751 1786 772 non
1801 738 1840 780 sit
1865 739 2025 776 inhibitum
2039 767 2050 783 ,
2070 742 2100 784 fi

1212 784 1308 818 altera
1318 791 1433 819 ratione
1449 787 1640 830 posJeffionum
1657 791 1742 825 alteri
1759 791 1989 832 praeponderet,
2011 800 2098 833 pecu-

1213 839 1294 866 niam
1307 836 1382 880 posse
1394 836 1517 878 refundi
1532 839 1568 872 de
1585 838 1716 883 ipsarum
1723 840 1930 886 ptffefflom'bus
1952 843 1996 874 ad
2015 847 2097 876 invi-

1209 895 1272 921 cem
1283 909 1293 924 ‚
1314 896 1405 928 prout
1417 887 1515 931 visum
1521 888 1621 932 fuerit
1632 895 1775 934 expedm
1789 916 1799 931 ‚
1825 889 1926 933 refusa
1945 900 2027 924 certa
2045 900 2097 934 pe-

1209 942 1302 969 cuniae
1324 946 1496 979 quantitate
1510 964 1521 980 ‚
1546 946 1658 983 poterit
1682 942 1846 978 contractus
1863 948 2095 984 permutationis

1208 991 1278 1019 im'rs'
1290 1012 1301 1026 ‚
1320 987 1360 1030 stc
1371 998 1472 1022 tamen
1484 994 1564 1033 quod
1587 994 1632 1029 illi
1642 993 1810 1028 contradus
1832 1004 2021 1035 nequaquam
2037 992 2094 1034 fibi

1208 1042 1337 1071 invicem
1359 1038 1535 1082 misceantur
1557 1067 1564 1074 .
1604 1041 1747 1077 Videtur
1779 1041 1863 1076 mihi
1888 1043 2094 1085 Rescriptum

1210 1087 1273 1121 hoc
1286 1089 1303 1121 a
1317 1089 1417 1122 nostri
1432 1091 1581 1124 Canonis
1599 1092 1705 1136 rigore
1715 1093 1900 1132 discedere,
1926 1094 1961 1126 <Sc
1985 1093 2094 1136 ipsum

255 1134 429 1178 scriptum,
458 1136 667 1174 Intelleximus
678 1146 716 1172 en
729 1135 840 1171 litteris
861 1142 944 1177 tuis,
973 1138 1054 1184 quod
1075 1137 1144 1174 ‚dua-
1207 1136 1391 1181 dispensare
1411 1163 1422 1184 ‚
1449 1150 1506 1173 aut
1517 1140 1966 1188 certeinfignitermitigare,

542 1347 618 1431 e
738 1348 1249 1441 ANO
1370 1350 1467 1436 N
1697 1311 1856 1442 Vq

391 1531 688 1582 Onfirmamus
723 1532 887 1590 etiam,
924 1546 973 1583 ut
1009 1549 1100 1580 non
1136 1533 1215 1585 nifi
1252 1535 1298 1586 in
1333 1538 1457 1588 unius
1493 1537 1710 1585 Civitatis
1735 1538 1939 1589 Ecclefiis
1974 1539 2091 1605 quis-

423 1620 557 1670 quam
609 1600 774 1650 amodo
829 1599 1015 1667 aliquod
1051 1603 1271 1653 Cler-icale
1321 1605 1513 1657 officium
1547 1609 1737 1678 accipiat
1771 1643 1785 1659 .
1834 1607 1974 1684 Qod
2007 1612 2088 1680 qui

246 1677 556 1744 praevaricatus
594 1671 725 1723 fuerit
759 1708 773 1736 ,
810 1673 1040 1723 canonica
1074 1673 1243 1726 ultione
1278 1673 1456 1729 feriatur
1480 1712 1493 1727 .
1983 1738 1985 1740 v

1169 1839 1172 1842 >
1207 1815 1343 1857 Plerique
1363 1814 1436 1859 fiant
1461 1820 1582 1860 quinon
1603 1819 1702 1853 dicam
1713 1823 1904 1860 animarum,
1933 1817 2085 1860 dequibus
2103 1821 2136 1852 C·
2151 1832 2178 1854 1·

1204 1863 1379 1907 respondere
1391 1877 1529 1903 tenentur
1543 1873 1575 1902 in
1589 1870 1638 1900 die
1653 1869 1800 1902 tremendi
1804 1870 1823 1908 j
1829 1869 1919 1902 udictt
1931 1891 1940 1906 ,
1963 1866 2020 1911 sed
2027 1875 2084 1902 vix

1204 1915 1398 1958 Ecclefiarum
1424 1918 1549 1962 suarum
1569 1930 1720 1954 numerum
1732 1926 1943 1961 cognoverunt.
1969 1921 2085 1961 Adjun-

1197 1975 1276 2009 gunt
1298 1967 1455 2010 Ecclefiam
1475 1969 1607 2010 Ecclefiae
1620 1993 1631 2008 ,
1660 1968 1862 2004 Praebendam
1886 1963 2084 2009 Praebendae'‚

1202 2017 1320 2051 domum
1332 2019 1453 2058 domui,
1483 2031 1587 2062 agrum
1598 2030 1668 2062 agro
1677 2043 1684 2052 .
1713 2018 1756 2051 Et
1768 2018 1890 2053 malum
1902 2018 1991 2062 quod
2006 2019 2084 2053 sem·

1203 2076 1258 2107 per
1277 2066 1451 2102 damnatur
1474 2069 1508 2101 in
1524 2068 1664 2103 Ecclesia
1677 2091 1689 2108 ,
1716 2069 1906 2112 semperque
1926 2069 2083 2114 resurgit.

1203 2114 1295 2152 Hinc
1308 2118 1416 2162 ipsum
1430 2118 1566 2154 damnat
1590 2118 1625 2155 ὃς
1649 2117 1759 2154 noster
1770 2118 1890 2155 Canon
1902 2142 1910 2152 .

451 1802 948 1865 ScHoLIoN·

320 1965 482 2009 Ostquam
511 1966 684 2002 Canonica
707 1965 912 2002 Clericorum
933 1965 969 2001 in
982 1961 1135 2001 Claustro

345 2018 404 2050 sub
429 2017 583 2061 Episcopi
604 2017 708 2052 oculis
734 2017 798 2051 vita
812 2016 965 2054 deficere,
992 2015 1026 2048 δε
1047 2025 1135 2048 com-

246 2067 358 2102 munis
387 2067 562 2102 substantia
599 2068 632 2105 in
656 2067 849 2101 Praebendas
877 2065 980 2102 dividi
1004 2065 1132 2114 coepitl,

247 2116 439 2151 subintravit
466 2118 501 2151 δε
523 2117 579 2151 illa
601 2117 698 2162 pestis
720 2141 730 2155 ,
769 2127 867 2159 quam
891 2116 927 2148 in
964 2113 1134 2155 Prophetae

248 2168 311 2214 job
339 2167 590 2202 Commentario
616 2165 751 2201 damnat
788 2163 904 2200 Petrus
942 2161 1098 2199 Blesenfis
1121 2176 1132 2195 .-

541 2432 1461 2520 CANON
1648 2432 1792 2524 VI.

354 2628 550 2673 Raeterea
603 2621 635 2672 fi
670 2623 770 2688 quis
808 2618 1128 2689 Episcoporum
1158 2658 1172 2683 ,
1221 2620 1580 2689 Presbyterorum
1607 2655 1621 2680 ,
1667 2621 1966 2671 Diaconorum
2004 2639 2078 2672 aut

390 2692 762 2744 Subdiaconorum
788 2729 801 2753 ,
852 2691 948 2759 post
982 2694 1210 2755 cognitum
1245 2690 1526 2741 Interdiffllm
1562 2691 1748 2741 Domini
1783 2689 1914 2739 nostri
1950 2696 2079 2762 Papae

251 2767 439 2815 Nicolai
467 2801 480 2826 ‚
519 2764 708 2813 mulieris
745 2761 975 2828 cujuslibet
1010 2764 1172 2813 carnali
1206 2760 1411 2811 detentus
1447 2762 1607 2830 copula
1637 2796 1652 2821 ,
1697 2757 1725 2811 ὲ
1759 2761 2000 2811 Ministerio
2033 2768 2077 2815 ὅτ.

252 2836 466 2885 beneficio
500 2834 666 2884 Altaris
703 2850 791 2881 non
826 2830 1001 2881 cessavit
1038 2870 1052 2894 ,
1100 2833 1186 2884 five
1221 2831 1426 2900 deinceps
1465 2829 1726 2895 cognoscens
1759 2831 2078 2897 praelibatum-⁴

252 2905 524 2972 Apostolicae
560 2901 679 2953 Sedis
716 2901 996 2953 Interdietum
1025 2939 1037 2962 ‚
1074 2920 1149 2952 aut
1185 2904 1411 2954 mulierem
1447 2918 1521 2953 aut
1557 2901 1843 2950 Ministerium
1880 2903 2078 2954 Ecclefiae

253 2976 354 3025 cuiin
392 2972 604 3024 beneficio
639 2990 727 3021 non
762 2973 905 3021 statim
942 2971 1172 3023 deseruerit
1209 3011 1222 3036 ‚
1268 2975 1431 3025 nullam
1477 2971 1759 3024 restitutionis
1815 2975 1861 3023 in
1896 2974 2076 3043 pristino

254 3046 391 3110 gradu
426 3044 596 3094 veniam
631 3042 710 3094 fibi
745 3040 967 3095 reservaffe
1002 3044 1259 3107 cognoscat.

1200 3201 1271 3226 rum
1294 3190 1498 3226 Clericorum
1520 3188 1675 3235 conjugia
1703 3190 1757 3223 seu
1782 3187 1995 3223 contubernia
2012 3188 2077 3223 De-

1185 3230 1325 3276 lcretum
1350 3251 1489 3277 conatus
1509 3241 1552 3275 est
1575 3240 1610 3273 in
1633 3240 1760 3274 Gallias
1782 3236 1954 3274 extendere
1969 3262 1976 3269 .
2003 3236 2077 3272 Nec

1201 3291 1316 3327 dubito
1326 3291 1405 3334 quin
1417 3291 1542 3335 aliquid
1566 3290 1801 3333 impetraverit.
1834 3287 1959 3321 Verum
1982 3286 2077 3330 plena

1201 3341 1295 3385 hujus
1306 3341 1460 3375 foeditatis
1472 3340 1658 3382 exstirpatio
1671 3339 1732 3373 fuit
1745 3350 1801 3382 per
1819 3336 1978 3372 Divinam
1999 3347 2072 3381 pro-

1200 3391 1376 3429 videntiam
1386 3391 1549 3438 Gregorio
1560 3391 1695 3436 septimo
1706 3389 1856 3425 reservata
1867 3411 1873 3420 .

1855 3485 2031 3523 CANON

1812 3585 1828 3607 Χ

446 3195 944 3241 SCHOLION.

353 3341 402 3376 Ti
427 3351 482 3385 per
493 3338 722 3375 Tholosanam
748 3338 864 3374 Victor
886 3338 1066 3380 secundus,
1093 3339 1137 3373 ita

380 3403 434 3437 per
458 3388 543 3425 hanc
575 3388 747 3432 Synodum
785 3388 945 3423 Nicolaus
983 3389 1137 3424 Pontifex

257 3443 350 3479 suum
372 3440 521 3479 adversus
544 3439 697 3487 sacrilega
711 3440 946 3486 episcoporum
970 3440 1004 3476 ἀ
1029 3442 1139 3477 Sacro·
