2366 3756
940 161 1423 212 Dicturus.

268 247 357 291 atque
375 247 475 283 Italiae
493 270 505 287 ,
527 245 592 288 five
610 248 631 279 ἃ
653 243 875 288 Proconsulibus
907 246 962 280 vel
980 250 1109 280 Vis-ariis
1123 270 1135 287 ,

266 297 441 333 auctoritaie
458 295 596 331 adhibita
618 321 629 338 ,
664 296 708 329 ad
726 294 901 339 Epifiopale
922 297 1074 337 ,iudicium
1095 308 1139 330 re-

266 354 407 383 mittatur
430 372 441 388 ,
474 356 508 381 ut
526 348 573 380 ad
589 345 691 381 urbem
709 348 836 378 Romam
866 343 924 388 sub
940 344 1138 388 prosecutione

264 404 426 442 perveniat
447 422 458 438 ‚
483 404 536 431 aut
552 395 584 438 fi
600 402 632 430 in
650 394 902 438 longinquioribus
918 395 1061 438 partibus
1087 395 1145 428 ali-

267 451 352 492 cujus
366 448 511 491 fhrocitas
530 447 601 480 talis
621 443 770 486 emerserit
793 470 804 486 ‚
838 450 933 478 omnis
958 448 1021 486 eJ'us
1046 443 1141 488 causae

268 499 356 533 didio
378 500 422 531 ad
439 497 631 539 Metropolitas
654 502 686 528 in
705 495 808 528 eadem
829 497 991 529 Provincia
1013 497 1142 530 deduca-

268 557 319 582 tur
339 558 466 582 examen
488 571 500 588 ,
536 547 589 580 vel
602 543 630 586 fi
647 546 888 587 Metropolitanus
920 545 959 586 est
978 570 990 586 ,
1014 549 1140 578 Romam
1166 548 1168 551 ’

268 598 442 641 necessario,
466 597 518 630 vel
535 597 578 630 ad
596 606 642 630 eos
670 619 682 636 ,
708 606 780 637 quos
802 598 951 628 Romanus
977 594 1142 639 Episcopus

260 649 396 693 Judices
418 647 534 680 dedet-it
557 671 569 688 ,
600 644 661 689 fine
682 645 823 678 dilatione
845 646 1001 678 contendat
1021 671 1028 678 .
1058 645 1141 679 Sunt

264 696 539 737 SanRiDamafi,
565 696 599 730 ἃς
621 694 678 739 ipfi
695 693 890 736 adsidentis,
914 695 967 729 cui
978 696 1084 729 adfuit
1110 696 1142 729 &

266 748 413 792 Magnus
425 745 615 781 Ambrofius
626 767 637 784 ‚
646 744 807 778 Romana:
819 746 948 788 Synodi
961 745 1058 779 verba
1069 767 1079 784 ,
1088 746 1143 779 ad-

265 798 374 832 versus
384 796 536 831 rebellem
548 794 734 838 Anti-pape
742 793 889 830 Ursicini
902 794 1076 830 factionem
1089 807 1142 838 po-

265 846 382 881 stulata
393 845 602 886 confirmari,
627 845 662 879 δε
685 857 740 890 per
766 844 915 879 laudatos
930 846 1142 889 Imperatores

263 897 401 940 repetita
412 896 447 929 &
458 895 651 929 confirmata
660 921 669 930 .
698 894 802 929 Hisce
813 895 948 929 vocibus
958 920 969 936 ,
993 897 1026 928 si
1039 900 1071 927 in
1082 894 1142 926 lon-

260 944 467 991 ginquioribus
486 945 644 987 partibus,
673 945 834 979 inclusum
851 951 1141 987 temperamentum

264 1008 335 1030 non
355 995 438 1041 ligat
456 1005 573 1029 manus
594 994 786 1032 Pontificis,
808 992 863 1026 sed
884 993 930 1027 est
948 992 1074 1027 indulta
1087 1004 1141 1036 per

264 1046 371 1090 ipsum
393 1044 517 1091 gratia,
542 1043 610 1086 ejus
630 1041 884 1086 sapientiffimo,
911 1053 966 1085 per
975 1041 1141 1076 Sardicen-

264 1098 313 1130 ses
323 1095 478 1130 Canones
498 1092 630 1128 laudato
644 1116 655 1132 ,
680 1092 887 1134 beneplacito
907 1092 1119 1135 dispensanda
1132 1117 1141 1124 .

263 1144 360 1180 Absit
373 1170 384 1186 ,
410 1155 448 1178 ut
457 1153 548 1178 tanta
559 1140 712 1186 synodus
725 1140 946 1181 Sardicenses,
973 1152 1055 1182 quos
1071 1153 1139 1175 non

261 1195 373 1229 minus
394 1194 491 1238 quam
506 1193 662 1227 Nicaenos
687 1191 808 1233 semper
818 1192 960 1224 venerati
983 1192 1056 1226 sunt
1075 1191 1142 1225 Ro·

262 1245 354 1279 mani
376 1243 532 1287 Episcopi
551 1265 562 1281 .
601 1241 756 1275 Canones
782 1241 985 1284 praevaricata
1010 1242 1047 1276 fit
1067 1267 1078 1282 ,
1104 1242 1139 1275 ὅ(

262 1294 394 1338 juvenes
419 1291 589 1334 Principes
616 1289 784 1324 induxerit
818 1290 859 1324 ad
892 1291 976 1334 ipsos
996 1292 1145 1334 praevatiss'

261 1343 386 1378 candos
398 1367 406 1375 .
434 1342 524 1385 Ipsos
541 1339 710 1375 adversum
729 1338 879 1374 factiosos
901 1340 1050 1375 Urficini
1064 1352 1142 1375 con-

261 1404 414 1439 gerrones
425 1392 471 1425 est
481 1392 632 1426 exsecuta
644 1415 651 1423 .
680 1389 783 1438 Qod
798 1390 886 1424 enim
898 1392 1029 1434 quosvis
1040 1391 1138 1425 etiam

259 1456 302 1478 ex
323 1453 471 1478 extremo
482 1442 621 1476 Oriente
641 1440 821 1484 Episcopos
844 1440 886 1475 ad
908 1440 1139 1483 Apostolicum

259 1493 404 1528 tribunal
414 1492 575 1526 evocandi
586 1490 777 1536 potestatem
790 1490 1001 1534 Apostolicus
1017 1491 1137 1525 Canon

257 1543 423 1588 impartiat
432 1542 526 1586 Papae
543 1542 701 1577 Romano
713 1565 724 1582 ,
751 1553 789 1576 ac
810 1542 912 1584 ipsam
935 1540 1076 1575 omnino
1090 1542 1139 1572 fir-

257 1594 357 1627 marit
366 1592 550 1629 Sardicense
563 1592 756 1627 Concilium
766 1616 777 1632 ,
804 1591 920 1626 multis
930 1588 1089 1632 exemplis
1099 1599 1137 1622 ac

254 1642 454 1676 testimoniis
461 1642 507 1675 est
528 1642 594 1683 jam
607 1640 867 1675 demonstratum
877 1663 884 1671 .

305 1691 350 1725 Et
379 1689 467 1724 hanc
481 1689 653 1723 veritatem
678 1688 745 1731 ipsa
756 1689 880 1729 etiam,
908 1688 1134 1723 Romanarum

253 1740 513 1784 appellationum
556 1748 654 1780 atque
690 1737 922 1771 evocationum
959 1738 1136 1771 inimiciffi-

251 1802 307 1825 ma
328 1816 339 1831 ‚
366 1788 551 1823 Eusebiana
574 1787 671 1821 fastio
692 1787 736 1821 est
760 1786 895 1829 profeffa
924 1813 931 1820 .
971 1788 1136 1822 Constan-

253 1849 323 1874 tem
355 1838 478 1874 Liberii
512 1836 683 1871 Pontificis
715 1837 864 1871 animum
897 1837 1032 1883 infregit
1067 1849 1135 1872 tan-

253 1890 329 1924 dem
355 1914 366 1930 ,
392 1890 427 1923 &
451 1888 491 1921 ad
515 1885 739 1921 damnandum
763 1885 979 1921 Athanasium
1000 1888 1133 1921 circum-

251 1939 375 1983 scripsit
395 1963 402 1970 .
441 1936 603 1972 Adversus
624 1935 796 1971 Athanasii
824 1937 842 1970 a
875 1937 963 1981 Julio
997 1936 1134 1972 Pontifi-

251 2001 291 2025 ee
328 1989 363 2023 &
382 1987 558 2023 Sardicenfi
590 1987 727 2029 Synodo
752 1988 868 2021 saetam
898 1988 1132 2031 reparationem

249 2038 427 2083 appellavit
450 2036 491 2071 ad
510 2036 635 2080 lapsum
657 2036 826 2071 Liberium
849 2060 859 2075 ‚
895 2037 929 2070 δε
948 2037 1133 2081 impetravit

250 2087 311 2123 has
338 2112 349 2128 ,
375 2089 411 2122 in
430 2087 539 2121 Sansti
564 2086 687 2119 Hilarii
712 2088 904 2128 fragmentis
932 2086 1129 2123 custoditas,

250 2138 399 2173 infelices
419 2136 540 2169 litteras
554 2148 564 2167 .·
590 2135 718 2167 studens
735 2139 813 2175 ipact
837 2135 871 2166 ὠ*
892 2135 1049 2166 concordiae
1076 2137 1132 2166 Ec-

251 2185 398 2227 clest‘arum
416 2209 426 2225 ,
456 2183 645 2227 posteaquam
667 2183 789 2215 litteras
828 2181 1000 2216 charitatis
1024 2182 1135 2224 vestm»,-

252 2237 290 2269 de
320 2240 433 2268 nomine
455 2230 605 2274 Athanasii
642 2234 676 2267 (θ’
698 2241 869 2267 caeterorum
884 2232 988 2273 fallas
1016 2235 1061 2266 ad
1082 2245 1129 2266 no·

251 2286 410 2330 menJulii
428 2284 524 2317 beatae
543 2289 687 2316 memoriae
711 2281 850 2329 Episcopi
873 2290 968 2325 accepi
980 2308 990 2323 ,
1018 2282 1129 2325 secutus

251 2338 442 2369 traditionem
464 2335 613 2376 Majorum
635 2357 646 2373 ,
673 2333 861 2372 Presbyteros
882 2333 964 2366 urbis
992 2336 1094 2366 Romae
1114 2335 1130 2366 ἑ

250 2387 345 2420 latere
366 2396 425 2418 meo
446 2385 662 2417 Alexandriam
676 2384 719 2416 ad
733 2381 924 2425 Athanafium
947 2384 1046 2416 direxi
1062 2408 1073 2425 ‚
1097 2391 1129 2415 ut

250 2436 296 2469 ad
303 2435 404 2468 urbem
415 2438 540 2467 Romam
561 2438 705 2473 veniret,‘
723 2433 953 2476 &inpraefimti
969 2435 1024 2474 id,
1052 2434 1131 2475 quod

250 2484 387 2526 Ecclefiae
417 2482 575 2527 disciplina
603 2488 694 2526 exigit
732 2507 744 2523 ‚
781 2488 812 2516 in
831 2494 895 2516 eum
926 2482 1126 2523 statueretur.

251 2539 387 2569 Litteras
407 2540 499 2568 etiam
520 2535 564 2567 ad
574 2535 698 2566 eundem
718 2533 787 2567 dedi
799 2557 810 2573 ,
836 2532 944 2575 quibus
967 2533 1126 2566 contineba-

251 2594 323 2624 tur,
349 2585 428 2625 quod
440 2583 467 2625 fi
485 2594 543 2617 non
564 2589 700 2622 veniret,
722 2581 854 2625 fhiretse
875 2583 1003 2615 alienum
1023 2583 1075 2625 effe
1090 2582 1128 2615 ab

251 2633 385 2675 Ecclefiae
408 2637 549 2665 Romana
569 2637 765 2665 communione
787 2657 795 2663 .
830 2632 894 2666 Hae
921 2632 1034 2666 litterae
1060 2644 1128 2666 non

251 2684 437 2727 quempiam
459 2682 575 2716 Gallie
609 2692 665 2715 aut
691 2681 858 2724 Hispaniae
885 2681 1127 2716 provincialem

252 2732 471 2776 Episcopum,
498 2731 551 2766 sed
575 2732 677 2775 ipsum
698 2732 797 2765 totius
821 2730 967 2775 AEgypti
992 2732 1127 2766 Patriar-

250 2782 348 2817 cham
361 2780 537 2815 evocabant
548 2781 587 2817 ad
600 2781 787 2815 Romanum
811 2781 968 2815 tribunal:
1003 2781 1046 2815 Et
1059 2794 1126 2816 non

252 2832 295 2867 ad
306 2831 618 2876 quempiamltalum
644 2842 698 2864 aut
719 2830 968 2866 occidentalem
991 2830 1122 2865 Antisti-

252 2892 320 2917 tem
333 2907 343 2923 ,
369 2881 422 2914 sed
433 2881 472 2914 ad
486 2881 708 2914 Romanarum
720 2880 975 2924 appellationum
1002 2893 1040 2915 ae
1052 2893 1125 2915 evo-

250 2933 421 2967 cationum
444 2930 645 2972 conjuratam
657 2930 781 2964 hostem
795 2929 1010 2964 Eusebianam
1034 2933 1068 2964 in
1081 2932 1115 2964 O

253 2983 359 3016 riente
368 2981 540 3014 factionem
551 2980 731 3015 constanter
752 2981 859 3014 scribit
873 2980 1018 3017 Liberius
1039 2980 1123 3015 hanc

253 3031 317 3066 effe
331 3032 517 3063 traditionem
531 3031 690 3070 majorum.
717 3030 844 3074 Nempe
857 3030 1046 3065 lucidiffima
1058 3042 1122 3065 erat

254 3081 314 3115 ista
327 3079 481 3119 traditio,
508 3090 575 3112 non
592 3079 648 3112 nifi
664 3079 704 3113 ad
714 3080 941 3115 excutiendam
956 3081 1121 3115 Athanasii

254 3131 490 3175 reparationem
512 3137 625 3172 negata
637 3139 691 3175 per
709 3130 880 3166 factionem
894 3131 984 3164 istam
1000 3155 1009 3171 ‚
1037 3131 1125 3165 ide-11-

253 3192 318 3225 que
333 3192 391 3215 nec
405 3179 505 3222 lapsus
519 3179 677 3212 Pontifex
690 3178 787 3214 duxit
798 3179 968 3215 tacendam
981 3205 986 3210 .
1014 3181 1058 3214 Et
1081 3182 1123 3214 fa·

253 3232 338 3269 ἃῐο,
363 3227 546 3263 dummodo
565 3228 770 3262 damnaretur
787 3229 998 3269 Athanafius,
1026 3229 1123 3264 liben-

253 3291 302 3316 ter
312 3279 455 3314 admifit.
485 3276 629 3311 Proinde
639 3277 741 3317 abfit‚
766 3290 803 3313 ut
814 3281 881 3315 Leo
893 3280 1047 3315 Pontifex
1070 3291 1124 3313 aut

253 3330 366 3366 tertius
387 3329 563 3371 Imperator
585 3327 837 3363 Valentinianus
864 3331 1051 3365 induxerint
1078 3330 1125 3373 jus

255 3391 399 3416 novum.
425 3378 507 3412 Non
522 3377 721 3421 infregerunt
732 3377 929 3416 Sardicenses
949 3381 1102 3415 Canones
1116 3405 1124 3418 ‚

352 3427 540 3472 Christssupi
549 3432 634 3474 oper.
643 3429 756 3462 Tomy,

1200 245 1254 281 sed
1273 245 1480 282 stabilierunt
1494 271 1501 280 .
1530 246 1664 282 Etenim
1681 245 1942 284 Valentinianus
1965 248 2080 285 diserte

1199 295 1331 331 testatur
1357 298 1387 331 se
1410 297 1547 332 statuere
1567 298 1659 341 Juxta
1671 297 1904 340 consuetudinem
1926 307 2078 340 veterem,

1199 347 1233 381 &
1248 347 1279 380 se
1302 347 1385 381 velle
1397 348 1634 382 servariomnia
1648 373 1659 389 ,
1683 358 1751 391 qua:
1762 351 1838 382 Divi
1868 351 2014 384 Parentes
2031 348 2080 393 sui

1200 399 1342 430 Romanae
1354 396 1488 438 Ecclefiae
1498 399 1676 432 detulerunt.
2074 419 2076 421 ·

1250 445 1387 481 Tertius
1398 456 1486 481 error
1495 446 1540 481 est
1563 447 1597 480 in
1610 444 1660 481 his
1672 447 1774 482 verbis
1786 462 1797 481 .·
1825 451 1883 485 Leo
1909 448 2081 490 constitutio-

1202 507 1268 529 nem
1286 498 1306 528 ἁ
1327 497 1534 530 Valentiniano
1556 495 1672 539 augusto
1690 503 1888 539 impetravit,
1913 511 1981 541 quae
2001 507 2082 542 prae·

1200 551 1274 587 cipit
1296 556 1328 579 ut
1345 548 1492 587 judicium
1513 547 1590 579 illud
1609 548 1768 580 mandetur
1805 554 1967 582 executioni
1991 574 1998 581 .
2037 548 2084 583 Et

1202 596 1236 628 in
1250 595 1318 629 his:
1348 594 1533 637 Reftriptum
1542 598 1621 630 illud
1632 597 1684 639 esse
1702 606 1803 630 ratum
1823 598 1956 631 decernit
1978 600 2080 632 Decre-

1201 654 1263 678 tum
1273 652 1306 678 in
1318 642 1405 687 causa
1415 645 1600 679 Chelidonii.
1630 646 1828 689 Respondeo
1842 648 1947 691 ipsum
1958 647 2084 682 Rescri-

1202 705 1293 739 ptum
1317 694 1417 738 longe
1429 695 1522 728 aliter
1534 695 1644 739 loqui:
1671 696 1805 731 Hilarius
1818 696 1993 739 Arelatenfis
2017 709 2084 731 con-

1201 751 1311 779 tumaci
1333 743 1404 788 ausu
1426 746 1541 778 inlicita
1562 746 1703 787 quadam
1720 745 1931 788 praesumenda
1953 755 2084 788 tempta-

1201 801 1248 828 vit
1271 820 1282 836 ‚
1308 797 1343 828 (5
1361 795 1426 828 ideo
1463 793 1669 837 transalpinas
1696 795 1837 836 Ecclefias
1874 796 2081 830 abominabilis

1201 846 1344 878 tumultus
1371 844 1481 886 invasit
1501 869 1512 885 ‚
1551 847 1633 887 quod
1665 855 1763 878 recens
1788 848 1922 879 maxime
1958 846 2081 886 testatur

1201 897 1367 936 exemplum
1379 919 1387 927 .
1415 895 1548 930 Hilarius
1559 901 1639 929 enim
1652 918 1663 934 ,
1688 900 1740 936 qui
1752 894 1925 936 Arelatensis
1943 901 2083 929 civitatis

1201 944 1367 986 Episcopus
1402 954 1523 978 vocatur
1545 969 1556 985 ‚
1593 943 1728 985 Ecclefiae
1760 949 1904 979 Romanae
1932 945 2014 978 urbis
2038 950 2087 977 in-

1200 1005 1249 1026 con
1246 992 1281 1035 fis
1286 996 1327 1026 lto
1340 995 1477 1036 Pontifice
1489 995 1642 1028 indebitas
1646 993 1703 1036 fibi
1714 996 1915 1029 ordinationes
1931 998 1962 1027 Ε
1959 993 2087 1037 piscopo-

1200 1054 1266 1075 rum
1291 1042 1352 1084 sola
1378 1050 1545 1078 temeritate
1573 1043 1721 1088 usurpans
1742 1045 1874 1087 invafit.
1904 1050 1989 1078 Nam
2008 1046 2083 1078 alios

1200 1097 1426 1133 incompetenter
1448 1102 1571 1127 removit
1590 1119 1602 1136 ,
1628 1097 1792 1129 indecenter
1817 1096 1890 1128 alios
1915 1100 2024 1128 invitis
2050 1095 2084 1127 ὦ·

1200 1141 1435 1185 repugnantibus
1447 1143 1563 1175 civibus
1590 1146 1742 1179 ordinavit
1758 1170 1764 1176 .
1791 1148 1857 1189 ,Qui
1878 1147 1998 1187 quidem
2018 1154 2089 1186 quo-

1201 1197 1283 1224 niam
1293 1202 1349 1224 non
1352 1191 1450 1233 facile
1471 1191 1510 1224 ab
1528 1191 1575 1224 his
1586 1214 1597 1230 ,
1622 1198 1675 1235 qui
1697 1204 1755 1226 non
1772 1196 1942 1237 elegerunt,
1966 1199 2088 1236 recipie-

1201 1242 1313 1274 bantur
1337 1265 1349 1282 ,
1373 1252 1496 1274 manum
1515 1240 1571 1282 fibi
1597 1242 1813 1275 contrahebant
1840 1253 1992 1276 armatam
2013 1268 2023 1283 ‚
2051 1244 2085 1276 Θ

1200 1291 1325 1332 claustra
1346 1302 1494 1325 murorum
1518 1290 1644 1330 hostilem
1667 1298 1699 1324 in
1731 1304 1839 1326 morem
1875 1295 1928 1327 vel
1949 1291 2087 1331 obfidione

1200 1341 1356 1385 cingebant
1367 1365 1378 1381 ‚
1405 1341 1459 1375 vel
1465 1342 1638 1384 adgreffione
1653 1340 1847 1384 reserabant,
1875 1344 1910 1376 &²
1932 1342 2086 1386 adsedem

1185 1396 1309 1436 'quictis
1316 1400 1422 1433 pacem
1433 1393 1650 1433 praedicaturos
1659 1399 1714 1433 per
1735 1392 1811 1425 bella
1829 1392 1978 1427 ducebant
1989 1418 1996 1425 .
2024 1397 2083 1425 His

1185 1437 1311 1475 {talibus
1339 1444 1373 1475 ὢ·
1398 1450 1500 1475 contra
1523 1445 1643 1483 Imperii
1669 1441 1854 1483 Maiestatem
1881 1467 1892 1484 ,
1930 1444 1963 1476 δ’
1982 1452 2085 1476 contra

1185 1470 1402 1528 lreverentiam
1423 1494 1443 1523 5
1443 1492 1504 1524 edis
1516 1491 1680 1533 Apostolicae
1693 1493 1823 1531 admiffis
1836 1516 1846 1532 ,
1869 1501 1924 1534 per
1951 1494 2087 1525 ordinem

1185 1513 1326 1583 'religiosi'
1331 1545 1393 1572 viri
1403 1540 1485 1572 urb1s
1500 1543 1597 1580 Papae
1609 1546 1767 1582 cognitione
1778 1540 1900 1583 discuffis
1915 1567 1925 1582 ,
1950 1551 2030 1575 certa
2054 1547 2086 1574 in

1185 1591 1263 1621 'eum
1275 1600 1312 1622 ex
1324 1588 1394 1628 his,
1420 1600 1493 1631 quos
1505 1590 1581 1622 male
1604 1591 1824 1631 ordinaverat,
1850 1593 1914 1624 lata
1935 1589 2086 1635 sententia.

1184 1637 1236 1678 .est
1254 1664 1261 1671 .
1299 1642 1344 1670 Et
1369 1646 1435 1671 erat
1465 1639 1584 1680 quidem
1605 1638 1672 1681 ipsa
1702 1639 1854 1683 sententia
1883 1650 1943 1683 per
1968 1641 2087 1674 Gallias

1183 1675 1289 1721 letiam
1296 1687 1359 1728 fine
1381 1689 1535 1730 Imperiali
1548 1687 1703 1731 sanctione
1721 1690 1875 1723 valitura.
1905 1692 1996 1733 ‚Quid
2006 1696 2085 1724 enim

1182 1717 1280 1779 *tanti
1303 1737 1455 1779 Pontificis
1481 1738 1651 1772 auc‘ioritats
1671 1745 1704 1772 in
1717 1739 1857 1781 Ecclefias
1882 1753 1939 1773 non
1963 1742 2089 1774 liceret?

1182 1783 1256 1821 §Sed
1274 1787 1368 1827 nostra
1388 1799 1497 1831 quoque
1518 1795 1679 1831 pra-ceptio
1704 1790 1738 1823 (ιν
1757 1795 1833 1823 ratio
1847 1791 1995 1832 probavit
2009 1814 2024 1830 ,2
2045 1803 2084 1824 ne

1182 1825 1318 1882 {ulterius
1367 1839 1420 1871 vel
1450 1839 1564 1873 Hilario
1604 1864 1614 1879 ‚
1652 1851 1738 1882 quem
1773 1839 1868 1873 adbuc
1903 1831 2084 1884 Episcopum

1181 1890 1363 1930 lnuncupari
1372 1887 1436 1931 sola
1448 1887 1594 1931 mansueti
1610 1889 1751 1931 Praesiilis
1769 1896 1922 1931 permittit
1947 1891 2083 1925 humani·

1179 1924 1245 1987 {tas
1258 1962 1268 1976 ,
1296 1949 1344 1970 nec
1364 1945 1501 1984 cuiquam
1522 1942 1608 1972 alteri
1620 1965 1629 1978 ,
1657 1939 1856 1980 Escleftisiicis
1882 1941 1968 1975 rebus
1993 1953 2082 1975 arma

1180 1986 1327 2032 jmffcere,
1354 1999 1407 2019 aut
1426 1991 1582 2027 Praeceptis
1601 1993 1728 2022 Romani
1744 1991 1895 2032 pontificis
1920 1994 2008 2024 liceat
2035 1991 2083 2024 ob-

1180 2041 1298 2084 gviare.
1330 2036 1442 2076 Aust‘bus
1466 2048 1543 2069 caum
1559 2037 1669 2070 zalxboi
1687 2039 1755 2078 fidei
1783 2042 1816 2072 ijs·
1843 2040 1928 2075 nostri
1948 2052 2084 2074 reveren·

1179 2086 1238 2124 {tia
1249 2086 1378 2116 violatur
1389 2087 1524 2124 Imperii.
1557 2091 1589 2116 N
1595 2097 1621 2116 rc
1634 2086 1785 2128 hccsblum
1801 2114 1810 2128 ‚
1838 2091 1918 2131 quod
1935 2090 1974 2129 est
1988 2096 2085 2123 maxi—

1177 2125 1234 2181 fmt'
1244 2138 1377 2166 criminis
1391 2158 1399 2172 ,
1425 2132 1633 2174 sabinen-emur
1646 2146 1659 2173 ;
1688 2138 1793 2168 verim
1815 2149 1851 2168 ne
1873 2142 1951 2171 levis
1972 2139 2085 2181 saltem

1178 2185 1269 2231 linter
1280 2180 1420 2223 Ecclest'as
1444 2182 1533 2215 turba
1553 2182 1692 2220 uastatur·
1706 2209 1717 2223 ,
1744 2187 1797 2218 vel
1818 2191 1847 2217 its
1871 2189 1970 2229 aliquo
1990 2195 2086 2222 minui

1193 2234 1341 2277 religionis
1359 2231 1515 2274 disciplina
1539 2234 1682 2265 videatur
1696 2257 1706 2271 .,
1733 2233 1784 2268 boc
1808 2243 1934 2276 perenni
1952 2236 2087 2279 sanffi‘io-

1194 2294 1230 2318 ne
1241 2284 1422 2316 decernimus
1437 2309 1446 2323 ‚
1476 2294 1511 2315 ne
1529 2283 1607 2324 quid
1627 2290 1691 2315 tam
1707 2283 1860 2326 Ep‘scopis
1888 2288 2052 2320 Gallicanis
2073 2314 2084 2330 ,

1192 2334 1424 2376 quatnaltarum
1449 2336 1694 2373 Provinciamm,
1721 2346 1821 2368 contra
1846 2336 2082 2379 consuetudinem

1191 2391 1319 2416 veterem
1351 2384 1436 2415 liceat
1452 2381 1513 2423 sine
1545 2389 1611 2426 viri·
1649 2385 1830 2418 venerabilis
1868 2390 1963 2428 Papae
1998 2389 2080 2421 urbis

1193 2442 1311 2467 aeicrnae
1333 2432 1508 2465 aicc‘loritate
1532 2433 1683 2482 temptare
1707 2460 1712 2465 .
1744 2437 1802 2468 Sed
1823 2437 1881 2468 iliis
1897 2461 1907 2477 ‚
1932 2438 2083 2481 omnibus-

1191 2496 1244 2526 que
1278 2492 1335 2524 pro
1363 2484 1421 2526 lege
1453 2482 1493 2523 stt
1518 2508 1528 2524 ‚
1565 2486 1716 2527 quidquid
1736 2484 1874 2527 sanxerit
1911 2489 2077 2530 Apostolicae

1190 2535 1273 2567 sedis
1299 2533 1458 2565 am‘ioritas
1476 2557 1486 2572 ,
1530 2539 1574 2566 ita
1596 2543 1632 2580 ug
1654 2533 1773 2578 qusque
1797 2536 2010 2578 Epissoporum
2036 2540 2079 2571 ad

1184 2584 1330 2624 judicium
1343 2588 1471 2616 Romani
1488 2583 1634 2622 antistiti.-
1650 2595 1792 2618 evocatus
1822 2594 1926 2620 venire
1948 2590 2079 2631 neglexe-

1175 2638 1230 2666 :rit
1243 2658 1253 2672 ‚
1277 2642 1333 2674 per
1347 2634 1563 2667 moderatorem
1576 2633 1709 2676 ejusdem
1726 2639 1895 2669 Provinciae
1921 2639 2015 2681 adesse
2034 2649 2076 2670 co-

1185 2691 1274 2726 gatur
1306 2706 1317 2722 ,
1339 2691 1394 2726 per
1420 2688 1516 2715 omnia
1537 2682 1674 2725 servatis
1697 2709 1706 2725 ‚
1732 2697 1798 2728 quae
1826 2689 1902 2718 Divi
1932 2690 2075 2721 Parentes

1190 2734 1276 2773 nostri
1284 2757 1290 2761 -,
1299 2736 1441 2765 Romana²
1466 2733 1597 2774 Ecckfiae
1625 2736 1807 2768 detulerunt.
1838 2736 1986 2779 Exponit
2008 2737 2073 2771 haec

1190 2785 1222 2816 in
1245 2782 1374 2816 laudata
1401 2781 1441 2816 ad
1465 2781 1660 2818 Viennensis
1692 2785 1872 2819 Provinciae
1897 2785 2073 2821 Antistites

1191 2832 1410 2876 Epistolaipse
1423 2832 1566 2876 Magnus
1582 2833 1681 2872 Leo.-
1709 2839 1781 2867 Non
1810 2836 1891 2868 nobis
1912 2837 2075 2869 ordinatio·

1189 2894 1240 2915 nes
1254 2882 1416 2921 vestrarum
1428 2884 1656 2916 Provinciarum
1670 2884 1859 2925 defendimus
1869 2910 1879 2925 ,
1905 2888 1985 2928 quod
1992 2895 2077 2928 pote-

1188 2931 1340 2974 ritforsfm
1353 2935 1398 2975 ad
1407 2934 1617 2974 depravandos
1631 2933 1734 2973 vestrae
1758 2938 1778 2967 5
1779 2936 1934 2967 antistatis
1958 2943 2072 2970 animos

1191 2983 1324 3015 Hilarius
1332 2992 1386 3024 pro
1395 2982 1445 3024 sico
1457 2995 1531 3015 inore
1545 2991 1664 3016 mentiri
1677 3008 1687 3024 ‚
1707 2983 1767 3026 sed
1776 2984 1859 3016 vobis
1872 2993 1929 3025 per
1943 2986 2070 3025 nostram

1183 3030 1397 3074 solicitudinem
1419 3034 1612 3065 vendicamus
1634 3058 1643 3072 ‚
1671 3044 1706 3065 ne
1733 3035 1810 3075 quid
1829 3035 1952 3067 ulterior
1984 3036 2071 3069 liceat

1189 3088 1344 3122 novitati,
1372 3095 1422 3116 nc„-
1444 3081 1655 3124 Praesumptori
1683 3084 1758 3115 locus
1775 3086 1846 3123 jum
1859 3087 1938 3118 ultra
1960 3093 2070 3126 pateat

1186 3133 1347 3173 privilegia
1361 3132 1457 3170 vestra
1468 3133 1615 3173 cassandi.
1648 3137 1682 3165 N
1685 3133 1762 3171 ostrae
1781 3140 1859 3166 enim
1871 3135 2070 3177 gratulationi

1189 3179 1671 3224 hot-solnmcrefiereprofitemur,
1695 3181 1894 3224 fiiipostolicae
1919 3186 2006 3217 Sedis
2033 3186 2079 3216 di-

1189 3232 1309 3273 ligentia
1321 3234 1406 3271 apud
1416 3244 1470 3264 vos
1482 3232 1599 3265 illibata
1617 3230 1776 3274 servetur,
1805 3234 1838 3265 &⁸
1856 3240 1914 3274 per
1940 3235 2073 3267 sacerdo-

1190 3282 1258 3312 talis
1292 3279 1456 3323 disciplina:
1489 3282 1643 3321 custodiam
1674 3282 1774 3315 honori
1812 3282 1906 3322 wstro
1951 3289 2074 3324 perire,

1190 3332 1267 3372 quod
1274 3328 1362 3373 suum
1383 3332 1440 3370 cst,
1464 3340 1520 3372 pro
1543 3338 1630 3366 novis
1658 3330 1898 3374 usurpationibus
1922 3343 1978 3365 non
1994 3331 2075 3372 fina-

1190 3391 1273 3413 mus.
1303 3380 1504 3425 Apostoli-,315
1517 3381 1639 3416 vicibus
1652 3405 1662 3419 ‚
1689 3392 1767 3424 quas
1780 3381 1931 3418 Patroclo
1958 3380 2071 3415 Arela-

1594 3432 1621 3464 Ε
1648 3441 1666 3465 e
1716 3442 1738 3468 2
1938 3431 2019 3466 tensi
