2366 3756
152 138 183 152 s
426 141 447 179 ι’
462 144 481 191 5
494 132 520 178 8

352 217 526 254 undarum
536 240 548 256 ,
573 218 730 252 Manates
740 218 896 264 vigefimus
913 216 1061 261 septimus
1074 243 1083 251 .
1111 218 1245 258 Factum
1291 223 1341 271 1&
1365 220 1541 258 inchoabat
1554 223 1573 257 a
1593 224 1673 259 feria
1685 225 1825 260 secunda
1835 226 1907 271 post
1918 226 2030 263 festam
2044 227 2197 266 omnium

350 268 388 304 id
408 267 469 302 fuit
480 266 590 310 quinti
601 266 723 303 decimi
734 269 840 302 saeculi
853 278 946 302 anno
970 268 1245 317 quinquagesimo
1310 272 1501 307 Sanctorum
1523 275 1741 310 Dominicam
1755 299 1763 308 .
1790 275 1835 311 Et
1853 278 1931 320 quia
1954 277 2020 313 haec
2045 290 2113 314 erat
2127 291 2199 315 mo-

724 133 929 193 ‘ALExA
952 145 1103 176 NDR.1
1141 146 1402 178 SECUNDl
1439 133 1812 183 PONTIFICIS

339 313 467 358 *tettio;
495 315 620 354 Pascha
632 317 887 353 tuncinciditin
909 317 1077 354 Kalendas
1098 318 1244 365 Aprilis,

344 366 491 410 ideoque
504 366 574 402 dies
585 368 740 412 vigefima
751 368 886 413 septima
897 369 983 404 Maii
993 378 1062 404 erat
1088 370 1245 407 Domini-

349 427 388 450 ca
399 418 505 461 prima
518 416 588 460 post
599 416 817 463 Pentecosten
830 445 838 453 .
868 420 914 453 Et
928 420 962 453 in
976 421 1159 464 Synaxario
1173 423 1244 458 scri-

349 466 402 501 bit
417 466 452 499 N
455 465 628 511 icephotus
641 468 816 504 Calixtus:
846 472 905 504 Dte
919 474 1075 507 Domintca
1089 472 1153 515 post
1167 476 1243 509 Pen-

348 514 466 556 tecosten
475 517 582 560 ubique
586 526 644 560 per
656 519 831 564 universam
842 530 958 555 terram
977 522 1165 562 existentium
1174 549 1184 565 ‚
1206 524 1242 567 fi·

347 572 433 601 vein
443 565 527 608 Asta,
550 565 654 609 fivein
677 570 800 613 Africa,
820 570 887 613 sive
912 577 946 605 in
968 575 1115 616 Europa,
1142 566 1243 613 Austro

347 626 439 660 atque
458 619 669 660 Septemtrione
689 645 700 662 ,
740 621 914 656 sanatorum
935 628 1064 659 omnium
1093 625 1173 657 diem
1191 624 1241 666 fe-

341 664 421 710 stum
443 668 617 703 celebramus
626 693 634 702 .
665 670 710 705 Et
721 682 849 709 morem
873 672 964 708 hunc
977 674 1040 708 effe
1052 673 1174 711 Graecis
1186 686 1241 709 an-

346 717 478 761 tiquum
496 717 696 754 demonstrat
716 721 927 766 Imperatoris
948 723 1072 759 Leonis
1092 723 1239 760 Philoso-

344 765 403 811 phi
419 768 546 810 oratio,
573 769 658 806 dicta
671 774 827 806 Dominica
839 773 903 815 post
927 773 1110 814 Pentecosten
1132 778 1164 807 in
1174 780 1239 809 uni-

344 816 445 862 versae
465 828 556 854 terrae
577 821 699 855 Sanaos
719 822 897 866 universos,
921 824 1044 866 quando
1059 830 1180 868 generis
1191 837 1236 860 no-

337 867 396 912 str}
414 868 624 913 adversarium
639 870 705 915 suis
728 879 762 906 in
772 873 1214 915 certamtntbusprostraeverunt
1227 899 1237 915 ‚

338 919 380 953 6·
397 918 578 963 universalis
599 924 658 955 Det
678 921 806 964 Ecclefia
825 923 891 956 illos
913 922 1039 957 honorat
1051 949 1058 956 .
1088 924 1134 960 Et
1155 924 1236 960 hinc

340 967 492 1015 intellige
503 969 723 1007 Theodorum
744 972 993 1007 Balsamonem:
1018 975 1234 1019 Monacbtfica-

338 1030 408 1052 rum
429 1019 647 1061 fiandaettonum
669 1021 920 1062 constitutionibus
943 1033 1083 1075 coguntur
1102 1028 1232 1069 amphias

334 1070 501 1114 jejunare,
522 1069 634 1113 fiilicet
653 1073 675 1104 ἃ
690 1071 768 1114 festo
787 1079 920 1109 omnium
929 1073 1122 1114 samaram.
1150 1079 1232 1113 Om-

336 1118 392 1152 nis
403 1118 488 1152 olim
509 1120 634 1156 Graecia
658 1119 850 1162 saniferam
871 1123 1111 1168 Apostolorum
1137 1126 1226 1162 Petri

332 1177 374 1203 ac
397 1166 494 1204 Pauli
515 1169 599 1209 festo
620 1173 838 1217 praemittebat
871 1174 1007 1212 solenne
1035 1176 1195 1223 jejunium
1215 1203 1228 1221 ,

1310 321 1385 357 bilis
1406 346 1417 363 ‚
1457 322 1543 361 istud
1572 324 1734 370 jejunium
1755 325 1955 370 quandoque
1987 329 2107 373 aequale
2133 331 2197 365 fuit

1311 372 1610 419 Quadragefimali.
1648 377 1756 420 Ipsum
1779 376 1954 412 Balsamon
1968 379 2115 420 *affirmat
2135 382 2196 415 suo

1278 447 1281 450 ⁴
1307 433 1455 467 tempore
1473 423 1509 458 in
1530 426 1610 461 solis
1634 425 1816 461 Monachis
1835 428 2036 471 permanfiffe
2059 455 2068 463 .
2110 430 2197 465 Ean-

1305 470 1379 507 dem
1402 474 1621 512 Dominicam
1643 477 1749 512 Graeci
1770 477 1937 521 appellant
1958 478 2097 522 primam
2118 481 2196 516 San·

1306 523 1348 562 sti
1371 523 1540 560 Matthaei.
1577 527 1730 575 Qatuor
1753 527 1935 573 Evangelia
1956 539 2027 563 non
2059 530 2196 572 permix-

1304 575 1388 614 tim,
1419 574 1474 609 sed
1494 577 1656 612 continua
1677 579 1756 613 serie
1778 578 1828 612 illi
1850 579 1967 623 legunt
1988 578 2029 613 ad
2041 579 2193 615 Mifl'am:

1302 624 1411 658 Sancti
1433 626 1569 669 Joannis
1590 628 1610 662 a
1631 628 1791 664 Paschate
1802 628 1842 663 ad
1854 627 2069 668 Pentecosten
2082 654 2094 670 ,
2117 631 2195 665 San·

1301 676 1343 709 cti
1366 674 1520 711 Matthaei
1537 677 1556 712 a
1575 679 1683 714 nostra
1711 677 1773 713 hac
1803 678 1986 714 Dominica
2012 681 2114 724 usque
2152 680 2194 715 ad

1301 725 1525 770 Septembrem
1545 751 1558 769 ,
1603 730 1711 764 Sansti
1734 730 1831 766 Lucae
1865 729 1884 764 a
1914 728 2096 765 Dominica
2119 730 2192 775 post

1301 775 1550 815 Exaltationem
1574 778 1699 817 Sanctae
1725 780 1842 815 Crucis
1867 779 1970 823 ustlue
1992 779 2034 813 ad
2059 780 2194 815 'Domi-

1297 826 1407 861 nicam
1429 827 1681 876 Tyrophagiae,
1705 830 1813 864 Sanni
1839 830 1946 864 Marci
1960 829 2192 875 Evangelium

1298 876 1317 910 a
1354 877 1459 920 prima
1493 879 1759 928 Qadragefimae
1793 879 1974 916 Dominica
2010 881 2113 924 usque
2147 880 2192 916 ad

1295 925 1437 962 Pascha.
1465 929 1634 967 Omnium·
1651 931 1801 966 fidelium
1826 928 2023 968 'animarum
2049 941 2193 965 comme-

1294 979 1512 1015 morationem
1530 981 1630 1018 etiam
1648 980 1840 1025 celebrant,·
1857 980 1942 1015 'feria
1962 980 2078 1026 quinta
2113 990 2191 1017 ante

1293 1026 1533 1065 Pentecosten.
1559 1031 1608 1066 Ita
1636 1031 1738 1067 habes
1763 1032 1799 1066 in
1838 1029 2022 1074 Nicephori
2059 1030 2190 1066 Calixti

1293 1077 1558 1116 Pentecostario.
1586 1082 1750 1118 Eamdem
1773 1082 1902 1118 faciunt
1922 1082 2002 1117 feria
2013 1081 2101 1117 sexta
2112 1090 2191 1120 ante

1293 1128 1512 1170 Dominicam
1535 1132 1786 1182 septuagesimae
1802 1157 1810 1166 .

331 1410 1276 1522 DECRETUM
1375 1434 2180 1541 TERTIUM,

333 1618 586 1707 DEeretum
598 1646 610 1663 ,
636 1633 704 1666 quo
725 1631 767 1655 ex
789 1621 956 1667 Gregorio
968 1622 1114 1661 secundo
1126 1622 1229 1658 Nico-
1237 1639 1245 1679 Ι
1268 1619 1280 1700 ἱ

454 1673 525 1706 laus
547 1671 705 1706 secundus
724 1672 1047 1716 consanguinitatem
1072 1683 1170 1714 atque
1181 1674 1227 1706 af—

1339 1622 1441 1658 Istum
1469 1622 1488 1657 a
1513 1623 1709 1667 quibusdam
1737 1625 1930 1668 praetensum
1961 1625 2182 1668 computandi

1288 1673 1426 1707 modum
1451 1674 1558 1708 tenuit
1581 1674 1705 1717 semper
1725 1698 1736 1714 ,
1770 1674 1805 1707 δε
1840 1677 1943 1717 usque
1974 1686 2066 1709 nune
2091 1684 2183 1713 tenet

328 1723 493 1756 finitatem
509 1721 650 1756 extendi
678 1720 852 1755 declaravit
877 1721 912 1754 in
940 1722 1114 1764 septimum
1126 1723 1227 1764 usque
1287 1724 1399 1757 omnis
1420 1723 1600 1763 orientalis
1619 1724 1782 1760 Ecclesia.
1811 1725 1948 1758 Etenim
1969 1724 2007 1762 in
2027 1724 2112 1759 libro
2139 1723 2183 1761 de

328 1771 471 1819 gradum
506 1771 551 1806 ad
587 1770 771 1811 dirimenda
808 1771 1019 1806 matrimonia
1041 1795 1052 1811 ,
1089 1771 1225 1814 quidam

328 1822 541 1862 evacuanti,
567 1822 603 1856 &
629 1821 858 1866 perseveraturi
895 1822 932 1855 in
971 1822 1130 1865 pertinaci
1160 1823 1227 1856 {uo

328 1872 497 1913 incoestu,
523 1871 679 1906 dixerunt
704 1870 823 1916 gradus
848 1869 910 1906 hos
935 1871 1030 1915 juxta
1054 1871 1228 1906 Romano·

329 1930 407 1958 rum·
426 1922 618 1966 Principum
643 1923 729 1967 leges
746 1922 811 1957 effe
832 1921 1073 1966 computandos
1089 1945 1101 1962 ,
1127 1922 1229 1956 adeo-

328 1985 396 2018 que
415 1973 550 2008 fratrem
570 1973 605 2008 &
627 1973 772 2007 sororem
797 1974 860 2006 effe
882 1971 919 2006 in
943 1972 1112 2011 secundo,
1149 1983 1228 2010 con*

328 2023 539 2058 sobrinosvin
562 2034 679 2067 quarto
693 2047 703 2063 ‚
731 2022 883 2057 sobrinos
905 2022 940 2056 in
969 2023 1064 2057 sexto
1100 2022 1224 2066 gradu.

329 2074 494 2108 Romanae
515 2071 605 2108 enim
619 2098 630 2114 ,
652 2073 879 2109 adeundarum
906 2071 1133 2107 haereditatum
1157 2083 1228 2106 mo-

328 2123 409 2158 dum
429 2123 690 2167 praescribentes,
716 2123 807 2166 leges
825 2131 876 2155 tot
897 2121 934 2154 in
949 2122 1126 2154 transversa
1139 2121 1227 2155 linea

326 2174 449 2219 gradus
477 2182 632 2216 ponunt,
657 2181 740 2218 quot
764 2179 939 2204 numerant
962 2180 1004 2205 ex
1029 2179 1171 2213 utroque
1183 2170 1228 2204 la·

326 2234 417 2265 tere,
441 2221 580 2266 dempto
593 2231 704 2256 tamen
717 2219 846 2264 stipite,
867 2220 976 2263 capita
989 2243 997 2252 .
1026 2219 1229 2254 Ecclefiasti-

326 2285 386 2310 cus
408 2274 442 2307 in
463 2271 703 2308 constituendis
717 2269 864 2316 conjugii
879 2269 1126 2311 impedimentis
1137 2282 1227 2304 com-

327 2322 466 2370 putandi
482 2322 614 2357 =m0dus
637 2320 683 2355 est
704 2320 805 2364 longe
825 2316 971 2353 diversus
995 2342 1005 2350 .
1033 2319 1117 2356 Istos
1143 2331 1225 2365 ergo

328 2373 545 2419 computistas
567 2372 602 2406 in
625 2370 767 2416 quadam
789 2371 843 2403 sua
879 2368 1019 2412 synodo
1053 2368 1225 2406 damnavit

329 2426 447 2460 iterum
460 2422 650 2458 Alexander
664 2419 823 2459 secundus
834 2443 842 2452 .
870 2418 1036 2462 Synodale
1044 2419 1224 2454 Decretum

332 2475 379 2509 est
402 2475 557 2519 longius,
583 2471 753 2514 exstatque
775 2469 861 2515 apud
887 2469 1106 2511 Gratianum,
1130 2470 1164 2504 δε
1189 2471 1224 2504 in

334 2525 481 2560 Decreto
501 2523 609 2559 Sansti
645 2523 758 2566 Jvonis
793 2520 951 2564 Episcopi
991 2519 1222 2557 Carnutenfis.

334 2577 485 2611 Omnem
504 2573 632 2609 Italiam
653 2572 795 2606 turbavit
819 2569 887 2607 haec
902 2571 1037 2612 quaestio
1050 2595 1061 2611 ‚
1088 2568 1225 2614 ideoque

335 2625 506 2661 laudatum
529 2624 708 2658 Decretum
732 2621 885 2667 lingulati
897 2621 938 2655 ad
950 2621 1113 2664 Ioannem
1124 2621 1225 2656 Cesae-

163 2692 295 2733 Opust&
335 2687 387 2711 11ae
407 2674 606 2720 Episcopum
629 2675 664 2708 δε
675 2672 878 2707 Ravennatis
891 2671 1040 2705 Ecclefiae
1054 2669 1227 2706 Archidia-

335 2736 461 2761 conum
484 2723 645 2768 opusculo
666 2721 839 2758 defendere
850 2731 950 2765 atque
969 2732 1133 2764 exponere
1154 2732 1227 2756 coa·

335 2778 402 2811 &us
422 2775 486 2811 fuit
507 2776 644 2811 Sanctus
662 2774 778 2809 Petrus
798 2771 958 2808 Damiani
971 2795 979 2803 .
1007 2770 1046 2804 In
1070 2772 1138 2806 istis
1151 2783 1224 2816 prae·

160 2808 317 2889 {ist-5⁶¹7?
336 2825 445 2862 sertim
468 2825 619 2861 Ecclefiis
639 2823 813 2859 contentio
834 2820 1009 2856 bulliebat.
1038 2822 1164 2861 Eadem
1185 2821 1226 2858 de

337 2887 372 2910 re
394 2876 482 2911 idem
503 2875 619 2910 Petrus
639 2872 681 2908 ad
712 2873 825 2907 nescio
856 2871 966 2915 quem*
996 2871 1226 2916 Presbyterum

332 2926 459 2971 fcripfit
472 2924 635 2961 eruditam
658 2922 841 2967 Epistolam
853 2946 861 2954 .
887 2921 950 2955 Sed
961 2932 1069 2964 neque
1080 2923 1120 2955 fic
1131 2924 1226 2957 ceffa‘

337 2986 415 3011 runt
434 2975 622 3011 incestuosa
643 2973 799 3018 conjugia
812 2996 820 3007 .
847 2972 959 3020 Qare
979 2970 1041 3005 isto
1053 2972 1125 3015 ipso
1139 2983 1228 3009 anno

337 3027 439 3061 aliam
474 3027 664 3061 Romanam
699 3021 872 3067 Synodum
904 3022 1116 3066 congregavit
1140 3023 1228 3057 idem

337 3074 520 3115 Pontifex,
545 3077 580 3109 &
603 3085 719 3112 omnes
729 3074 827 3114 illos,
851 3072 909 3116 qui
919 3072 995 3106 talia
1006 3071 1160 3117 conjugia
1171 3081 1228 3108 aut

339 3125 493 3168 deinceps
510 3123 740 3158 contraherent
753 3147 765 3164 ,
799 3131 856 3158 aut
877 3122 944 3165 jam
966 3125 1129 3157 contracta
1157 3134 1227 3158 non

339 3175 524 3210 desererent
537 3197 548 3214 ,
574 3174 797 3208 Ecclefiastica
817 3171 1055 3208 communione
1069 3174 1208 3216 privavit
1219 3198 1227 3206 .

342 3225 535 3268 Utramque
556 3223 728 3267 Synodum
749 3223 886 3264 laudat,
922 3223 955 3256 ὅ(
985 3223 1100 3257 eodem
1137 3234 1228 3258 anno

335 3275 461 3310 fictam
481 3275 619 3309 affirmat
641 3274 678 3307 in
699 3274 858 3316 opusculo
870 3272 911 3307 de
920 3282 1108 3317 contemptu
1121 3273 1227 3310 saeculi

343 3324 495 3360 laudatus
514 3324 630 3359 Petrus
655 3322 813 3357 Damiani
826 3349 837 3364 ,
862 3321 986 3356 addens
1007 3334 1067 3358 nec
1084 3335 1163 3358 tunc
1185 3335 1227 3357 ex

342 3373 490 3411 millibus
516 3374 573 3408 vix
594 3384 698 3409 unum
720 3372 923 3418 Apostolicis
953 3372 1142 3417 jussionibus
1169 3372 1228 3409 ob-

343 3424 551 3472 temperasse.

1287 1771 1589 1806 matrimonialibus
1613 1773 1713 1809 causis
1736 1772 1846 1811 scribit
1867 1773 2048 1808 Matthaeus
2059 1773 2181 1808 Mona·

1286 1818 1365 1855 chus
1379 1834 1391 1854 ,ε
1418 1822 1540 1857 Gradus
1566 1823 1659 1866 aliqui
1680 1822 1773 1856 dtdot
1782 1820 1943 1864 perbibent
1964 1824 1986 1856 ἃ
2007 1825 2185 1858 translatio»
2243 1831 2245 1833 '
2281 1817 2284 1821 ’

1286 1882 1322 1904 ne
1336 1872 1489 1914 graduum
1509 1870 1602 1915 skale
1615 1896 1623 1906 .
1650 1873 1777 1916 ,Quippe
1793 1871 1868 1914 ficut
1886 1880 2000 1915 percos
2010 1871 2184 1916 sifi-endunt

1284 1932 1320 1954 ac
1343 1920 1553 1965 descenditur,
1578 1928 1624 1956 ita
1642 1931 1699 1965 per
1723 1924 1841 1971 gradus
1859 1929 2042 1966 cognationis
2054 1925 2183 1959 tamud-
2235 1941 2239 1945 ·

1278 1969 1454 2013 fcendentes
1478 1975 1572 2014 quim
1596 1971 1807 2015 descendentes
1842 1976 2042 2006 inveniuntur
2068 1998 2076 2006 .
2112 1976 2180 2018 ,ραι

1283 2023 1356 2056 verb
1373 2020 1414 2064 fic
1432 2020 1546 2063 adse&
1569 2033 1627 2054 non
1646 2020 1720 2064 sunt
1733 2045 1745 2061 ,
1771 2033 1810 2056 ex
1821 2019 1994 2065 transversi»
2007 2021 2181 2067 cognoscun-

1283 2079 1333 2104 tur
1346 2096 1354 2103 .
1381 2072 1533 2105 caetenim
1552 2071 1669 2117 gradus
1687 2076 1733 2104 ita
1743 2078 1906 2114 comparati
1913 2070 2011 2115 fiant,
2034 2072 2179 2116 utsecun-

1283 2122 1357 2158 dicm
1378 2123 1513 2155 ordinem
1533 2118 1760 2167 generationum
1775 2123 1958 2163 procedant.
1987 2124 2110 2167 ,Quippe
2131 2136 2178 2158 re-

1284 2177 1401 2210 ceptum
1413 2168 1474 2209 est,
1499 2177 1534 2202 ut
1544 2170 1685 2211 quaeltbet
1691 2176 1847 2213 generatio
1850 2174 1985 2214 gradum
2006 2184 2099 2206 unum
2120 2173 2178 2207 ab·

1279 2216 1382 2262 solam
1395 2244 1403 2253 .
1431 2219 1550 2253 Deinde
1574 2219 1706 2262 *quidam
1739 2226 1774 2252 in
1797 2221 1988 2254 latitudinem
2014 2244 2027 2262 ‚
2051 2223 2178 2265 quidm

1285 2270 1421 2302 deorsam
1441 2270 1754 2314 extenduntuqff‘gut
1765 2275 1798 2303 tn
1807 2271 2027 2312 latitudinem,
2050 2272 2178 2307 eundem

1284 2318 1362 2353 inter
1377 2317 1412 2360 se
1433 2317 1714 2360 ordinem'servant
1740 2343 1747 2350 .
1783 2324 1873 2352 Nam
1905 2327 1959 2363 qut
1977 2321 2065 2358 liberi
2079 2321 2174 2366 sunt,

1278 2374 1413 2409 primum
1426 2378 1526 2401 omnes
1533 2369 1666 2412 gradum
1679 2368 1804 2410 implent
1813 2395 1824 2413 ι
1851 2377 1902 2411 qut
1909 2371 2029 2414 fratres
2042 2396 2053 2412 ,
2074 2370 2186 2415 [ει-ων

1284 2420 1321 2450 do
1343 2424 1422 2452 inter
1438 2416 1470 2461 se
1489 2419 1589 2462 gradu
1603 2420 1776 2462 jungami-
1797 2443 1809 2459 ,
1842 2420 1909 2453 licet
1927 2422 2031 2462 plures
2054 2433 2175 2456 numero

1276 2467 1339 2510 sint
1361 2470 1454 2511 quam
1476 2470 1595 2503 decem.
1621 2469 1750 2503 Decem
1775 2470 1885 2504 fratres
1910 2481 1965 2515 per
1983 2471 2098 2506 decem
2118 2483 2178 2517 ge·

1284 2518 1470 2554 nerationes
1491 2519 1567 2553 sunt
1582 2543 1593 2559 ,
1618 2519 1655 2554 ἀ
1674 2529 1786 2553 tamen
1814 2519 1899 2555 inter
1918 2521 2061 2564 primum
2073 2523 2107 2555 δε
2119 2522 2174 2557 do·

1283 2569 1407 2604 cimum
1430 2579 1500 2602 non
1522 2570 1597 2602 sunt
1619 2569 1735 2603 decem
1757 2569 1897 2613 gradus,
1922 2570 1976 2603 sed
1997 2571 2060 2604 soli
2082 2571 2171 2605 duo.

1284 2616 1386 2665 Qod
1410 2617 1528 2661 nempe
1552 2628 1669 2653 omnes
1691 2618 1754 2652 illae
1773 2619 2001 2663 generationes
2023 2620 2083 2653 fint
2093 2620 2172 2663 ejuss

1282 2669 1358 2704 dem
1377 2668 1558 2703 vicinitatis
1580 2666 1622 2702 ad
1644 2678 1824 2701 commune
1844 2668 2039 2712 principium
2063 2694 2070 2702 .
2110 2670 2171 2705 Ea,

1282 2719 1358 2753 dem
1378 2718 1476 2753 tradit
1501 2719 1536 2751 in
1555 2716 1622 2760 jure
1644 2717 1760 2752 Graeco
1772 2736 1783 2742 -
1795 2718 1952 2755 Romano
1983 2720 2171 2757 Demetrius

1283 2767 1510 2803 Chomatenus
1530 2766 1825 2803 Thessalonicensis
1848 2769 2048 2813 Episcopus,
2073 2779 2171 2815 atque

1283 2818 1453 2864 adjungit:
1481 2821 1574 2853 Pater
1596 2819 1641 2852 ad
1653 2818 1751 2860 filium
1772 2819 1851 2851 nullo
1871 2820 1954 2852 modo
1975 2822 2168 2864 graduatur.
2185 2824 2212 2853 F.
2238 2831 2303 2861 31¹·

1286 2871 1448 2912 Proptereti
1472 2870 1554 2912 quod
1580 2869 1673 2903 radix
1695 2868 1783 2909 hujus
1802 2868 1840 2909 est
1863 2879 1952 2910 atque
1962 2876 2168 2912 principium,

1284 2931 1359 2953 unus
1377 2920 1496 2964 gradus
1524 2917 1609 2961 filius
1634 2930 1698 2954 cum
1713 2927 1803 2961 patre
1820 2919 1875 2961 esse
1897 2918 2028 2962 censetur
2052 2946 2057 2953 .
2103 2923 2168 2955 Duo

1283 2980 1381 3004 autem
1395 2975 1554 3015 germani,
1579 2974 1650 3011 quia
1669 2981 1707 3002 ex
1729 2969 1846 3002 duabus
1864 2970 2093 3013 progrediuntur
2109 2981 2161 3014 ge-

1283 3021 1503 3061 nerationibus,
1530 3019 1601 3054 duos
1622 3030 1732 3065 quoque
1748 3020 1865 3064 gradus
1880 3019 2005 3061 faciunt
2026 3046 2034 3053 .
2076 3020 2166 3055 Con·

1287 3071 1437 3106 sobrinos
1459 3069 1495 3105 in
1506 3079 1646 3112 quarto,
1670 3069 1865 3103 sobrinosin
1878 3071 1994 3108 sexto,
2020 3070 2165 3114 ipsorum

1278 3121 1390 3164 proles
1411 3122 1446 3156 in
1465 3121 1581 3154 octavo
1601 3144 1611 3160 ,
1638 3130 1787 3164 patruum
1807 3121 1841 3156 &
1871 3129 2001 3163 neptem
2022 3121 2162 3155 affirmat

1286 3172 1347 3205 effe
1369 3173 1404 3205 in
1426 3170 1523 3205 tertio
1539 3170 1640 3214 gradu
1654 3194 1666 3211 ‚
1689 3170 1725 3204 ὅ(
1748 3170 1789 3203 fic
1807 3169 1980 3212 deinceps.
2007 3169 2101 3203 Errat
2112 3180 2164 3213 pa·

1287 3232 1367 3255 trem
1387 3222 1421 3261 ὃς
1442 3220 1548 3256 filium
1571 3220 1665 3255 nullo
1677 3219 1966 3265 distinguigradu:
1991 3217 2165 3264 Distingui

1288 3273 1387 3306 unico
1409 3269 1585 3307 Matthaeus
1596 3268 1803 3310 Monachus,
1829 3270 1863 3303 in
1889 3269 2164 3314 Legumsynopst
2202 3271 2204 3276 '
2258 3264 2261 3266 ’

1288 3321 1434 3357 Michael
1456 3320 1632 3357 Attaliates
1657 3345 1668 3361 ,
1701 3320 1821 3363 aliique
1852 3318 1956 3357 Graeci
1976 3319 2164 3355 constanter

1287 3373 1432 3408 tradunt.
1455 3372 1497 3407 Et
1509 3370 1641 3417 quidem
1654 3371 1733 3405 sexti
1743 3369 1861 3415 gradus
1870 3393 1881 3410 ,
1895 3370 1947 3403 seu
1957 3369 2166 3406 sobrinorum

1288 3424 1419 3468 nuptias
1435 3422 1455 3458 ὲ
1478 3421 1591 3458 multis
1612 3420 1733 3457 saeculis
1760 3419 1960 3456 diremerunt
1981 3444 1993 3461 ,
2028 3419 2165 3503 Pagi-iar,-

2043 3482 2070 3504 4,»
2096 3480 2115 3505 a
