2366 3756
70 515 206 556 Epist-36.

63 1399 115 1437 Ep.
130 1404 174 1430 ιε.

57 1894 111 1929 Ep.
129 1895 176 1922 81-

56 2232 109 2270 ΕΡ.
135 2241 203 2260 220.

229 2469 302 2513 γΒεο
321 2466 471 2506 cariffimls
480 2471 513 2499 in
535 2476 611 2499 more
627 2466 752 2507 pofitum
765 2467 852 2507 fuit,
881 2468 1053 2501 &omnium
1066 2473 1119 2500 im·

904 94 1391 142 DICTA-rus.

244 178 313 213 bias
327 184 382 210 aut
399 173 546 210 difficiles
556 177 666 213 causas
678 177 785 212 omnis
797 179 920 221 semper
928 178 1123 221 Metropoli-

243 238 275 262 ta
285 253 293 268 ,
305 224 490 260 Patriarcha
500 251 511 267 ‚
521 236 618 271 atque
630 227 783 271 Synodus
795 228 976 262 debuerunt
989 228 1117 263 referre.

243 275 378 310 Etenim
412 274 453 312 ad
475 276 709 312 Milevitanam
739 277 916 324 Byzacenae
938 277 1120 311 Provinciae

242 325 415 369 synodum
428 326 550 371 scripsit
562 328 685 372 primus
695 327 910 362 Innocentius
925 340 933 359 :
958 328 1120 371 Diligenter

243 377 411 420 &congrue
434 377 588 419 apostolico
609 367 757 421 confiditis
779 377 900 418 bonon,
923 376 1013 421 super
1036 378 1122 410 rebus

243 432 347 459 anxiis
370 438 439 470 quae
454 427 494 469 fit
502 430 634 462 tenenda
654 426 826 471 fintentia.
854 432 993 471 Antiquae
1011 426 1123 471 scilicet

243 478 364 521 Regulae
386 477 521 518 formam
538 478 631 521 ficati
644 502 655 518 ‚
681 489 768 520 quam
779 488 836 512 toto
854 477 969 522 semper
989 478 1031 512 ab
1057 478 1123 511 orbe

243 536 357 560 mecam
380 527 466 567 nostis
491 528 542 570 effe
556 527 713 570 sbrvatam
740 554 747 560 .
774 528 817 563 Et
838 528 970 563 dubiam
993 529 1121 562 causam

243 577 400 620 quaerenti
422 577 492 611 viro
514 577 632 612 illustri
644 578 777 611 Senario
800 578 964 622 respondit
989 579 1122 612 Sanctus

243 627 366 660 Avitus
390 626 587 661 Viennensis
608 628 892 672 archiepiscopus:
920 632 999 661 Dum
1019 630 1039 660 ὰ
1052 631 1122 661 Pro-

244 677 426 710 vim-talibus
446 684 520 711 meis
542 677 669 721 consulor
695 703 704 720 ‚
731 677 903 721 respondere
939 685 1029 712 etiam
1050 690 1099 722 ego
1111 702 1122 718 ,

245 732 278 759 ni
302 730 456 768 Priorem,
483 727 598 770 utique
618 728 841 772 Apostolicam
866 727 979 763 Sedem
994 754 1004 769 ,
1030 727 1122 770 consu-

245 778 327 817 lam,
353 789 411 810 non
429 777 596 821 praesumo.
624 777 836 822 Apostolicus
848 780 968 814 Canon
988 790 1122 817 omnes,

245 836 315 860 non
336 828 442 862 solum
465 828 765 872 Metropolitanos,
793 829 845 863 sed
869 829 965 864 etiam
989 828 1122 862 Provin-

244 877 342 909 ciales
354 877 535 919 Episcopos
545 879 741 921 accipiendae
753 879 1008 914 consecrationis
1018 878 1120 923 gratia

243 926 377 960 mandat
388 925 538 961 accedere
549 927 590 962 ad
601 926 793 963 patriarchae
803 940 919 963 manus
930 953 940 969 ‚
966 940 1021 962 aut
1034 926 1120 961 cette

243 987 315 1011 non
336 977 394 1010 nisi
410 976 451 1010 ad
465 977 618 1020 praevium
640 979 705 1020 eius
713 978 1029 1012 examen&litteras
1040 988 1118 1010 con·

243 1027 369 1060 sectari.
396 1023 581 1060 Eustatiani
602 1026 782 1061 schismatis
802 1026 996 1061 diuturnitas
1017 1026 1119 1060 hocce

246 1076 453 1111 Antiocheni
474 1074 665 1110 Patriarchae
686 1076 735 1118 jus
754 1077 895 1120 graviter
922 1077 1043 1110 laeserat
1066 1087 1118 1119 per

244 1137 380 1160 omnem
413 1126 618 1160 orientalem
646 1127 824 1159 Dioecefim
846 1149 853 1156 .
893 1125 1118 1169 Metropolitae

242 1176 318 1209 suos
328 1176 553 1220 Suffraganeos
565 1177 623 1210 suo
648 1174 758 1218 paffim
777 1186 857 1210 nutu
871 1174 1117 1211 consecrabant.

242 1223 320 1259 Post
339 1225 535 1259 exstintstutn
557 1224 695 1261 schisma
719 1225 909 1261 Alexander
931 1225 1116 1260 Patriarcha

241 1275 409 1309 laudatum
424 1274 654 1317 Apostolicum
676 1276 851 1310 canonem
868 1288 1012 1320 reparare
1023 1286 1119 1310 cona-

242 1337 293 1359 tus
304 1324 348 1358 est
358 1350 368 1365 ,
394 1324 507 1358 verum
518 1325 744 1368 Metropolitis
754 1327 883 1362 favebat
905 1326 1029 1361 vetusta
1040 1338 1118 1361 con-

241 1374 395 1410 suetudo.
426 1374 521 1410 Hinc
544 1376 681 1411 anxium
704 1377 738 1410 δε
762 1376 927 1412 difficilem
942 1378 1050 1411 casum
1064 1377 1120 1410 ille

240 1427 352 1459 retulit
364 1426 564 1460 Innocentio
574 1426 681 1470 primo
692 1451 704 1467 ,
730 1427 764 1462 ὅ(
774 1428 877 1462 exstat
888 1427 984 1471 hujus
995 1427 1121 1461 Rescri—

239 1485 335 1519 ptum
347 1500 354 1508 .
381 1475 512 1522 Qaevis
531 1475 615 1512 olim
626 1477 760 1512 Basilica
781 1477 899 1512 habere
914 1489 983 1512 non
995 1486 1120 1521 poterat

239 1525 302 1559 nifi
325 1525 461 1560 unicum
473 1525 608 1561 Altare:
637 1527 680 1562 Et
691 1529 824 1571 antiqua
846 1528 1120 1566 Graecorumcon-

238 1574 378 1610 suetudo
398 1576 435 1610 in
457 1576 701 1612 eodem4terari
723 1576 843 1612 eodem
861 1578 915 1612 die
927 1576 1120 1612 sacrificium

237 1635 309 1656 non
321 1627 464 1666 permisit
475 1651 482 1657 .
510 1626 623 1659 Plures
646 1628 681 1659 &
693 1628 794 1659 vastas
810 1628 962 1659 Basilicas
979 1624 1120 1659 habebat

238 1671 468 1706 Alexandrina
488 1673 605 1706 civitas
629 1697 640 1712 ,
665 1671 886 1707 nihilominus
912 1674 1119 1709 numerofiffi-

236 1733 297 1756 mo
319 1722 442 1765 populo
461 1722 658 1764 quandoque
690 1734 759 1754 non
783 1723 989 1756 sufficiebant
1011 1748 1018 1755 .
1047 1725 1119 1757 Ma-

238 1772 316 1816 gnis
336 1771 370 1803 in
383 1770 471 1804 festis
494 1779 549 1804 aut
563 1770 670 1804 iterari
683 1771 717 1804 in
730 1771 849 1806 eodem
873 1772 982 1806 Altari
1006 1773 1118 1806 sacrifi·

238 1822 328 1855 cium
339 1844 350 1861 ,
376 1831 432 1854 aut
443 1831 596 1864 magnam
609 1821 724 1863 populi
735 1831 857 1865 partem
874 1823 1046 1865 oportebat
1058 1823 1118 1856 illo

239 1871 357 1915 privari
371 1895 378 1902 .
396 1871 502 1904 Hunc
511 1871 611 1904 etiam
627 1871 764 1905 arduum
773 1873 883 1906 casum
894 1872 1024 1916 Magno
1035 1872 1119 1907 Leo-

237 1922 276 1954 ni
296 1919 601 1955 retulitPatriarcha
623 1920 827 1963 Dioscorus,
854 1921 1002 1956 &exstat
1029 1921 1119 1955 illius

237 1971 463 2014 Rescriptum.
491 1967 654 2003 Arianum
678 1972 831 2007 Valentis
855 1970 1053 2015 Imperium,
1081 1983 1118 2005 ac

237 2020 306 2063 ejus
324 2021 360 2055 in
395 2020 568 2054 Nicaenam
590 2021 690 2054 fidem
730 2021 887 2056 violentia
909 2021 1119 2056 Catholicam

237 2070 420 2105 orientalis
433 2069 581 2103 Ecclefiae
600 2071 872 2104 communionem
896 2072 1010 2104 multis
1023 2068 1119 2102 naevis

238 2131 277 2154 ac
299 2118 566 2163 perplexitatibus
588 2118 814 2156 intricaverat,
841 2118 981 2161 ideoque
992 2117 1032 2151 ad
1051 2117 1119 2151 Da-

240 2170 368 2203 masum
395 2167 592 2202 Pontificem
628 2167 747 2210 scripsit
783 2166 929 2212 Magnus
961 2163 1117 2201 Basilius:

241 2224 357 2255 Horum
366 2219 443 2251 certe*
468 2219 609 2250 malorum
619 2218 840 2260 remediumeffe
862 2223 979 2251 unicum
991 2217 1119 2250 arbitra·

240 2277 310 2301 mur
329 2265 524 2309 miserationis
544 2275 608 2300 tuae
640 2266 835 2309 visitationem
859 2291 870 2308 ‚
895 2269 929 2301 <St
947 2267 1117 2311 fhllicitudt-

240 2327 329 2350 nem.
355 2317 439 2350 Non
451 2315 641 2359 Rescripta,
667 2317 718 2352 sed
733 2318 876 2361 Legatos
896 2316 1044 2352 adfirmat
1065 2328 1119 2352 ne·

239 2365 410 2407 ceffitrios,
436 2374 532 2409 atque
551 2365 740 2401 concludit:
770 2366 895 2410 Prorfics
919 2368 998 2401 nihil
1010 2373 1115 2401 intem·

234 2415 385 2458 pestivum
404 2422 536 2458 cupimus
558 2439 571 2456 ,
591 2416 651 2459 sed
667 2419 749 2459 quod
769 2416 868 2450 beatis
891 2419 959 2451 olim
980 2423 1061 2451 viris
1084 2418 1119 2450 6·

234 2522 343 2558 primis
347 2516 506 2557 familiare
521 2515 605 2548 vobis
623 2514 691 2557 ipsis
703 2541 710 2549 .
744 2521 898 2550 Novimus
909 2522 988 2551 enim
998 2521 1117 2558 partim

235 2565 371 2606 beneficio
389 2571 538 2599 memortae
553 2565 810 2609 perfiacceffionem
820 2578 919 2601 rerum
931 2569 952 2600 ἃ
965 2567 1113 2600 Patribus

235 2615 283 2647 ad
298 2625 351 2647 nos
370 2615 566 2647 deductarum
579 2636 589 2652 ‚
607 2619 726 2655 partlm
743 2624 800 2657 per
830 2618 950 2651 litteras
971 2618 1065 2650 edodi'i
1075 2618 1117 2649 ἰη-

234 2664 395 2706 telligimus
417 2689 429 2704 ,
455 2675 524 2706 quae
540 2662 612 2706 sunt
639 2669 807 2699 etiamnum
825 2668 912 2707 apud
930 2676 983 2699 nos
1003 2667 1118 2707 custodi-

234 2721 279 2746 tae
300 2736 311 2752 ,
339 2712 497 2753 Dionysium
522 2715 605 2747 illum
620 2713 810 2754 beatiffimum
830 2714 1010 2758 Episcopum
1030 2740 1041 2756 ,
1067 2723 1117 2760 qui

234 2766 305 2796 olim
326 2763 412 2804 apud
435 2774 491 2795 vos
510 2764 707 2797 celeberrimus
727 2775 794 2798 erat
814 2789 826 2804 ,
846 2773 903 2807 per
914 2767 1037 2800 litteras
1043 2766 1116 2809 suas

236 2810 395 2853 Ecclefiam
416 2811 542 2852 nostram
561 2812 771 2856 Caesariensem
793 2815 899 2858 curasse
923 2838 934 2854 ,
959 2817 994 2849 Θ
1017 2817 1114 2860 misisse

236 2861 291 2894 buc
314 2863 350 2895 de
364 2860 431 2904 suis
452 2867 501 2904 qui
514 2861 631 2902 fratres
642 2864 776 2897 liberaret
805 2866 826 2897 ὰ
850 2870 1048 2906 captivitate.
1077 2872 1115 2899 At

234 2914 306 2945 vero
338 2909 473 2953 praesens
499 2910 657 2950 nostrarum
681 2925 780 2947 rerum
801 2913 899 2955 status
933 2917 1025 2950 multo
1052 2915 1090 2956 est
1104 2942 1114 2957 ‚

234 2963 328 3005 qucim
351 2960 492 3003 illesum,
517 2961 678 3003 difficilior,
704 2966 793 2998 multo
821 2965 966 3007 depreffior
990 2967 1114 3001 &cala-

619 3111 732 3240 Q

324 3359 522 3406 ichristLupi
533 3367 621 3405 oper.
634 3365 749 3397 TomV.

1162 191 1172 291 l

1901 120 1988 165 341

1187 179 1328 221 mltofior,
1355 181 1491 214 &multo
1514 182 1653 222 maJ‘orem
1674 182 1793 227 flagitat
1811 181 2053 226 sollicitudinem.

1185 230 1237 263 Ex
1258 230 1375 273 quibus
1398 231 1482 265 lucet
1508 242 1577 266 non
1605 233 1711 267 solum
1734 232 1752 265 a
1776 234 1992 276 spectantibus
2015 237 2057 271 ad

1189 278 1376 313 Romanum
1413 280 1672 316 Patriarchatum
1705 282 1929 326 Metropolitis
1957 308 1967 323 ‚
2005 285 2059 320 sed

1183 330 1280 362 etiam
1293 330 1333 364 ab
1344 330 1568 374 autocephalis
1577 342 1632 375 per
1642 333 1814 367 Orientem
1826 333 2023 368 primatibus
2045 359 2059 376 ‚

1183 390 1219 412 ae
1243 380 1313 423 ipsis
1336 379 1530 414 Patriarchis
1566 381 1681 416 dubias
1718 383 1752 416 ἀ
1773 382 1919 417 difficiles
1945 385 2057 419 causas

1184 430 1274 463 fuisse
1297 432 1420 474 semper
1433 430 1546 464 relatas
1568 431 1608 465 ad
1622 432 1847 476 Apostolicam
1860 433 1995 474 Sedem‚
2022 435 2059 468 &

1183 478 1266 512 hanc
1286 481 1349 514 effe
1371 490 1557 524 perpetuam
1579 482 1849 516 consuetudinem
1881 509 1886 515 .
1915 484 1957 517 Et
1980 483 2059 517 hinc

1181 530 1221 562 ad
1247 529 1372 563 Rufum
1399 528 1723 565 Thessalonicensem
1755 532 1953 575 Episcopum
1980 531 2059 567 recle

1183 579 1302 622 scripfit
1316 580 1507 614 Bonifacius
1517 581 1640 623 primus
1655 594 1661 613 :
1688 584 1772 625 ,Quia
1785 593 1832 615 res
1840 581 1985 623 postulat,
2005 591 2059 624 ap-

1176 628 1363 670 probandum
1385 629 1422 668 est
1447 632 1626 665 documentis
1646 656 1656 672 ‚
1682 637 1831 664 maximas
1861 633 2058 665 Orientalium

1182 678 1323 720 Ecclefias
1351 685 1385 712 in
1406 686 1523 723 magnis
1544 686 1665 723 negotiis
1683 706 1694 722 ‚
1720 688 1752 714 in
1773 682 1879 724 quibus
1900 690 1972 723 opus
1994 682 2060 724 effer

1181 727 1385 771 disceptatione
1410 732 1539 770 maiori,
1562 730 1660 773 sedem
1679 729 1796 773 semper
1823 731 1981 775 consuluiffie
2003 735 2060 764 Ro·
2077 735 2125 773 Ep.
2137 743 2185 766 ιο.

1163 824 1165 826 1
1181 791 1303 812 monam
1314 804 1324 820 ,
1350 781 1384 814 Θ
1395 785 1505 822 quoties
1515 778 1582 823 usus
1596 785 1691 823 exegit
1700 806 1710 820 ,
1737 783 1801 821 ejus
1812 784 1957 815 auxilium
1963 782 2063 824 postu·

1179 829 1258 871 lasse.
1287 829 1411 864 Probat
1431 829 1586 873 exemplis
1598 831 1716 870 variis,
1754 841 1895 872 quorum
1930 831 2059 865 adduco

1181 878 1315 912 unicum
1329 894 1340 912 .·
1353 881 1584 920 Clementiffimae
1595 881 1805 915 recordationis
1820 883 1963 922 Princeps
1973 881 2064 914 Theo-

1181 929 1270 969 dofius
1303 929 1440 962 Nec‘larii
1475 929 1839 973 Constantinopolitani
1864 930 2015 973 Episcopi
2036 931 2056 963 a

1180 977 1548 1023 Constantinopolitana
1561 982 1698 1024 Synodo
1711 981 1828 1014 fastam
1848 980 2062 1014 ordinationem

1178 1031 1334 1067 propterea?
1367 1036 1437 1070 quia
1471 1036 1504 1063 in
1525 1030 1622 1070 nostra
1646 1036 1754 1064 notitia
1779 1042 1838 1064 non
1863 1031 1929 1073 esset
1960 1055 1970 1070 ,
2007 1029 2062 1062 ba-

1181 1076 1247 1109 bere
1272 1088 1329 1109 non
1354 1078 1524 1116 existimans
1556 1080 1730 1121 firmitatem
1756 1105 1766 1120 ‚
1804 1082 1887 1122 mtffis
1921 1082 1937 1113 ἐ
1967 1081 2058 1113 latere

1180 1123 1229 1167 suo
1244 1127 1353 1159 Aulicis
1374 1137 1438 1161 cum
1458 1129 1639 1170 Episcopts‚
1666 1135 1842 1164 Formarum
1854 1130 1920 1164 huic
1944 1131 1964 1161 ἃ
1989 1129 2059 1162 Sede

1183 1179 1319 1210 Romana
1344 1177 1448 1219 dirigi‘
1462 1180 1635 1221 regulariter
1667 1179 1830 1220 depoposcit
1854 1206 1864 1220 ‚
1889 1190 1956 1221 quae
1994 1181 2060 1220 ejus

1181 1226 1377 1258 Sacerdotium
1399 1226 1548 1259 roboraret
1568 1253 1575 1259 .
1604 1227 1746 1261 Nediarii
1768 1227 1867 1272 igitur
1892 1229 2063 1270 Episcopa-

1181 1285 1252 1309 tum
1272 1300 1283 1317 ,
1310 1276 1477 1319 quousque
1497 1276 1531 1309 δε
1553 1275 1672 1309 relatus
1696 1278 1737 1309 ad
1760 1276 1986 1318 Apostolicam
2011 1277 2063 1310 Se-

1181 1327 1255 1363 dem
1268 1350 1278 1366 ,
1304 1326 1414 1367 &ejus
1428 1325 1598 1368 Rescripto
1610 1325 1755 1359 firmatus
1772 1326 1849 1359 esset
1865 1351 1876 1367 ,
1903 1326 1939 1358 T
1940 1324 2066 1360 heodo-·

1182 1376 1242 1409 sius
1256 1376 1458 1411 noverateffe
1478 1377 1645 1409 infirmum
1665 1385 1761 1418 atque
1774 1375 1952 1409 caducum.
1982 1376 2061 1409 Erat

1181 1427 1271 1460 enim
1292 1428 1385 1460 causa
1408 1418 1571 1467 difficilis,
1597 1425 1681 1459 &ad
1705 1425 1891 1460 universalis
1915 1426 2061 1460 Ecclesiae

1183 1487 1295 1520 pacem
1316 1476 1490 1519 spectabat.

1231 1526 1380 1570 Qidam
1405 1525 1600 1560 Romanum
1624 1526 1807 1560 Primatum
1834 1536 1982 1562 truncare
2006 1536 2062 1559 aut

1182 1573 1375 1608 contrahere
1400 1573 1588 1615 studentes,
1609 1574 1778 1609 Romanas
1799 1588 1840 1609 ex
1863 1577 1976 1609 alienis
1990 1587 2073 1619 praer

1182 1624 1291 1658 sertim
1329 1622 1605 1658 Patriarchatibus
1631 1626 1866 1668 appellationes
1901 1627 2065 1660 affirmant

1182 1674 1381 1707 introdustas
1403 1674 1421 1706 a
1449 1674 1628 1707 Sardicensi
1666 1678 1807 1717 primum
1832 1677 1970 1717 Synodo
1993 1700 2004 1716 ,
2030 1676 2065 1709 ὃς

1181 1722 1437 1767 antea..viguisse
1458 1724 1541 1757 solas
1552 1724 1740 1768 graviorum
1764 1725 1979 1759 &dubiarum
1992 1737 2066 1759 cau-

1182 1774 1285 1807 satum
1307 1774 1499 1807 relationes.
1529 1774 1680 1808 Graviter
1703 1775 1873 1808 labuntur.
1905 1775 2066 1809 Attamen

1182 1823 1349 1858 laudatum
1364 1823 1545 1857 Primatum
1557 1848 1568 1864 ‚
1595 1824 1669 1858 licet
1680 1824 1868 1865 decurrent,
1895 1836 1963 1858 non
1979 1837 2067 1859 ever-

1182 1881 1274 1907 tunt.
1304 1874 1435 1907 Etenim
1460 1874 1571 1908 relatio
1583 1872 1682 1909 habet
1704 1886 1818 1909 omnes
1837 1876 2066 1918 appellationis

1181 1923 1312 1956 effestus
1326 1947 1338 1963 ,
1363 1924 1508 1959 devolvit
1519 1935 1615 1969 atque
1628 1925 1726 1960 etiam
1746 1925 1913 1969 suspendit
1927 1927 2060 1965 omnia,

1181 1970 1271 2005 &ita
1292 1973 1499 2007 referentium
1522 1977 1733 2016 synodorum
1758 1976 1791 2009 &
1806 1975 2067 2011 patriarcharum

1180 2019 1302 2060 judicia
1324 2022 1480 2056 Romano
1494 2023 1659 2067 Episcopo
1682 2026 1777 2068 plene
1788 2026 1915 2067 subjicit
1931 2051 1941 2066 ‚
1968 2038 2067 2069 atque

1181 2066 1222 2100 ad
1233 2067 1300 2109 ejus
1319 2070 1420 2111 usque
1432 2073 1721 2107 confirmationem
1735 2076 1904 2117 profitetur
1930 2086 2066 2115 nutare,

1181 2117 1295 2151 &non
1318 2118 1381 2150 effe
1401 2126 1467 2152 rata
1485 2143 1492 2149 .
1523 2119 1636 2164 Qare
1658 2121 1792 2154 Sanstus
1822 2124 1977 2158 Pontifex
2006 2126 2070 2159 Ni-

1181 2167 1293 2201 colaus
1316 2167 1439 2210 primus
1455 2191 1467 2207 ,
1495 2166 1575 2202 dum
1600 2169 1838 2213 Episcoporum
1863 2171 2071 2217 degradatio-

1184 2228 1239 2251 nes
1250 2227 1319 2251 non
1331 2217 1472 2261 amplius
1494 2218 1564 2260 post
1580 2241 1595 2258 ,
1618 2219 1669 2252 sed
1694 2220 1844 2263 deinceps
1856 2232 1932 2255 ante
1955 2221 2066 2259 datam

1182 2266 1376 2302 sententiam
1408 2266 1516 2301 voluit
1534 2268 1639 2302 referri
1661 2268 1701 2302 ad
1714 2271 1803 2304 suam
1817 2270 1950 2305 sedema
1988 2273 2068 2307 Pro-

1183 2317 1362 2351 vinciarum
1383 2317 1548 2360 Synodis,
1577 2319 1654 2353 fecit
1676 2319 1819 2364 aliquam
1834 2321 1974 2366 Antiqui
1998 2335 2069 2359 mo-

1182 2368 1225 2401 ris
1250 2367 1283 2403 &
1308 2367 1458 2401 Canonis
1484 2370 1701 2403 mutationem
1722 2395 1733 2411 ,
1760 2368 1814 2404 sed
1842 2371 1935 2406 valde
1961 2373 2066 2408 modi-

1181 2428 1274 2451 cam:
1303 2416 1391 2451 Nam
1413 2418 1514 2453 etiam
1534 2418 1692 2462 posterior
1713 2420 1829 2455 relatio
1850 2423 2066 2466 suspendebat

1183 2468 1401 2507 sententiam,
1427 2468 1460 2501 &
1475 2479 1541 2504 non
1567 2468 1626 2502 nisi
1650 2481 1704 2513 per
1715 2470 1869 2515 Papalem
1890 2472 2066 2509 confirma-

1181 2519 1306 2551 tionem
1328 2517 1536 2560 permittebat
1561 2519 1692 2554 transire
1713 2521 1747 2554 in
1770 2532 1836 2555 rem
1863 2522 2062 2565 judicatam.

1182 2568 1224 2600 Et
1236 2566 1316 2601 hinc
1328 2565 1495 2608 eruditus,
1522 2569 1689 2604 &astutus
1703 2570 1914 2607 Remensium
1937 2574 2064 2611 Metro-

1180 2616 1282 2661 polita
1307 2616 1510 2652 Hincmarus
1535 2618 1621 2654 dixit
1643 2618 1906 2657 provincialium
1928 2624 2064 2666 Episco-

1180 2678 1298 2710 porum
1321 2665 1569 2711 degradationes
1592 2680 1661 2704 non
1681 2671 1744 2705 esse
1768 2673 1878 2706 causas
1901 2673 2064 2716 majores,

1178 2717 1316 2761 ideoque
1339 2729 1399 2751 nec
1423 2719 1603 2753 referendas
1626 2744 1634 2751 .
1665 2720 1826 2756 Evincere
1851 2723 1895 2756 fic
1923 2723 2062 2766 speravit

1179 2767 1314 2801 Nicolai
1324 2766 1503 2802 Decretum
1522 2771 1584 2803 effe
1605 2770 1736 2813 penitus
1758 2783 1905 2813 novum,
1933 2784 1971 2807 ac
1984 2773 2062 2809 Pro·

1179 2818 1359 2852 vinciarum
1380 2817 1524 2861 Synodis
1543 2820 1641 2853 nimis
1664 2821 1857 2863 injuriosum
1881 2847 1892 2863 ,
1919 2822 2061 2866 ideoque

1177 2866 1507 2903 circumducendum.
1537 2867 1661 2904 Verum
1689 2865 1869 2905 aedificabat
1891 2871 1926 2905 in
1941 2882 2058 2906 arena:

1178 2917 1437 2952 provincialium
1465 2919 1553 2952 enirn
1591 2919 1828 2964 Episcoporum
1862 2920 2056 2965 degradatio

1178 2969 1300 3015 semper
1310 2967 1372 3003 fuit
1397 2968 1484 3004 inter
1496 2968 1633 3011 majores
1645 2970 1795 3005 Ecclefiae
1805 2971 1915 3005 causas
1927 2996 1934 3003 .

1560 3118 1673 3246 Q

1604 3369 1632 3404 l?
1657 3369 1677 3401 f
1940 3371 2005 3402 Ea·-
