2366 3756
107 2754 193 2795 Epist.
219 2763 269 2792 ςς.

109 3212 148 3248 Ep

153 3209 194 3241 ist.
215 3215 246 3241 6.

943 126 1431 170 chrarus.

272 212 438 258 Capuenfis
460 213 543 244 modo
571 213 719 250 concilii,
739 208 798 253 scd
819 215 909 243 ettam
928 209 1123 251 delegatorum
1147 210 1166 239 ὰ

274 265 406 299 concilio
418 267 451 308 J
454 265 572 295 udicum
584 262 744 295 audioritas
763 264 890 292 Romani
904 256 1060 297 Pontificis
1072 258 1166 290 aucia-

273 320 363 348 ritate
371 311 505 357 superior
520 312 698 351 exhibetur,
725 311 882 343 ordinatur—
895 307 1107 348 controverfia,
1133 310 1166 341 (τ

267 365 429 407 florendum
442 363 480 397 ab
492 369 557 404 eis,
585 373 706 405 quorum
727 358 844 398 interest
858 382 869 398 ,
890 359 1039 399 judicium
1060 366 1168 399 propo-

275 421 377 449 nitur.
405 414 449 447 Et
478 415 587 447 infra:
626 411 747 456 ,Quibus
773 408 874 442 verbis
897 410 1003 450 aperte
1020 408 1167 452 fignificat

276 468 397 504 syricius
412 466 538 498 concilii
551 462 719 504 potestatem
730 460 862 502 qualibet
874 459 937 493 alia
948 483 959 498 ‚
985 465 1081 492 etiam.
1086 457 1112 501 s
1106 470 1145 492 ua
1158 482 1167 497 ,

275 528 344 558 quae
355 517 439 548 Sedis
450 513 488 554 est
510 512 676 554 Apostolicae
689 536 699 552 ,
721 509 898 554 superiorem
910 509 1051 548 existere.
1080 508 1169 551 Syri-

276 566 321 599 cii
333 564 571 599 confeffionem
583 564 735 604 opinatur
747 560 831 594 adeo
843 559 1051 593 manifestam
1065 581 1075 597 ‚
1102 569 1137 591 ut
1151 558 1168 590 a

276 616 373 652 novis
383 615 418 648 ὅ(
430 612 592 656 corruptis,
602 610 800 646 Doctoribus
813 610 906 652 possit
918 609 984 643 dici
1000 621 1007 640 ι
1024 610 1147 647 syricius
1159 633 1168 648 ,

277 666 330 698 vel
336 665 413 697 certe
425 666 522 702 syricii
536 662 669 704 Epistola
680 661 843 704 releganda
869 659 906 693 eff
930 664 963 692 in
986 660 1114 692 indicem
1137 659 1170 691 li-

281 714 400 748 brorum
409 713 623 755 prohibitorum
628 717 736 754 primae
749 711 835 750 claffis
850 735 857 742 .
883 713 971 744 Nam
981 708 1013 751 fi
1030 710 1170 743 audiatur

277 768 402 804 syricius
417 788 428 804 ,
455 765 491 797 de
501 763 587 796 libris
601 762 704 802 nostris
722 761 821 794 adium
831 760 869 800 est
882 785 890 792 .
918 759 1102 795 Laud-atam
1118 758 1170 792 de-

278 815 478 859 legationem
491 813 644 852 extollit,
667 823 765 856 atque
789 811 963 854 adjungit:
992 809 1170 842 Auc‘loritate

278 865 482 906 injudicando
488 862 633 905 suprema
647 863 808 897 utebantur
818 861 979 904 Deligari,
1005 860 1103 894 nullus
1125 869 1170 891 re-

273 914 375 957 stabat
386 914 562 955 appellandi
574 915 649 949 locus
663 938 674 954 ‚
700 919 774 955 quia
784 917 850 946 vice
861 912 963 949 smodi
970 909 1153 953 judicabant
1163 932 1170 938 .

278 964 363 998 Vult
375 963 569 1006 abipsorum
592 962 721 1005 judicio
745 973 802 996 nec
827 960 867 995 ad
894 960 1092 993 Pontificem
1115 969 1170 1001 po-

279 1015 373 1050 tuisse
384 1013 555 1058 appellari.
584 1011 626 1056 Et
640 1012 746 1055 pergit
758 1012 800 1045 de
824 1011 943 1044 Sanno
970 1009 1170 1044 Ambrofio:

280 1063 412 1107 Bonosus
434 1063 496 1106 post
523 1064 721 1104 delegatorum
738 1062 891 1106 Judieum
919 1058 1105 1101 sententiam
1129 1058 1172 1090 ad

281 1112 455 1155 Ambrosium
471 1112 608 1157 scripſst‚
633 1122 691 1143 non
706 1112 749 1143 ad
759 1114 916 1150 syricium,
942 1110 988 1140 ad
1007 1120 1094 1150 quem
1116 1108 1172 1147 fine

281 1166 370 1198 dubio
375 1163 545 1207 scripsisJet,
565 1162 596 1205 fi
605 1160 755 1203 Capuenfi'
775 1158 906 1193 Concilio
933 1159 982 1190 vel
1003 1158 1171 1201 praefuiffet

280 1214 532 1258 velinterfuifflet.
559 1213 642 1249 Haec
654 1212 805 1256 pleraque
820 1210 855 1245 in
868 1208 965 1243 variis
989 1208 1107 1243 litteris
1128 1221 1171 1243 re-

280 1267 362 1309 petit
374 1265 563 1297 &inculcat
573 1288 582 1295 .

331 1312 652 1358 Respondeotamen
668 1312 785 1355 Syricii
799 1311 983 1357 Epistolam
1003 1309 1096 1346 hisce.
1120 1323 1171 1345 co-

280 1363 498 1410 gitationibus
512 1374 580 1397 non
591 1363 716 1397 favere.
747 1363 881 1398 Etenim
908 1374 968 1397 nec
990 1363 1139 1401 Bonosus
1163 1385 1172 1400 ‚

280 1427 342 1449 nec
363 1415 584 1454 accusatores,
610 1425 671 1448 nec
682 1414 779 1447 testes
802 1423 895 1448 erant
920 1412 1059 1456 Capuae,
1087 1411 1174 1452 ideo-

280 1476 344 1509 que
356 1465 407 1498 vel
417 1463 578 1506 judicium
589 1464 692 1498 fuerat
703 1465 923 1498 exercendum
947 1464 982 1496 in
1007 1462 1174 1497 absentem

280 1524 396 1549 contra
408 1514 588 1554 Canones‚
615 1514 666 1548 vel
680 1514 780 1558 usque
798 1513 840 1547 ad
863 1513 1016 1548 omnium
1040 1513 1175 1546 istorum

281 1564 457 1600 adventum
468 1563 678 1609 proroganda
689 1563 845 1607 Synodus
858 1587 870 1604 ‚
896 1562 946 1597 vel
974 1562 1068 1596 causa
1089 1559 1176 1593 dele-

280 1615 390 1658 ganda
413 1639 425 1654 ‚
448 1615 500 1648 vel
527 1614 718 1648 faciendum
743 1613 835 1655 quod
860 1612 903 1645 de
929 1611 1027 1643 simili
1065 1608 1175 1644 Sanffi

279 1662 449 1697 Athanasii
475 1664 572 1696 causa
593 1660 681 1695 dixit
706 1662 741 1694 in
768 1659 1010 1694 Mediolanensi
1036 1658 1176 1702 Synodo

280 1712 321 1747 ad
331 1714 564 1756 Imperatorem
578 1710 819 1745 Constantium
833 1710 987 1744 Pontifex
1001 1709 1174 1744 Liberius:

281 1768 391 1796 Omnes
403 1763 608 1796 contendamus
619 1761 839 1793 Alexandriam
849 1785 860 1801 ‚
886 1761 935 1793 ubi
946 1771 1013 1793 reus
1027 1783 1039 1800 ‚
1065 1759 1116 1792 ubi
1128 1771 1176 1793 ac-

280 1811 424 1856 cusatores
437 1836 448 1853 ,
474 1809 617 1853 &causae
643 1820 740 1844 eorum
758 1815 883 1853 patroni
904 1808 974 1854 sunt
990 1833 1002 1850 ,
1027 1818 1119 1852 atque
1140 1810 1176 1843 li-

279 1870 440 1906 tigantium
461 1862 553 1906 causa
574 1862 732 1906 diligenter
755 1867 870 1906 cognita
883 1884 893 1901 ‚
914 1860 1098 1904 fhntentiam
1116 1868 1172 1902 pa-

279 1920 356 1948 riter
368 1913 526 1954 feramus.
556 1912 714 1956 Capuam
743 1912 845 1958 igitur
867 1910 1020 1956 synodus
1042 1912 1173 1945 causam

280 1963 445 2006 delegavit
457 1987 464 1995 .
490 1963 529 1996 In
554 1963 723 1997 Bonosum
736 1963 771 1997 δε
791 1963 866 2006 ejus·
885 1964 1087 1997 accusatores
1117 1962 1175 1995 ser-

280 2012 425 2047 vandum
462 2011 558 2047 duxit
585 2013 757 2056 antiquum
786 2012 937 2047 Ecclefiae
962 2011 1138 2047 Canonem
1164 2036 1175 2052 ,

279 2073 376 2106 quem
397 2063 497 2097 etiam
517 2063 552 2096 in
575 2062 764 2098 Felicissimi
790 2062 937 2097 Diaconi
958 2087 969 2102 ,
995 2073 1063 2105 quae
1087 2062 1175 2094 dam-

281 2121 355 2147 nata
378 2113 522 2147 Romam
546 2112 667 2146 abierat
691 2113 877 2145 accusatura
901 2113 976 2144 suos
998 2111 1177 2144 damnato·

280 2173 350 2200 res,
377 2163 554 2196 factionem
578 2162 695 2194 servari
716 2162 734 2193 a
757 2161 876 2193 Sansto
901 2158 1062 2192 Cornelio
1087 2158 1173 2201 Papa

282 2211 461 2253 postulavit
483 2211 617 2244 Sanetus
642 2209 849 2252 Cyprianus:
877 2209 955 2243 Cum
976 2208 1124 2249 statutum
1135 2207 1174 2250 fit

281 2259 411 2292 omnibus
422 2260 506 2292 nobis
526 2283 537 2300 ,
564 2258 769 2301 &aequumfit
785 2264 906 2300 pariter
928 2270 963 2291 ac
977 2258 1091 2299 justum
1105 2283 1115 2298 ,
1140 2266 1174 2291 ut

280 2308 505 2352 uniuscujusque
515 2308 602 2351 causa
615 2310 676 2343 illic
685 2311 850 2349 audiatur,
876 2308 927 2341 ubi
949 2308 988 2352 ess
997 2315 1107 2342 crlmen
1118 2309 1173 2340 ad-

280 2359 414 2402 mifsum,
440 2361 474 2393 ό·
492 2358 615 2402 fingulis
640 2358 810 2401 Pastoribus
826 2364 923 2400 portio
940 2365 1039 2401 gregis
1055 2357 1096 2399 fit
1120 2359 1174 2390 ad-

277 2406 390 2452 scripta
399 2434 410 2450 ‚
437 2421 528 2452 quam
539 2417 625 2452 regat
637 2407 832 2451 unusquisque
845 2408 1031 2451 &gubernet
1043 2432 1055 2448 ,
1081 2414 1175 2441 ratio·

281 2471 349 2492 nem
357 2457 402 2503 sui
414 2459 497 2491 adlus
512 2462 637 2491 Domino
651 2460 827 2492 redditurus
836 2481 846 2497 ‚
870 2466 980 2499 oportet
994 2464 1095 2500 utique
1104 2470 1150 2492 eos
1161 2481 1171 2495 ,

283 2509 389 2550 quibus
397 2507 567 2551 praefitmus
579 2533 590 2549 ,
617 2506 906 2551 non-circumcursare
918 2532 929 2548 ‚
949 2518 1002 2541 nec
1013 2506 1170 2549 Episcopo·

282 2570 350 2592 rum
375 2560 558 2591 concordiam
581 2557 775 2593 coba-rentem
791 2557 848 2601 sua
865 2557 992 2600 subdola
1013 2559 1047 2591 (ν
1061 2557 1171 2599 fallaci

282 2614 453 2642 temeritate
477 2609 631 2648 collidere,
652 2606 709 2649 sed
731 2619 818 2651 agere
842 2608 902 2641 illic
918 2606 1039 2651 causam
1061 2607 1170 2650 suam,

1210 304 1212 329 ἱ
1230 310 1310 341 diri.
1338 309 1412 343 Nec
1424 310 1595 344 dumtaxat
1609 310 1792 345 absentium
1808 334 1818 350 ‚
1847 310 1899 343 sed
1920 311 2018 344 etiam
2043 321 2116 353 prae-

1210 354 1212 359 ⁴
1232 360 1374 392 sentium
1399 358 1638 402 Episcoporum
1663 360 1848 395 criminales
1860 361 1967 394 causas
1981 359 2117 394 Provin-

1950 139 2042 185 245

1209 208 1267 242 ³ad
1296 209 1497 243 Caesarienfis
1523 209 1734 244 Mauritaniae
1770 207 1942 251 synodum
1968 210 2115 254 Magnus

1229 259 1319 292 Leo:
1345 258 1479 302 Causam
1499 263 1638 302 Lapicini
1663 258 1803 303 Episcopi
1822 262 1879 293 illic
1899 259 2042 301 jubemus
2063 270 2116 292 au·
2132 246 2270 284 Epist·⁸⁷·

1231 409 1356 443 ciarum
1377 419 1432 443 aut
1454 409 1651 444 Dioecefium
1677 411 1820 454 Synodis
1841 410 2004 455 generalia
2026 409 2118 445 Con-

1232 459 1307 492 cilia
1329 458 1526 503 quandoque
1549 460 1820 502 permiseruntex
1831 460 2034 500 rationibus,
2061 467 2119 494 aut

1232 509 1331 542 etiam
1351 509 1543 554 delegarunt
1568 533 1574 540 .
1615 510 1751 543 Etenim
1771 511 1843 552 quis
1867 512 1989 545 nesciat
2011 510 2118 546 Marci

1234 558 1386 602 Ephesini
1420 558 1672 603 Archiepiscopi
1698 559 1735 594 in
1763 560 1954 595 Florentina
1980 559 2118 603 Synodo

1233 608 1444 643 insolentiam
1464 620 1502 643 ac
1539 609 1662 644 varium
1696 609 1903 644 criminalem
1925 612 2088 645 excessum
2106 611 2120 642 ?

1234 658 1328 692 Hinc
1353 660 1474 701 perasta
1505 659 1644 700 Synodo
1669 660 1752 695 fecit.
1775 661 1944 705 Eugenius
1966 671 2119 703 quartus,

1233 707 1324 752 quod
1347 708 1456 742 scribit
1475 708 1637 752 Sylvester
1649 710 1864 755 Sguropulus:
1892 714 1982 753 Papa
1993 710 2068 752 mifit
2078 709 2120 744 ad

1234 764 1446 800 Imperatorem
1458 783 1468 799 ‚
1492 767 1527 792 ut
1537 759 1681 801 Ephesius
1693 784 1703 800 ,
1717 762 1836 803 quando
1846 772 1895 794 nec
1905 762 2007 800 synodi
2016 765 2120 794 Decre-

1234 813 1274 841 tis
1285 807 1520 852 sesubmiserit,
1545 809 1809 853 necsubfiripserit
1819 816 1942 851 unioni,
1973 813 2120 845 tradatur

1231 859 1357 900 publicae
1369 861 1474 899 synode·
1485 859 1627 903 Censurae
1642 885 1653 901 ,
1669 860 1940 902 &firefracqarius
1947 860 2122 902 perstiterit,

1235 918 1268 941 ut
1288 917 1385 943 tantae
1407 916 1587 952 pervicaciaev
1607 920 1720 954 poenas
1750 912 1851 946 daret.
1879 914 1986 955 ,Quare
2006 913 2052 944 ad
2070 923 2123 945 nos

1234 964 1391 999 mittatur,
1417 972 1502 1002 quem
1513 960 1695 1005 deposcimus
1708 963 1902 1003 adjudicium
1920 986 1926 993 .
1946 962 2125 1004 Imperator
2146 992 2189 1012 ¹2

1235 1009 1313 1041 vero
1335 1011 1498 1051 reposuit:
1526 1013 1620 1055 ,Quod
1640 1015 1686 1045 ad
1704 1010 1882 1054 prefium‚
1902 1013 2023 1054 quando
2033 1011 2125 1052 noster

1234 1057 1272 1098 est
1294 1057 1432 1102 Praesul,
1459 1063 1504 1093 ad
1525 1061 1630 1101 nostros
1647 1069 1782 1104 pertinet
1799 1061 1931 1105 Censura
1944 1063 2127 1096 &animad-

1236 1108 1342 1150 versio.
1374 1112 1474 1152 Quem
1488 1110 1518 1151 si
1534 1113 1610 1152 quid
1631 1113 1805 1155 deliquerit,
1831 1114 1894 1148 levi
1902 1113 1988 1155 priits
1998 1118 2127 1149 oratione

1233 1161 1479 1202 permulcebam,
1506 1172 1557 1193 nec
1578 1163 1615 1193 id
1631 1161 1726 1203 semel
1750 1188 1761 1203 ‚
1793 1161 1849 1205 sed
1870 1161 1984 1206 saepius
2009 1188 2020 1204 ,
2050 1170 2081 1196 ut
2106 1164 2127 1195 ἃ

1235 1215 1403 1251 pertinacia.
1418 1209 1604 1252 subducant.
1633 1214 1678 1243 Et
1694 1210 1723 1252 fi
1739 1212 1941 1253 praefrac‘lum
1967 1211 2129 1254 depreben-

1238 1261 1315 1293 dant
1331 1284 1342 1300 ,
1366 1269 1436 1293 tunc
1457 1261 1612 1294 Tribunali
1634 1262 1739 1302 nostrae
1764 1263 1866 1300 §enodi
1883 1260 2067 1304 subjicient,
2094 1270 2129 1295 ut

1237 1321 1328 1352 quam
1354 1309 1442 1350 nostri
1463 1317 1496 1344 in
1517 1322 1585 1345 eum
1604 1310 1739 1351 statuent
1760 1320 1907 1353 paenam,
1928 1310 2007 1352 justo
2032 1311 2129 1345 dolore

1236 1359 1443 1403 persentiscat.
1475 1362 1552 1392 cum
1565 1367 1658 1404 igitur
1669 1360 1757 1400 noster
1764 1359 1821 1402 fit,
1848 1362 1891 1394 ad
1898 1359 2014 1403 suorum
2039 1365 2124 1401 syno-

1238 1412 1310 1443 dum
1329 1410 1476 1452 postulare
1487 1410 1645 1453 Ephesium
1657 1412 1862 1452 judicandum
1888 1414 1977 1455 Papa
2001 1422 2059 1445 non
2081 1413 2128 1446 de·

1238 1461 1317 1494 buin
1348 1462 1394 1494 De
1406 1460 1498 1500 nostro
1517 1460 1632 1493 bomine
1651 1461 1907 1505 investigationem
1920 1486 1931 1503 ,
1956 1473 2023 1496 cum
2047 1461 2131 1496 nobis

1238 1508 1335 1551 visum
1359 1508 1419 1549 esi,
1445 1510 1693 1551 investigabimus
1719 1533 1727 1541 .
1755 1512 1858 1544 Serias
1886 1535 1897 1551 ,
1935 1523 2016 1554 quas
2043 1511 2132 1556 apud

1239 1557 1415 1600 Ephesium
1428 1557 1539 1600 postea
1551 1557 1796 1601 depraedicavit,
1823 1571 1933 1604 preces
1950 1560 2133 1604 Imperator

1237 1606 1411 1650 adjunxit,
1436 1617 1534 1652 atque
1559 1608 1603 1642 ita
1627 1607 1798 1653 Eugenius
1821 1611 1973 1654 promiffa
1986 1610 2130 1646 admisit.

1240 1656 1369 1692 Eodem
1391 1657 1494 1692 modo
1506 1658 1666 1702 Capuana
1679 1660 1852 1703 Synodus,
1873 1670 1928 1695 aut
1939 1660 2051 1704 potius
2063 1662 2133 1706 ipse

1238 1707 1325 1752 Papa
1346 1709 1492 1751 Syricius
1503 1709 1625 1743 Bonosi
1640 1711 1769 1744 causam
1796 1710 1900 1745 totius
1922 1711 2132 1747 Macedoniae

1237 1758 1375 1802 synodo
1387 1757 1568 1805 delegavit.
1599 1760 1797 1795 Constanter
1817 1761 1894 1795 dico
1909 1776 1921 1794 :
1947 1765 2007 1796 Aut
2028 1768 2132 1805 potius

1237 1807 1300 1852 ipse
1316 1812 1405 1852 Papa
1427 1812 1547 1849 syricius
1565 1837 1572 1844 .
1603 1811 1683 1845 Hoc
1693 1811 1783 1846 enim
1794 1811 1951 1846 evincunt
1978 1811 2045 1847 haec
2062 1814 2130 1856 ejus

1237 1860 1350 1893 verba:
1379 1863 1410 1893 51·
1421 1866 1538 1905 integra
1548 1861 1611 1904 effet
1626 1860 1712 1896 hodie
1734 1864 1862 1902 synodus
1875 1887 1886 1904 ,
1914 1862 1991 1897 rene
2010 1864 2049 1897 de
2071 1868 2131 1902 iis,

1236 1922 1296 1952 qua
1320 1910 1539 1952 comprehendit
1550 1910 1726 1954 scriptorum
1748 1913 1912 1954 vestrorum
1932 1911 2047 1956 series,
2079 1914 2129 1948 der

1235 1971 1441 1994 cerneremus:
1469 1962 1595 1997 Lucide
1618 1963 1762 1998 clamant
1784 1963 2030 2008 delegationem
2045 1963 2131 1999 hanc

1234 2009 1276 2044 ab
1301 2011 1371 2054 ipso
1392 2012 1488 2045 fuisse
1505 2011 1668 2047 decretam
1695 2039 1703 2045 .
1739 2013 1865 2048 Verum
1892 2015 2052 2058 quoniam
2079 2027 2133 2059 ge-

1236 2060 1398 2093 neralium
1425 2061 1639 2103 synodorum
1669 2075 1738 2098 non
1763 2065 1824 2098 soli
1847 2064 2005 2099 Canones
2028 2090 2040 2106 ,
2078 2064 2132 2100 sed

1235 2109 1356 2150 quaevis
1380 2110 1509 2142 Statura
1536 2112 1728 2146 Romanum
1742 2114 1946 2157 Episcopum
1959 2126 2028 2149 non
2040 2115 2136 2149 dum·

1234 2165 1326 2190 taxat
1346 2157 1553 2191 conditorem
1577 2158 1720 2201 habent,
1748 2160 1800 2193 sed
1826 2161 1957 2205 insuper
1979 2175 2133 2199 executo-

1234 2217 1301 2241 rem
1315 2231 1326 2247 ,
1352 2206 1434 2240 reete
1457 2207 1600 2250 Syricius
1623 2208 1751 2243 addidit
1765 2211 1848 2244 seras
1857 2212 1919 2245 effe
1934 2211 2051 2256 Anyfii
2065 2225 2132 2257 pre-

1235 2268 1287 2290 ces
1302 2280 1313 2295 ,
1339 2256 1457 2300 ligatas
1471 2257 1527 2291 fibi
1545 2268 1683 2299 maxim,
1712 2260 1746 2293 &
1765 2259 1926 2303 synodali
1952 2262 2076 2305 judicio
2088 2263 2130 2298 ab

1238 2305 1395 2340 omnibus
1416 2307 1600 2350 parendum
1622 2331 1629 2339 .
1660 2309 1837 2353 Legitimis
1867 2311 1956 2345 enim
1976 2313 2128 2356 Synodo-

1233 2367 1306 2390 rum
1330 2356 1480 2390 Decretis
1505 2357 1664 2403 adstringi
1701 2361 1896 2394 Romanum
1927 2361 2127 2398 Pontificem

1236 2406 1376 2440 omnino
1388 2408 1561 2449 profiteor.
1587 2408 1736 2454 Qod&
1759 2410 1870 2454 ipsein
1894 2411 1948 2446 sua
1961 2414 2126 2449 consecra-

1234 2457 1328 2491 tione
1353 2457 1542 2492 solemniter
1567 2459 1736 2501 profitetur
1764 2485 1771 2492 .
1799 2460 1926 2495 Verum
1953 2464 2126 2505 quomodo

1237 2505 1317 2541 hinc
1339 2507 1496 2542 educatur
1510 2509 1617 2552 ipsum
1628 2509 1769 2553 Synodo
1783 2511 1922 2555 subjici,
1949 2513 2047 2557 usque
2059 2513 2126 2549 huc

1238 2556 1344 2592 videre
1356 2568 1423 2592 non
1440 2558 1555 2601 poffim
1570 2585 1577 2593 .

1284 2608 1354 2642 Cur
1365 2608 1404 2642 ad
1417 2608 1570 2644 Sannum
1583 2610 1695 2654 potius
1708 2611 1921 2649 Ambrosium
1932 2638 1943 2655 ‚
1970 2615 2068 2658 quam
2079 2615 2120 2650 ad

283 2657 332 2690 ubi
355 2660 388 2692 (25
411 2656 591 2701 accusatores
615 2656 725 2691 habere
747 2660 781 2692 Θ·
805 2657 885 2698 testes
902 2657 953 2700 sui
963 2662 1097 2691 criminis
1106 2657 1170 2701 pos-
1235 2658 1410 2692 potificem
1423 2660 1584 2700 Syricium
1599 2661 1751 2696 Bonosus
1762 2662 1912 2698 habuerit
1934 2664 2119 2709 refugium,

278 2706 338 2749 fint
350 2732 360 2748 ‚
386 2707 469 2748 nisisi
473 2714 580 2749 paucis
601 2705 766 2751 desperans
777 2710 811 2741 Ca·
822 2709 954 2750 perditis
976 2712 1071 2741 minor
1087 2711 1169 2742 vide·

285 2767 335 2791 tur
345 2757 395 2799 effe
420 2757 577 2792 auc‘loritas
600 2757 809 2801 Eptftoporum
834 2763 867 2791 in
890 2757 993 2799 Africa
1014 2757 1169 2798 constituto·

284 2819 373 2847 rum,
399 2814 451 2848 qui
465 2809 536 2848 jam
566 2809 603 2841 de
612 2809 674 2842 illis
684 2811 901 2848 judicaverunt
914 2832 925 2848 ,
953 2809 1096 2842 &eorum
1106 2819 1168 2842 con-

280 2857 438 2901 sistentiam
462 2858 564 2889 multis
586 2858 755 2892 deliciorum
777 2860 890 2901 laqueis
915 2859 1166 2899 vim‘lamjudicli

279 2907 328 2951 sui
348 2916 443 2949 nuper
459 2913 618 2952 gravitate
637 2909 823 2943 damnarunt
846 2931 854 2940 .
894 2908 976 2952 Agit
1002 2909 1043 2943 de
1063 2910 1166 2953 prima

285 2957 464 2992 criminalis
482 2957 598 3000 judicii
622 2957 774 2995 instantia
789 2985 796 2993 .
819 2960 873 2993 Ex
899 2970 963 3002 qua
987 2959 1115 3004 Regula
1138 2971 1165 2993 e-

285 3007 366 3041 tiam
386 3007 578 3041 Maximum
602 3006 786 3043 Valentinae
816 3011 851 3043 in
884 3009 993 3043 Gallia
1015 3009 1167 3044 Civitatis

286 3057 507 3100 Episcopum,
527 3058 715 3091 accusatum
737 3070 774 3093 ac
798 3060 855 3094 fibi
879 3059 1025 3093 delatum
1049 3059 1090 3093 de
1100 3071 1166 3104 gra-

286 3107 441 3146 vissimis,
467 3107 508 3140 ad
525 3106 708 3141 Provincia:
731 3108 901 3151 Synodum
929 3109 1047 3144 remisit
1070 3111 1168 3144 Boni-

286 3158 391 3191 facius
412 3157 555 3200 primus:
586 3160 780 3191 Decrevimus
798 3160 925 3200 vestrum
946 3162 1168 3194 intraProvtn-

286 3214 362 3241 ciam
385 3207 487 3240 debere
509 3206 561 3249 esse
585 3208 734 3248 judicium
754 3233 761 3240 .
799 3209 842 3244 Et
865 3211 906 3244 de
937 3210 993 3244 fibi
1027 3211 1169 3244 {imiliter

285 3258 399 3292 delato
421 3257 611 3291 Maffilienfi
636 3256 802 3302 Episcopo
825 3260 970 3295 Venerio
995 3261 1106 3295 scribit
1128 3260 1167 3294 ad

287 3307 487 3342 Viennensis
508 3319 546 3342 ac
568 3306 787 3343 Narbonensis
797 3308 976 3344 Provinciae
988 3311 1168 3354 Episcopos

288 3358 420 3392 Sanctus
443 3357 648 3392 Celestinus:
678 3357 773 3397 Vestro
798 3371 861 3393 eum
886 3362 1069 3395 audiendum
1081 3362 1170 3394 Colle-

284 3413 333 3450 gio
343 3409 510 3450 delegamus
518 3432 525 3439 .
535 3408 578 3442 Et
591 3408 632 3442 de
642 3406 697 3441 fibi
708 3407 818 3443 delato
828 3410 992 3455 Lupicino
1004 3411 1167 3455 Episcopo

390 3457 497 3498 Christ.
511 3461 589 3501 Lupi
604 3463 691 3501 Oper.
704 3461 784 3492 Tom.
799 3463 832 3492 V.

1232 2709 1353 2753 ignoro
1372 2733 1379 2740 .
1417 2710 1548 2744 Suafiffe
1578 2710 1662 2745 istud
1682 2713 1801 2755 poffint
1830 2714 1923 2748 variae
1954 2716 2118 2750 rationes.

1231 2759 1320 2793 Nam
1332 2759 1365 2793 ὅ(
1378 2759 1599 2795 Haeresiarcha
1613 2761 1781 2805 Eutyches
1792 2788 1803 2803 ,
1831 2775 1899 2799 non
1911 2763 1952 2799 ad
1964 2766 2118 2801 Sanctum

1230 2810 1378 2844 Leonem
1400 2835 1411 2850 ‚
1452 2810 1505 2845 sed
1539 2811 1579 2845 ad
1603 2812 1756 2846 Sanctum
1781 2814 1915 2848 Petrum
1938 2814 2118 2858 Chrysolm

1229 2871 1310 2903 gum
1330 2861 1482 2905 confugit
1506 2886 1517 2902 ,
1561 2873 1623 2895 nec
1644 2862 1722 2896 ideo
1744 2863 1812 2906 ejus
1845 2865 1941 2898 causa
1966 2865 2006 2899 ad
2029 2864 2118 2901 hunc

1228 2910 1379 2952 spestavit
1403 2910 1533 2954 potius,
1558 2913 1658 2955 quam
1675 2912 1717 2946 ad
1742 2914 1859 2948 istum.
1889 2915 1933 2948 Et
1945 2916 2033 2957 quod
2045 2916 2120 2950 Ma-

1228 2960 1385 2994 cedonica
1408 2962 1526 3003 Anyfii
1563 2962 1720 3006 Synodus
1745 2964 1889 3006 suprema
1913 2974 2010 3006 atque
2031 2966 2120 3009 inap-

1229 3009 1374 3053 pellabili
1390 3013 1579 3045 auctoritate
1592 3013 1733 3054 judicare
1745 3015 1888 3055 potuerit
1900 3038 1911 3053 ‚
1929 3015 1974 3049 est
1986 3016 2119 3059 penitus

1229 3060 1449 3103 paradoxum.
1479 3061 1582 3109 Qiod
1602 3062 1813 3106 Theophilus
1840 3088 1850 3103 ,
1876 3063 1952 3099 licet
1975 3065 2119 3100 Alexan·

1229 3110 1302 3143 dria:
1314 3110 1520 3152 Patriarcha,
1550 3112 1734 3157 delegatam
1759 3112 1814 3146 sibi
1836 3114 1970 3158 Evagrii
1991 3116 2023 3148 δε
2043 3117 2118 3149 Fla-

1230 3160 1458 3196 vianicausam
1471 3162 1615 3204 judicare
1627 3161 1775 3197 debuerit
1798 3174 1873 3197 cum
1896 3164 2052 3198 relatione
2074 3163 2116 3199 ad

1229 3210 1416 3252 Syricium,
1453 3211 1569 3246 diserte
1592 3212 1724 3247 testatur
1746 3214 1880 3247 Sanetus
1900 3213 2115 3248 Ambrofius.

1230 3261 1317 3306 Qis
1329 3260 1428 3304 igitur
1436 3260 1563 3296 dubitet
1578 3262 1705 3306 Anysio
1719 3289 1729 3304 ‚
1749 3263 1866 3306 Syricii
1878 3274 1933 3306 per
1944 3263 2114 3306 Illyricum

1230 3310 1366 3343 Vicario
1379 3311 1470 3346 fuisse
1483 3311 1568 3346 idem
1578 3315 1686 3347 onus?
1711 3312 1814 3347 Nulla
1835 3313 1924 3347 enim
1937 3313 2114 3356 synodus,

1232 3360 1340 3394 nullus
1362 3360 1521 3397 Pontifex
1553 3364 1717 3408 graviores
1739 3364 1849 3397 causas
1865 3363 2034 3399 consuevit
2055 3363 2115 3396 alio

1233 3420 1279 3444 ter
1290 3410 1439 3455 delegare
1451 3438 1457 3445 .
1479 3413 1621 3448 Hincde
1633 3414 1778 3447 Maximi
1793 3411 1962 3449 Valentini
1977 3412 2118 3455 Episco-

1701 3463 1808 3507 X3
2031 3463 2067 3506 pi

2132 296 2195 317 c.2.

2200 951 2248 971 10.
2271 954 2298 977 c,
