2366 3756
75 372 126 410 Ep.
153 378 182 406 9.
200 376 229 401 e.

70 419 121 444 υς

577 126 1112 172 Conc1trun
1182 125 1690 173 Ronanvnc

1923 145 2013 176 101

240 212 426 256 Maiorem,
450 205 491 244 'ac
502 208 666 255 reliquum
685 210 887 243 Francorum
910 205 1071 250 populum
1096 207 1131 241 δε
1192 206 1314 251 sextum
1328 212 1460 255 gradum
1478 219 1622 244 maneat.
1649 207 1916 259 Qodipsumin
1927 212 2084 255 opusculo

241 262 378 298 cretum
398 274 407 294 ε
444 264 513 294 Nos
527 262 624 301 juxta
649 258 898 301 Praedeceffbrum
918 259 953 291 (5
976 256 1135 300 Antea-effo-

239 320 310 347 rum
329 310 507 354 Pontificum
525 333 537 351 ,
562 311 678 355 utique
697 309 839 343 duorum
869 306 1109 352 Gregoriorum
1123 330 1134 348 ,

240 365 388 402 Decreta,
413 363 505 396 mult&
524 361 652 404 ampliat
672 358 880 400 confirmantes
906 358 1034 390 dicimus
1063 381 1075 398 ,
1101 365 1134 390 ut

240 412 314 446 dum
337 410 428 456 ufilue
438 410 499 456 sese
516 414 670 457 generatio
693 413 863 453 cognoverit
883 432 895 449 ‚
914 410 1014 449 Juxta
1039 413 1133 441 ritum

238 463 277 498 θ
303 473 441 497 normam
466 461 705 502 Christianitatis
733 460 767 493 ὠ·
793 459 957 502 Religionis
986 462 1135 491 Romano-

237 523 310 548 rum
334 525 392 547 non
419 511 567 555 copuletur
591 512 738 554 conjugiis
753 532 761 542 .
789 508 913 543 Leonis
941 508 1040 542 Isauri
1067 507 1138 542 Im·

240 562 325 606 perii
348 564 440 598 sexto
457 584 469 601 ,
501 556 609 596 octavi
647 557 753 595 saeculi
797 558 957 604 vigesimo
992 557 1135 593 secundo

242 610 356 648 habita
382 612 430 648 est
456 611 585 646 laudata
611 611 766 646 Romana
791 608 948 652 synodus
972 631 982 648 ‚
1008 608 1138 653 Grego-

242 662 284 696 rii
308 672 419 697 autem
447 661 583 696 secundi
605 660 751 705 Epistola
776 658 891 703 scripta
919 658 966 693 est
989 669 1080 694 anno
1094 657 1138 691 vi-

243 713 366 757 gefimo
391 713 507 751 sexto,
542 711 684 754 ideoque
708 709 886 755 Synodurn
911 708 1055 744 omnino
1083 719 1139 743 ex-

243 763 373 806 posuit.
402 762 486 796 Eam
513 759 685 797 Zacharias
711 769 808 795 vocat
821 760 968 795 ritum&
986 768 1138 794 normam

199 819 202 822 ⁴
243 811 500 851 Romanorum,
525 811 616 856 quod
642 809 759 855 nempe
783 820 854 844 non
880 821 941 854 pro
966 820 1037 844 tota
1076 808 1137 842 Ec·

244 863 360 903 elesia,
386 861 440 896 sed
462 872 522 906 pro
548 862 616 897 sola
641 861 736 897 Italia
760 859 920 895 statuisset
948 884 956 893 .
984 860 1028 894 Et
1054 857 1136 893 hinc

243 913 345 957 ipsam
368 921 437 945 non
459 910 575 955 plene,
601 911 655 946 sed
676 912 777 954 usque
802 910 843 945 ad
868 920 1022 954 quartum
1046 908 1136 944 dum-

198 974 200 977 ·
244 971 335 996 taxat
352 960 489 1005 gradum
511 961 530 995 a
554 961 704 997 Barbaris
714 960 850 995 Francis
861 962 1015 995 servatam
1029 959 1135 994 voluit

64 2804 134 2853 Ler-
162 2806 208 2835 18.

245 1012 396 1046 laudatus
417 1010 574 1047 Pontifex
594 1026 607 1046 .-
642 1013 843 1047 Succeffores
868 1010 1051 1055 Gregorius
1075 1020 1135 1044 ter-

244 1062 309 1097 tius
329 1062 362 1096 &
385 1061 561 1098 Zacharias
581 1062 684 1106 usque
714 1062 755 1097 ad
782 1061 954 1105 septimum
981 1059 1136 1094 inclusive

243 1112 382 1156 gradum
402 1112 561 1155 jusserunt
583 1113 701 1147 servari
736 1137 744 1146 .
778 1113 887 1146 Fidius
909 1111 1005 1145 Felix
1027 1111 1135 1144 Meffi-

242 1163 351 1196 ποῦς
373 1162 554 1207 Episcopus
578 1162 673 1206 poffit
692 1163 805 1197 errasse
829 1163 865 1195 in
887 1162 1034 1206 personis
1052 1174 1064 1195 .-
1105 1161 1134 1193 A

245 1212 411 1260 Gregorio
432 1213 577 1248 secundo
597 1214 714 1248 fastam
736 1212 871 1247 Francis
890 1213 1029 1257 gratiam
1042 1210 1137 1255 poffit

242 1260 467 1306 tianscripfiise
488 1263 524 1296 in
546 1263 748 1308 Gregorium
759 1262 926 1308 Magnum
937 1262 972 1296 ὅ(
985 1260 1116 1306 Anglos
1125 1286 1137 1303 ‚

241 1322 342 1355 atque
364 1313 409 1347 ita
431 1323 628 1349 memoratas
651 1312 816 1358 Epistolas
838 1314 985 1347 finxisse.
1066 1322 1075 1335 2

295 1361 398 1409 Quod
422 1361 586 1405 Hispania
608 1373 686 1397 ante
697 1363 843 1395 Galliam
857 1385 869 1401 ,
893 1363 927 1395 δε
938 1362 1050 1396 Gallia
1061 1371 1140 1396 ante

245 1413 437 1447 Romanam
463 1411 640 1446 Ecclesiam
661 1413 792 1455 coeperit
811 1407 878 1444 haec
903 1410 1137 1454 impedimenta

243 1460 445 1501 extendere,
471 1463 552 1496 fecit
573 1462 702 1496 excussa
724 1461 898 1494 reverentia
914 1460 1062 1495 Romani
1075 1463 1139 1495 lm-

242 1511 343 1554 perii.
371 1510 442 1542 Lex
466 1520 528 1552 qua
550 1509 732 1551 Imperator
752 1509 934 1541 Mauritius
947 1509 1070 1540 milites
1082 1519 1134 1540 ve-

241 1559 308 1594 tuit
330 1558 401 1593 fieri
434 1556 625 1592 Monachos
647 1581 659 1599 ,
694 1556 758 1591 fuit
792 1548 893 1600 longe
914 1555 1136 1599 iniquissima,

241 1621 305 1644 nec
325 1607 467 1643 multum
487 1607 651 1642 dissimilis
674 1607 747 1647 illi,
774 1616 839 1648 qua
855 1605 984 1639 Valens
995 1605 1137 1650 Impera-

240 1669 294 1693 tor
306 1657 586 1701 Arianusjusserat
599 1654 788 1691 Monachos
799 1655 940 1690 militare
954 1681 961 1688 .
989 1656 1075 1690 Eam
1088 1665 1135 1690 ta-

239 1720 315 1744 men
333 1708 440 1753 palam
451 1707 607 1743 damnare
616 1718 673 1742 aut
685 1706 856 1742 exsufflare
865 1718 934 1740 non
947 1706 1137 1751 presumpsit

240 1761 390 1804 Magnus
402 1758 606 1804 Gregorius,
633 1757 689 1793 sed
708 1755 910 1802 supplicibus
931 1756 1019 1800 apud
1045 1756 1137 1790 Prin·

240 1810 350 1854 cipem
363 1808 509 1853 precibus
522 1807 673 1853 suspendi
694 1807 882 1853 impetravit
906 1806 1016 1851 potius
1035 1806 1136 1851 quam

241 1858 445 1894 circumduci
465 1883 473 1890 .
499 1859 651 1894 Eandem
671 1857 888 1895 reverentiam
910 1857 1056 1901 Maiores
1073 1868 1136 1892 no-

242 1909 298 1944 stri
319 1907 506 1944 detulerunt
528 1908 659 1954 legibus
672 1906 890 1944 statuentibus
899 1908 1136 1953 conjugiorum

242 1958 499 2003 impedimenta:
525 1957 704 1994 Praesertim
727 1959 847 2003 quibus
866 1957 1079 1993 Theodosius
1100 1958 1135 1993 &

239 2010 417 2044 Honorius
451 2019 619 2044 vetuerant
654 2009 811 2056 conjugia
839 2008 1113 2043 consobrinorum
1127 2034 1135 2040 .

240 2059 323 2096 Erat
333 2060 424 2094 enim
442 2059 526 2102 justa
539 2061 572 2095 δε
585 2071 675 2103 aequa
691 2060 746 2094 lex
759 2085 770 2101 ‚
796 2061 830 2095 &
844 2059 1029 2094 conformis
1044 2069 1135 2094 natu·

241 2122 283 2145 rae
294 2137 302 2145 .
324 2111 469 2144 Romani
485 2110 615 2154 Imperii
629 2121 683 2153 per
694 2109 830 2144 Gothos
842 2109 1007 2147 ,Francos
1018 2132 1030 2149 ,
1056 2107 1136 2142 Bur-

242 2160 400 2204 gundos,
426 2161 575 2203 aliosque
600 2158 760 2193 Barbaros
782 2159 936 2193 laceratio
963 2157 1135 2198 Episcopis

243 2210 321 2242 fecit
331 2208 484 2241 fiduciam
499 2208 591 2241 aliter
603 2206 768 2240 sanciendi
782 2230 794 2246 ,
816 2214 913 2248 atque
926 2205 970 2238 ita
985 2205 1019 2238 in
1030 2203 1136 2239 divul-

243 2258 277 2291 sa
297 2256 316 2290 a
337 2256 500 2292 Romanis
521 2267 575 2300 per
598 2255 731 2290 Gothos
751 2254 912 2298 Hispania
948 2254 1136 2289 Montanus

243 2306 420 2340 Toletanar
441 2306 592 2339 Ecclefiae
603 2305 879 2347 Archiepiscopus
894 2327 905 2343 ‚
931 2315 969 2337 ac
984 2304 1018 2337 in
1032 2303 1135 2337 divul-

242 2356 277 2392 sa
289 2367 343 2400 per
358 2354 556 2403 Burgundos
571 2354 606 2388 &
617 2353 762 2388 Francos
775 2353 884 2388 Gallia
898 2354 1034 2387 Sanssus
1055 2353 1133 2386 Avi·

240 2414 294 2440 tus
303 2404 521 2449 Metropolita
533 2402 728 2439 Viennensis
740 2413 908 2448 coeperunt
920 2402 1133 2448 cognationis

241 2457 277 2491 δε
303 2455 471 2490 affinitatis
491 2454 725 2498 impedimenta
747 2454 922 2489 extendere
944 2455 1027 2487 ultra
1051 2454 1133 2488 fines

241 2507 355 2551 legum
379 2506 626 2541 Romanarum.
653 2505 813 2540 Romano
827 2503 969 2547 Imperio
980 2504 1133 2547 usquead

241 2556 406 2591 haereticas
419 2554 541 2590 Leonis
552 2554 650 2589 Isauri
666 2554 840 2590 violentias
851 2555 1006 2589 Romana
1018 2554 1131 2589 Eccle-

240 2607 285 2641 fia
296 2606 466 2650 permansit
478 2605 657 2640 fidelissima
669 2630 676 2638 .
706 2605 845 2650 Propter
867 2602 965 2639 hasce
976 2604 1066 2639 illius
1086 2604 1134 2649 ju-

244 2667 326 2701 gum
345 2666 495 2691 excutere
506 2656 609 2700 coepit
623 2655 804 2701 Gregorius
828 2653 1009 2695 secundus,
1035 2665 1134 2699 atque

243 2705 289 2740 ita
312 2707 346 2740 dc
369 2717 471 2741 novas
491 2706 585 2742 edere
604 2706 693 2751 leges
713 2705 966 2741 connubialium
997 2705 1134 2749 impedi-

243 2766 446 2791 mentorum.
473 2758 601 2793 Omnes
624 2755 847 2791 sefundarunt
867 2756 901 2789 in
924 2754 1134 2790 Mosaicaele-

244 2807 296 2851 gis
319 2806 434 2840 verbo:
465 2811 571 2840 Omnis
594 2807 638 2839 ad
650 2812 827 2849 proximam
844 2803 1005 2850 sanguinis
1014 2805 1062 2848 sui
1073 2817 1132 2839 non

244 2857 360 2891 accedet
385 2881 392 2887 .
422 2856 566 2892 Extendi
591 2857 624 2890 id
647 2857 822 2892 voluerunt
842 2858 943 2900 usque
968 2854 1008 2890 ad
1030 2866 1131 2893 extre-

243 2917 332 2941 mam
347 2906 448 2949 junsti
475 2906 639 2950 sanguinis
663 2908 839 2947 notitiam,
864 2907 921 2950 qui
948 2906 1060 2950 passim
1084 2908 1128 2941 est

244 2958 398 3000 septimus
410 2956 545 3001 gradus.
574 2957 619 2991 Et
628 2957 762 3000 quidem
775 2956 930 3002 Gregorii
946 2956 999 2991 lex
1023 2957 1131 3002 paula-

244 3008 305 3042 tim
319 3007 497 3049 penetravit
508 3017 643 3041 omnem
667 3007 821 3043 Latinam
835 3005 1012 3042 Ecclesiam
1024 3031 1035 3048 ,
1062 3008 1130 3053 plu·

243 3057 398 3100 rimisque
415 3053 679 3091 Provincialium
696 3058 729 3091 in
743 3057 875 3093 diversis
897 3057 1052 3103 gentibus
1072 3059 1129 3102 Sy-

242 3107 408 3142 nodorum
422 3105 614 3140 canonibus
625 3107 686 3141 fuit
697 3109 890 3143 confirmata
901 3134 908 3141 .

293 3156 407 3199 objici
433 3156 526 3199 possit
542 3156 824 3194 Sanstuslfidorus
842 3158 1044 3202 Hispalensis
1067 3158 1126 3193 Ar·

242 3206 488 3251 ehiepiscopus,
515 3206 571 3249 qui
582 3206 673 3250 supra
684 3208 780 3243 nobis
799 3207 884 3244 dixit
905 3207 974 3243 haec
994 3209 1127 3253 impedi·

1196 258 1238 292 de
1260 261 1582 306 consanguineorum
1617 260 1770 306 gradibus
1794 262 1932 297 affirmat
1953 263 2087 297 Sanetus

1200 308 1375 344 Anselmus
1398 335 1405 342 .
1433 311 1633 354 Respondeo
1655 309 1807 345 eumdem
1829 312 2023 347 Anselmum
2050 313 2088 347 in

1198 359 1359 401 prioribus
1382 360 1423 394 ad
1436 360 1628 395 Waleranni
1639 360 1920 407 Naumburgenfis
1932 363 2088 408 Episcopi

1197 410 1391 452 quaestiones
1411 410 1622 453 responsoriis
1652 411 1769 447 litteris
1795 410 1915 448 diserte
1933 412 2089 448 scribere:

1199 459 1392 500 Detestabilia
1408 457 1480 502 sunt
1512 459 1720 493 indubitanter
1754 463 1893 506 conjugia
1914 487 1926 504 ,
1957 462 1988 505 fi
2002 468 2088 497 intrae

1193 507 1307 551 septem
1327 517 1536 554 generationes
1559 508 1635 553 sunt
1659 533 1666 541 .
1705 508 1928 553 Cognationis
1954 512 2090 557 impedi-

1198 570 1347 593 mentum
1359 560 1441 594 dicit
1451 557 1541 602 usque
1560 560 1606 593 ad
1618 558 1782 602 septimam
1796 570 2017 604 generationem
2038 574 2090 596 ex·

1196 610 1300 643 tendi.
1329 609 1412 644 Eam
1423 610 1456 643 &
1468 607 1509 643 ad
1521 610 1645 644 sextam
1656 609 1742 647 &ad
1768 610 1936 654 septimam
1954 613 2091 650 extendi

1198 660 1446 705 generationem
1458 682 1469 699 ,
1494 659 1527 692 in
1540 659 1612 694 aliis
1623 660 1658 694 &
1669 660 1742 694 aliis
1752 659 1899 703 synodis
1909 661 2029 696 affidue
2047 663 2090 698 le-

1198 720 1256 755 ges
1266 734 1274 742 .
1303 709 1369 744 Eas
1383 709 1542 745 conciliat
1553 710 1595 745 ad
1608 709 1800 755 vigesimum
1814 710 1947 746 tertium
1958 709 2091 747 undeci-

1199 760 1245 793 mi
1267 760 1370 795 saeculi
1392 771 1517 795 annum
1544 760 1705 795 celebrata
1717 760 1871 803 Synodus
1882 761 2090 807 Salagunsta·

1199 810 1333 846 diensis.-
1362 811 1501 855 ‚Quidam
1515 817 1741 854 generationem
1758 808 2029 854 consanguinitans
2043 814 2090 846 itai

1199 862 1303 895 volunt
1325 873 1479 895 numerare
1497 887 1508 904 ,
1534 871 1569 895 ut
1590 859 1693 901 frater
1718 861 1754 895 &
1782 859 1865 904 soror
1884 859 1945 902 fint
1972 868 2089 903 primi.

1200 915 1273 944 Haec
1291 919 1391 945 autem
1401 911 1510 952 statuit
1528 911 1640 945 Santra
1660 912 1792 951 synodus
1805 935 1816 952 ,
1834 910 1910 954 ficut
1934 917 2027 944 etiam
2051 912 2091 945 ab

1199 966 1331 1004 antiquis.
1369 962 1513 996 Patribus
1538 963 1685 997 decretum
1704 961 1742 1002 est
1757 986 1769 1003 ,
1797 970 1833 996 ut
1852 964 1899 996 itti
1922 972 1979 995 non
2002 961 2096 1004 esset,

1198 1009 1256 1053 sed
1274 1019 1416 1053 atnepos
1441 1014 1476 1045 (π
1499 1019 1621 1054 neptis,
1646 1013 1682 1046 id
1702 1011 1741 1053 est
1766 1035 1778 1052 ,
1811 1011 1896 1055 filius
1914 1011 2031 1054 fratris
2058 1022 2093 1045 ac

1195 1060 1263 1104 filia
1279 1060 1388 1105 fhroris
1403 1068 1502 1104 primi
1524 1061 1692 1097 habeantur
1718 1087 1726 1095 .
1753 1062 1904 1111 Qidam
1925 1061 2095 1097 consobri-

1201 1123 1261 1146 nos
1283 1113 1316 1145 in
1330 1112 1457 1154 primo,
1484 1112 1618 1155 quidam
1637 1112 1672 1147 in
1696 1112 1842 1148 secundo
1854 1112 2012 1148 dixerunt
2024 1113 2095 1145 san·

1198 1162 1310 1206 guinis
1319 1162 1446 1207 gradu:
1472 1161 1521 1195 Hi
1545 1161 1587 1199 ad
1609 1162 1783 1206 septimum
1801 1187 1813 1204 ‚
1839 1162 1893 1198 isti
1917 1162 2094 1197 dumtaxat

1200 1213 1241 1247 ad
1270 1213 1395 1247 sextum
1407 1213 1544 1258 gradum
1556 1211 1742 1247 extendunt
1762 1212 2020 1255 impedimenta,
2046 1220 2095 1245 at·

1200 1273 1263 1307 que
1275 1263 1322 1297 ita
1333 1264 1402 1297 sola
1424 1273 1530 1303 voce,
1557 1274 1627 1298 non
1646 1274 1682 1298 re
1702 1263 1779 1298 sunt
1800 1261 1987 1297 discordes.
2015 1261 2096 1296 San-

1200 1315 1270 1348 ssus
1280 1314 1457 1349 Anselmus
1467 1324 1644 1358 utrumque
1654 1312 1816 1356 loquendi
1838 1312 1978 1348 modurn
2000 1310 2097 1346 usita-

1201 1364 1265 1396 vit.
1298 1362 1459 1397 Nicolaus
1469 1363 1629 1397 secundus
1639 1361 1695 1396 hic
1717 1361 1833 1406 probat
1857 1360 2096 1406 posteriorem,

1201 1412 1258 1456 qui
1278 1412 1312 1445 &
1324 1412 1411 1445 solus
1421 1411 1468 1447 est
1481 1411 1583 1446 hodie
1594 1412 1630 1446 in
1644 1412 1704 1445 usu
1715 1435 1724 1444 .

1241 1461 1336 1494 vDixi
1348 1461 1503 1504 Gregorii
1518 1461 1651 1495 secundi
1658 1460 1915 1495 constitutiones
1933 1461 1975 1496 ab
2000 1459 2098 1496 omni

1201 1508 1319 1542 Latina
1330 1508 1471 1542 Ecclesia
1481 1508 1576 1541 fuisse
1590 1509 1793 1550 pedetentim
1806 1509 1957 1543 admissas
1967 1534 1974 1541 .
2000 1511 2098 1554 Opus

1200 1557 1290 1590 enim
1302 1557 1366 1591 fuit
1378 1565 1545 1600 ternpore.
1573 1558 1617 1592 Et
1632 1556 1713 1591 hinc
1736 1557 1805 1600 ipse
1827 1569 1881 1592 eas
1903 1558 2038 1593 Francis
2060 1572 2099 1594 ac

1202 1605 1395 1648 Germanis,
1425 1605 1542 1651 utpote
1561 1606 1671 1642 adhuc
1691 1606 1844 1643 Barbaris
1866 1631 1879 1648 ‚
1904 1609 2000 1642 ausus
2026 1620 2099 1643 non

1200 1657 1265 1690 fuit
1285 1657 1474 1701 imponere,
1501 1656 1602 1692 sedin
1627 1668 1747 1702 quarto
1770 1656 1874 1703 gradu
1895 1659 2037 1702 permisit
2063 1658 2100 1693 il-

1202 1707 1251 1740 los
1270 1707 1443 1752 conjugari
1461 1732 1469 1739 .
1496 1707 1678 1753 Gregorius
1701 1708 1839 1751 quidem
1862 1708 1979 1743 tertius
2003 1709 2099 1752 septi-

1202 1768 1294 1791 mum
1315 1758 1451 1802 gradum
1486 1759 1588 1792 etiam
1609 1757 1652 1792 ab
1685 1758 1760 1803 ipsis
1781 1759 1940 1793 servatum
1965 1760 2098 1800 voluit,

1203 1807 1348 1851 itemque
1370 1808 1404 1841 in
1430 1808 1523 1852 supra
1551 1808 1691 1842 laudatis
1713 1808 1755 1843 ad
1769 1807 1952 1852 pippinum
1964 1809 2097 1843 Ducem

1202 1856 1319 1892 litteris
1340 1882 1351 1898 ,
1390 1870 1428 1892 ac
1452 1859 1487 1892 in
1512 1858 1567 1892 sua
1591 1858 1746 1901 Romana
1769 1859 1909 1902 Synodo
1938 1860 2096 1894 successor

1201 1907 1397 1949 Zacharias,
1425 1908 1538 1943 dicens
1560 1907 1713 1954 Gregorii
1727 1908 1862 1943 secundi
1884 1908 2096 1953 Rescriptum

1201 1957 1294 1993 fuisse
1314 1970 1441 1993 merum
1461 1958 1631 1994 indultum
1657 1971 1696 1995 ac
1729 1958 2002 2003 dispensatoriam
2025 1971 2097 2005 gra·

1201 2007 1281 2042 tiam
1305 2007 1346 2042 ad
1367 2009 1463 2043 rudes
1486 2008 1640 2044 homines
1653 2011 1739 2045 rediae
1752 2008 1830 2045 fidei
1841 2010 2094 2046 conciliandos.-

1203 2057 1257 2091 Ab
1281 2058 1341 2093 illo
1352 2060 1593 2095 tamen-Franci
1615 2058 1742 2095 dudum
1768 2061 1947 2096 noluerunt
1967 2060 2097 2098 recede-

2105 441 2179 481 Cap.
2206 450 2235 476 7·

1200 2119 1234 2141 re
1246 2131 1254 2139 .
1284 2108 1418 2141 Etenim
1431 2109 1489 2142 sub
1498 2109 1642 2152 pippino
1653 2109 1719 2153 jam
1730 2112 1825 2156 Rege
1838 2111 1999 2147 celebrata
2011 2111 2095 2147 Ver·

1200 2156 1366 2189 meriensis
1391 2155 1546 2198 Synodus
1561 2158 1595 2193 in
1609 2159 1708 2192 tertio
1723 2160 1830 2201 gradu
1840 2170 2001 2195 attentata
2023 2171 2095 2198 ma·

1199 2204 1357 2241 trimonia
1377 2206 1513 2241 mandat
1538 2206 1672 2250 separari
1686 2231 1697 2247 ,
1724 2208 1760 2241 in
1784 2218 1904 2252 quarto
1918 2208 2022 2256 gradu
2044 2220 2092 2245 at·

1199 2256 1315 2289 tentari
1328 2253 1540 2289 solummodo
1553 2255 1727 2299 prohibet,
1752 2266 1910 2292 attentata
1921 2258 2091 2342 timisa,

1198 2304 1250 2337 sed
1273 2314 1342 2338 non
1369 2314 1457 2339 vetat
1482 2303 1616 2345 dirimi,
1642 2304 1790 2350 adeoque
1809 2307 1882 2342 vult
1900 2319 1919 2342 e
1946 2319 1964 2342 e
1988 2309 2090 2353 impe·

1197 2353 1292 2388 diens
1313 2354 1510 2396 dumtaxat,
1539 2366 1608 2389 non
1619 2355 1778 2391 dirimens
1791 2357 2087 2402 impedimentum.

1197 2403 1302 2451 Qod
1315 2404 1419 2447 ipsum
1432 2406 1525 2439 sexto
1537 2404 1609 2449 post
1635 2418 1726 2442 anno
1745 2407 1958 2444 confirmavit
1980 2410 2088 2454 Syno·
2104 2395 2175 2434 ΟΨ·
2201 2407 2225 2427 ¹·

1197 2455 1258 2487 dus
1271 2454 1566 2498 Compendiensis‚
1591 2455 1714 2492 addens
1724 2469 1767 2492 ex
1787 2459 1886 2493 tertio
1907 2460 1942 2494 &
1965 2471 2087 2503 quarto

1197 2504 1310 2539 mixtis
1333 2505 1489 2550 gradibus
1510 2506 1668 2552 conjugia
1695 2508 1851 2554 deinceps
1871 2509 1973 2545 etiam
2001 2511 2087 2555 sepa-

1197 2554 1314 2588 randa.
1344 2555 1437 2590 Idem
1447 2557 1551 2590 sancit
1573 2557 1615 2592 de
1636 2559 1874 2602 impedimento
1895 2561 2083 2595 affinitatis.

1199 2606 1240 2638 Et
1263 2605 1371 2639 Hatto
1394 2605 1451 2640 sub
1473 2606 1598 2642 Carolo
1611 2608 1743 2654 Magno
1756 2610 1942 2644 Basileenfis
1955 2610 2086 2655 Episco-

1196 2666 1255 2698 pus
1279 2655 1391 2690 statuit
1413 2657 1447 2690 in
1462 2658 1521 2691 suo
1533 2656 1739 2702 Capitulari:
1767 2659 1944 2701 Nullusfihi
1954 2666 2085 2703 accipiar

1196 2707 1231 2738 de
1237 2711 1463 2749 propinquitate
1475 2706 1611 2751 usquein
1620 2714 1725 2750 quinto
1729 2721 1826 2752 genu.
1858 2712 1905 2742 Et
1928 2721 1986 2744 non
1992 2708 2084 2754 sepae-
2099 2706 2174 2745 Cap·
2189 2716 2221 2735 ²¹
2231 2728 2238 2735 ·

1194 2765 1296 2788 rentur
1314 2761 1346 2790 in
1367 2766 1474 2799 quarto
1490 2769 1571 2802 genu
1593 2783 1603 2798 ,
1636 2759 1694 2801 sed
1711 2765 1745 2792 in
1759 2764 1942 2801 peonitentia
1966 2761 2082 2795 cuneis

1195 2806 1299 2840 diebus
1318 2804 1527 2847 conjunfflonis
1543 2806 1611 2852 suae
1627 2807 1821 2852 perseverent
1839 2834 1847 2842 .
1888 2809 1989 2846 Genu
2026 2812 2081 2846 seu

1192 2857 1382 2900 geniculum
1409 2870 1467 2902 pro
1488 2859 1706 2904 generatione
1732 2861 1786 2895 seu
1807 2859 1912 2906 gradu
1923 2860 2080 2907 usurpant

1192 2905 1289 2941 etiam
1313 2907 1400 2953 leges
1420 2908 1654 2952 Ripuariorum
1677 2920 1717 2945 ao
1753 2908 2057 2956 Longobardorum
2071 2936 2081 2945 .

1195 2956 1425 3002 Vermeriensxs
1436 2958 1564 3002 Synodi
1578 2959 1753 2996 Canonem
1765 2961 1939 2995 confirmat
1951 2960 2078 3004 Hatto,

1191 3006 1312 3043 addens
1334 3007 1502 3055 attentatis
1526 3010 1559 3043 in
1573 3020 1691 3053 quarto
1711 3009 1816 3055 gradu
1838 3011 2004 3055 conjugiis
2017 3011 2079 3046 esse

1193 3059 1346 3102 perpetuo
1357 3059 1586 3103 'poenitendurn
1598 3086 1605 3092 .
1633 3059 1681 3095 Ea
1696 3060 1842 3104 primum
1861 3059 1993 3096 diremit
2018 3061 2079 3096 sub

1192 3109 1324 3143 laudato
1344 3110 1469 3144 Carolo
1493 3109 1654 3144 celebrata
1679 3110 1834 3154 Synodus
1844 3110 2050 3157 Moguntina
2066 3124 2075 3142 z

1190 3162 1228 3191 In
1238 3168 1350 3201 quarta
1361 3165 1550 3205 generatione
1559 3161 1668 3194 nullius
1692 3163 1823 3204 amplius
1844 3163 1976 3205 conjugio
1992 3169 2080 3203 copu-

1189 3209 1268 3243 letur
1282 3235 1290 3241 .
1314 3210 1369 3243 Ubi
1379 3219 1477 3245 autem
1484 3209 1547 3254 post
1568 3207 1761 3246 intendic‘liim
1775 3211 1899 3254 sallum
1918 3218 2076 3249 inventum
2091 3199 2164 3239 Cap.
2184 3210 2229 3238 54»

2101 2587 2176 2627 Cap.
2191 2599 2211 2619 1.
2227 2600 2253 2618 ι.

241 3267 353 3292 menta
379 3256 513 3291 extendi
526 3256 567 3290 ad
579 3257 686 3291 solum
696 3259 819 3294 sextum
842 3260 997 3305 gradum.
1026 3258 1070 3294 Et
1093 3261 1126 3293 in
1184 3257 1301 3300 fuerit,
1322 3259 1499 3304 separetur.
1526 3260 1628 3306 Qod
1654 3262 1859 3297 confirmasse
1880 3260 2009 3298 videtur
2030 3262 2076 3299 se-

242 3307 421 3342 Helenensi
433 3331 444 3347 ,
472 3317 527 3350 per
539 3305 741 3350 Stephanum
754 3309 926 3346 Baluzium
947 3321 1051 3353 nuper
1073 3322 1126 3354 pu·

242 3356 361 3392 blicata
384 3383 394 3398 ,
430 3355 567 3399 Synodo
589 3356 702 3391 statuit
723 3358 839 3394 Olibas
860 3360 1038 3403 Episcopus
1060 3361 1124 3393 Au·

1191 3307 1297 3343 cunda
1319 3311 1472 3353 synodus
1495 3311 1721 3347 Cabilonenfis
1741 3335 1749 3346 .
1785 3310 1927 3347 Herardi
1963 3311 2076 3345 Turo-
2089 3316 2125 3346 C.
2145 3320 2246 3355 ηις.

1193 3359 1298 3393 nensis
1322 3360 1569 3405 Archiepiscopi
1597 3363 1787 3406 Capitulare
1813 3362 1857 3396 sic
1876 3360 1993 3396 habet:
2019 3364 2073 3394 Ne

244 3407 404 3443 sonenfis:
434 3412 485 3440 Ne
496 3407 607 3450 aliquis
613 3407 646 3451 se
652 3406 764 3450 sciente
781 3416 814 3444 in
834 3410 953 3453 inca-stu
975 3408 1063 3454 usque
1084 3410 1128 3445 ad
1190 3415 1222 3443 in
1234 3414 1340 3453 quinta
1350 3409 1498 3455 velsexta
1514 3420 1706 3456 generatione
1725 3414 1875 3456 copuletur
1884 3414 2050 3454 conjugium
2061 3432 2073 3451 ,
2087 3395 2160 3435 ΟΨ·
2176 3401 2223 3435 3⁶⁹

337 3457 448 3499 christ.
453 3462 530 3501 Lupi
538 3461 741 3502 Oper.Tom.V.

1654 3463 1669 3495 1
1721 3472 1740 3510 3
1987 3461 2021 3495 6·
