2366 3756
11 3055 71 3091 125
96 3062 124 3086 ε’
139 3056 172 3085 ⁸⁶
184 3075 372 3112 Orientales
389 3076 427 3111 in
451 3075 513 3110 ista
530 3077 669 3120 synodo
682 3078 833 3124 Episcopi
847 3106 857 3122 ‚
877 3083 1064 3124 longinquam

843 107 1328 157 D1crnrus.
1650 116 1655 121 “
1847 125 1936 167 311

182 200 215 234 ὰ
235 194 420 235 orientales
439 188 622 243 Episcopos
643 194 750 232 voluit
762 193 867 237 adesse
877 192 911 226 in
927 193 993 236 pari
1007 203 1065 226 nu-

181 260 294 283 mero.
322 244 426 295 Qud
446 245 550 288 ipsum
571 253 700 289 propter
710 244 907 288 appellatam
919 242 1064 283 Maximi

178 295 310 341 Cynici
329 295 459 336 causam
480 295 641 336 Damasus
659 293 847 337 faciendum
878 292 1004 331 censuit
1030 292 1066 325 in

185 349 242 381 sua
263 346 419 386 Romana
440 345 599 390 Synodo.
625 345 754 382 Summi
766 341 918 387 ponderis
929 341 1066 382 eratista

183 394 379 440 appellatio.
406 396 461 430 De
483 396 551 439 ipsa
567 394 685 439 quippe
695 390 900 428 Timotheus
917 390 1067 431 Alexan?

183 445 261 486 driae
282 443 468 481 Patriarcha
488 447 525 484 ἀ
543 447 658 487 cuneta
675 443 771 487 ipsius
789 442 949 485 Dioecefis
959 441 1068 477 adver·

182 496 257 536 sum
279 495 364 531 alios
381 493 567 535 Orientales
586 492 849 540 digladiabantur
870 518 877 525 .
915 491 1067 526 Praeterea

184 544 360 584 Nectarius
379 555 421 581 ex
434 542 608 588 neophyto
618 553 686 579 erat
698 553 815 577 contra
828 541 986 581 Canones
995 552 1070 577 eve-

184 597 254 633 ἕως
273 595 313 629 in
329 595 446 639 Regiae
466 594 610 630 civitatis
629 593 831 640 Episcopum
846 616 857 632 ‚
894 590 1070 638 scribitque

184 645 228 680 de
245 645 314 689 ipsa
339 643 382 678 ad
415 643 649 688 Imperatorem
678 641 909 685 Theodosium
942 641 1071 682 laudata

183 694 319 735 Damasi
330 694 505 739 Synodus:
533 694 710 729 Medianum
719 704 785 727 cum
796 700 891 735 nuper
900 691 997 732 nostra
1010 695 1067 735 Me-

184 745 329 782 dioc-ritas
348 744 597 787 Constantinopoli
617 749 785 788 cognoverit
807 743 982 785 ordinatam
994 766 1005 783 ,
1030 752 1071 777 co·

183 793 300 829 baerere
319 789 548 829 communionem
567 793 693 835 nestram
711 804 778 827 cum
788 792 992 835 Orientalibus
998 798 1071 834 par-

184 844 267 877 ribus
286 843 344 878 non
367 847 519 883 videmus.
548 842 722 886 Praesertim
744 854 811 877 cum
832 842 873 880 ab
894 841 1000 886 eisdem
1011 845 1076 875 Ne.-

183 894 299 927 o‘Iarius
319 893 430 927 dicitur
453 895 530 927 illico
545 893 607 933 fine
617 898 825 928 communionis
835 891 972 937 consortio
988 890 1075 932 desti-

183 951 268 980 tutus
280 968 292 985 ‚
317 943 339 975 ἃ
357 942 467 986 quibus
481 942 591 986 fuerat
612 945 770 986 ordinatus
784 969 792 977 .
829 948 903 980 Non
922 943 1075 975 niediocris

183 999 276 1037 igitar
295 991 343 1027 bic
360 991 537 1035 scrupula„
565 992 611 1028 Et
632 992 804 1038 adjungit:
831 995 959 1035 ,Quanta
981 997 1075 1031 nuper

183 1041 307 1085 confufio
319 1041 410 1085 sada
421 1040 484 1089 fit,
508 1043 655 1084 explicari
673 1053 734 1081 non
752 1040 845 1083 potest
871 1064 880 1073 .
916 1037 1077 1083 Scripsera-

181 1104 254 1130 mus
277 1092 415 1134 dudum,
441 1100 476 1127 ut
497 1096 638 1136 quoniam
658 1090 843 1125 Antiochcna
861 1095 974 1124 civitas
1000 1090 1075 1123 duos

184 1141 309 1176 baberet
329 1141 491 1186 Epist-opos
501 1166 513 1184 ,
540 1143 695 1177 ueletiam
705 1149 794 1186 atque
806 1141 971 1181 Paulinum
983 1162 995 1179 ,
1004 1149 1076 1181 quos

181 1192 245 1242 fide
264 1198 422 1227 convenire
437 1193 624 1236 putabamus
637 1216 648 1231 ‚
672 1199 727 1224 aut
746 1195 828 1225 inter
853 1187 932 1233 ipsos
952 1197 1019 1231 pax
1041 1188 1076 1222 δ’

184 1243 337 1277 concordia
357 1240 447 1285 salvo
467 1244 569 1275 ordine
592 1239 785 1282 Ecclefiastt'co
806 1245 997 1279 conveniret,
1024 1247 1077 1271 aut

185 1294 265 1326 certe
279 1290 310 1334 fi
327 1296 395 1333 quis
413 1302 516 1331 eorum
534 1291 626 1324 altero
642 1288 797 1333 ficperstite
813 1289 983 1333 decefflffet,
1009 1288 1074 1322 nul-

183 1342 219 1377 la
232 1339 402 1385 subrogatio
423 1346 458 1382 in
482 1340 617 1383 defun&
641 1342 734 1375 locum
749 1337 905 1383 stiperstite
929 1340 1076 1382 alterogi-

182 1399 349 1435 gnereturp
376 1394 417 1425 At
436 1402 512 1426 nunc
535 1392 652 1426 Meli-no
670 1390 812 1433 deflendo
831 1415 843 1432 ,
880 1390 1006 1423 Paulino
1023 1387 1075 1430 su-

181 1440 304 1482 perstite
327 1465 340 1482 ,
365 1451 450 1484 quem
471 1447 505 1480 in
526 1446 723 1476 communione
743 1440 841 1481 nostra
861 1438 989 1483 manfiffe
1012 1448 1076 1473 con-

182 1488 279 1533 forna
288 1504 313 1532 ,s-
326 1502 394 1534 quae
415 1493 437 1525 ἃ
447 1491 614 1533 Majoribus
624 1490 767 1532 inoffense*
777 1490 866 1525 dulia
875 1512 887 1530 ,
911 1489 1054 1531 testantur
1064 1512 1076 1535 2

184 1548 291 1575 contra
304 1541 367 1582 fas
388 1549 476 1583 atque
501 1541 726 1584 Ecclefiasticum
746 1542 900 1581 ordinem,
927 1545 961 1578 in
984 1541 1077 1574 iocum

183 1590 302 1623 Meletii
325 1601 384 1624 non
397 1593 463 1625 ‘tam
479 1589 655 1635 subrogatus
668 1616 680 1633 ‚
705 1593 798 1635 quam
813 1584 1011 1638 superpofitus
1024 1588 1078 1622 ade

179 1637 292 1683 seritur
304 1662 312 1669 .
350 1643 449 1680 Atque
466 1640 519 1673 boc
531 1641 654 1681 fadum
676 1642 821 1682 allegatur
846 1636 1025 1680 consenfione
1042 1637 1077 1670 (θ’

183 1686 296 1728 consilio
330 1687 469 1727 Nedarii
493 1711 506 1727 ‚
541 1689 629 1728 cujus
653 1689 805 1724 ordinatio
830 1699 918 1731 quem
943 1689 1078 1722 ordInem

184 1735 344 1776 babuerit,
369 1749 428 1770 non
448 1738 603 1775 videmus.
639 1738 680 1777 ln
705 1737 815 1780 primo
837 1737 1078 1777 Constantino-

184 1786 343 1831 politanae
363 1785 492 1831 synodi
517 1796 685 1823 conventu
709 1786 755 1826 est
778 1796 948 1830 promotus
958 1786 1079 1821 Nesia-

184 1836 254 1870 rius
272 1859 285 1877 ,
322 1835 479 1876 Meletius
500 1836 565 1875 fuit
591 1836 658 1874 vita
680 1834 854 1873 defunctus
874 1861 881 1869 .
917 1837 962 1871 Et
988 1837 1078 1871 tertii

183 1885 339 1920 Cononis
365 1887 480 1933 vigore
512 1886 622 1925 statim
650 1885 872 1921 patriarcham
898 1886 954 1920 ille
978 1887 1077 1929 coepit

184 1946 301 1981 agere,
327 1935 405 1971 licet
417 1935 501 1971 male
516 1941 704 1983 promotus,
732 1936 826 1974 Hinc
837 1934 987 1975 adversus
994 1935 1079 1971 Pau⁴

184 1986 295 2021 linum
315 1985 466 2030 persuasit
484 1985 519 2020 in
542 1985 677 2022 Meletii
698 1985 812 2021 locum
835 1986 980 2021 ordinari
1004 1986 1078 2020 Fla-

183 2035 347 2076 vianum,
371 2045 470 2080 atque
490 2035 537 2070 ita
560 2034 725 2080 irregulari
738 2036 800 2070 suae
809 2036 1014 2079 promotioni
1026 2033 1078 2070 ad-

183 2084 274 2121 didit
285 2085 411 2130 insigne
421 2085 569 2124 crimen,
594 2096 662 2128 quo
681 2083 824 2122 turbavit
846 2094 983 2119 omnem
1006 2084 1077 2116 An·

184 2134 380 2171 tioehenum
401 2131 679 2170 Patriarchatum.
707 2135 791 2168 Haee
801 2134 925 2166 summa
940 2134 1076 2165 summa-

185 2196 260 2219 rum
286 2195 393 2219 rerum
415 2191 585 2216 momenta
607 2181 738 2216 definiri
759 2182 824 2215 fine
850 2180 1075 2220 Orientalium

185 2233 307 2275 pariter
322 2242 422 2276 atque
440 2229 706 2267 occidentalium
733 2231 974 2275 Episcoporum
1001 2242 1077 2275 prae-

187 2283 292 2316 sentia
314 2293 384 2316 non
405 2283 494 2326 posse
512 2281 674 2324 judicavit
696 2282 860 2320 Damasus
885 2306 895 2323 ‚
933 2281 1076 2324 ideoque

187 2342 304 2366 omnes
325 2331 421 2365 simul
443 2330 528 2374 juffit
553 2329 700 2365 Romam
729 2329 884 2368 advenire
902 2355 910 2363 .
951 2329 1075 2366 Verum

186 2381 378 2417 Orientales
394 2404 407 2422 ,
431 2380 522 2423 quod
538 2380 569 2414 se
589 2380 751 2416 exceffiffe
773 2381 923 2424 nossent,
958 2380 1085 2415 timue*

185 2441 266 2465 runt
275 2430 409 2470 Damasi
420 2429 620 2474 praesentiam
633 2444 644 2464 .-
666 2430 827 2474 Suspicati
838 2432 913 2464 sunt
923 2429 990 2477 jam
999 2441 1075 2474 prae·

186 2479 369 2524 judicatum
391 2479 433 2514 de
454 2480 521 2513 suis
540 2479 718 2514 exceffibus
731 2504 743 2521 ,
770 2480 911 2526 ideoque
920 2480 1076 2515 detresta-

186 2539 265 2564 runt
285 2530 438 2567 accedere
462 2553 474 2570 ,
497 2530 532 2564 δε
552 2529 649 2564 variis
669 2529 852 2565 rationibus
878 2529 1076 2564 studuerunt

186 2579 392 2615 Pontificem
408 2579 555 2625 placare.
583 2579 677 2617 Absit
694 2587 732 2616 ut
753 2581 809 2619 sua
825 2578 950 2624 judicia
964 2580 1075 2615 volue-

187 2628 255 2663 rint
274 2630 337 2664 esse
359 2630 523 2674 suprema,
549 2628 760 2669 incunenin,
786 2637 884 2673 atque
897 2629 1074 2675 inappella-

188 2678 269 2712 bilia
278 2702 286 2710 .
306 2678 441 2714 Etenim
460 2677 502 2713 ab
513 2678 586 2722 ipsis
599 2689 667 2715 non
679 2678 810 2718 tantum
820 2679 991 2714 Maximus
1002 2681 1073 2723 Cy-

186 2729 306 2768 nicus,
333 2728 387 2764 cui
397 2726 524 2765 favebat
543 2739 621 2764 cum
643 2729 739 2764 omni
766 2731 823 2766 sua
843 2730 985 2766 Dioecefi
1011 2730 1072 2764 Ti-

187 2776 343 2812 motheus
361 2777 627 2820 Alexandriam,
653 2778 797 2817 Romam
807 2780 983 2823 appellavit
994 2804 1005 2820 ,
1016 2779 1070 2815 sed

187 2827 224 2862 δι
244 2829 355 2861 omnis
375 2827 435 2862 ista
458 2828 610 2870 Synodus
633 2830 688 2866 sua
711 2830 795 2864 circa
816 2830 1007 2868 Nestarium
1033 2831 1068 2865 δε

187 2876 382 2913 Flavirmum
400 2876 485 2912 Asta
507 2877 648 2913 submisit
667 2879 794 2925 judicio
818 2879 948 2916 Damasi
960 2904 971 2920 ,
996 2891 1069 2927 pur-

185 2927 257 2977 gari
266 2927 451 2974 supplicans
457 2937 555 2971 atque
564 2927 685 2964 firmari
698 2954 705 2964 .
735 2931 788 2966 De
797 2929 979 2966 rationibus
989 2954 1000 2971 ,
1012 2942 1067 2974 per

185 2985 265 3018 quas
287 2976 345 3012 illa
367 2978 400 3012 se
421 2976 611 3014 akomano
621 2981 743 3016 accessu
755 2980 938 3020 excusavit,
956 2980 1066 3015 scribit

185 3024 223 3059 in
234 3025 459 3061 Ecclesiastica
468 3026 618 3062 Historia
628 3026 879 3065 Theodoretus:
895 3031 1002 3065 Verum
1013 3029 1044 3062 bi
1054 3055 1065 3070 ,

181 3124 415 3169 profedionem,
438 3126 523 3161 velut
546 3128 684 3162 inutilem
701 3128 843 3171 futuram
868 3156 878 3172 ,
913 3131 1064 3172 deprecati

181 3175 274 3219 sunt.
301 3175 465 3219 Epistolam
484 3183 584 3211 autem
593 3175 758 3221 miserunt,
783 3185 816 3214 in
838 3193 899 3226 qua
905 3181 1063 3225 procellam

185 3234 290 3260 contra
311 3225 454 3269 Ecclefias
472 3233 635 3261 excitatam
648 3227 849 3272 significantes
870 3255 882 3272 ,
919 3233 1029 3265 illorum
1051 3255 1061 3272 ,

186 3276 302 3320 utique
321 3276 589 3312 occidentalium
600 3301 612 3318 ,
638 3280 847 3322 negligentiam
855 3282 1040 3316 denotabant
1052 3306 1060 3315 .

186 3324 465 3362 Pertinaciffimus
485 3327 638 3363 Flaviani
667 3328 817 3364 defensor
845 3330 909 3369 fuit
942 3334 1063 3376 semper

186 3373 421 3413 Theodoretus
441 3401 454 3420 ‚
481 3376 621 3423 ideoque
640 3390 700 3423 pro
719 3379 778 3414 ista
803 3380 1063 3427 Synodoioqui·

1126 199 1180 226 tur
1201 190 1314 231 durius
1334 190 1501 226 adversum
1526 190 1666 228 Latinos
1685 192 1882 239 Episcopos:
1909 196 2011 232 Profi-

1127 251 1214 282 tetur
1236 252 1346 282 tamen
1368 243 1553 282 orientales
1574 243 1614 278 ad
1642 245 1675 279 se
1686 245 1905 280 excusandum
1918 246 2012 281 fuisse

1128 291 1312 335 deprecatos
1332 315 1344 332 ,
1381 302 1585 337 nequaquam
1608 294 1683 334 usos
1707 295 1933 331 intercessione
1953 307 2013 339 pro

1129 342 1275 384 suprema
1300 341 1491 381 austeritate
1516 344 1645 380 ,suorum
1684 344 1904 389 Synodalium
1930 345 2015 389 judi-

1129 391 1276 432 ciorum.
1303 390 1394 432 Nam
1418 389 1570 424 Flaviani
1592 391 1719 428 causam
1742 395 1852 440 postea
1873 397 2016 431 retra&-

1131 450 1206 474 runt
1226 439 1407 483 Pontifices
1419 440 1581 480 Damasus
1593 452 1631 474 ac
1645 445 1786 484 Syricius
1796 470 1808 488 ‚
1834 455 1966 480 necnon
1977 445 2015 479 <Sc

1131 491 1292 534 Capuana
1315 488 1470 534 Synodus
1492 501 1499 523 :
1539 489 1583 531 Et
1609 489 1651 524 ad
1667 489 1767 528 'istam
1787 496 2015 536 auctoritatem

1131 550 1231 575 nemo
1249 551 1396 584 unquam
1419 539 1553 574 Graecus
1576 544 1775 582 provocavit,

1183 591 1302 625 Fateor
1324 599 1434 629 tamen
1462 589 1540 622 istos
1561 589 1745 634 Episcopos
1754 594 1960 633 proclamasse
1973 594 2016 631 aa

1132 650 1347 682 memoratam
1372 639 1390 679 a
1413 638 1532 681 Saneio
1555 636 1733 678 Ambrosio
1746 642 2017 682 consuetudinem

1131 690 1173 729 de
1195 688 1466 728 Occidentalium
1491 689 1525 721 in
1552 687 1735 727 Occidente
1763 713 1775 730 ,
1809 690 1844 731 §c
1866 695 2018 730 Orienta-

1132 740 1217 781 lium
1240 738 1379 784 Synodo
1398 737 1595 780 celebranda
1621 738 1707 781 apud
1729 738 1921 774 Orientem.
1949 744 2018 783 Lu.

1132 799 1183 824 cet
1204 789 1268 824 hoc
1288 801 1331 824 ex
1356 788 1500 833 ejusdem
1530 786 1700 822 Ambrofii
1723 788 1766 822 ad
1790 789 2019 832 Imperatorem

1133 838 1362 878 Theodosium
1382 839 1515 874 litteris:
1549 842 1658 880 Neque
1680 838 1771 879 ullum
1805 848 1925 877 eorum,
1959 844 2022 877 uti·

1133 888 1197 931 que
1220 889 1445 924 Orientalium
1456 887 1720 932 Episcoporum,
1745 885 2022 927 aestimandumcon.

1135 944 1242 973 vitium
1251 939 1341 982 fuit,
1365 950 1432 974 cum
1443 947 1620 984 rogarentur
1641 939 1686 971 ad
1705 939 1868 976 ,Concilium
1891 939 2022 976 Sacerdo-

1136 997 1202 1029 tes,
1237 1001 1360 1031 quorum
1378 989 1558 1033 frequenter
1578 986 1758 1034 praesbntior
1782 985 1917 1031 absentia
1934 987 2024 1035 fuit,

1135 1038 1257 1081 quando
1276 1043 1309 1072 in
1330 1050 1477 1074 commune
1510 1037 1675 1082 consulunt.
1706 1042 1814 1081 Neque
1825 1044 1904 1072 enim
1914 1040 1965 1072 vel
1974 1050 2025 1078 nos

1139 1086 1353 1128 estimavimus
1373 1090 1426 1130 effe
1449 1094 1635 1130 convitium,
1668 1090 1734 1129 ciam
1754 1099 1832 1129 unus
1859 1088 2028 1129 Constanti·

1139 1139 1320 1179 nopolitanae
1341 1136 1475 1179 Ecclefiae
1501 1138 1655 1175 Presbyter
1679 1164 1689 1179 ,
1730 1140 1845 1178 Paulus
1881 1145 1999 1173 nomine
2013 1161 2025 1180 ,

1139 1192 1221 1220 intra
1246 1186 1391 1227 Achaiam
1399 1188 1544 1227 synodum
1565 1189 1866 1229 Orientalium-iuxta
1875 1198 1966 1231 atque
1977 1193 2026 1221 oc-

1138 1237 1333 1277 cidentalium
1351 1235 1548 1279 pfflulaverit
1575 1260 1583 1268 .
1609 1238 1765 1270 Advertat
1788 1238 1955 1271 clementia
1980 1249 2033 1272 ve·

1131 1285 1197 1327 stra
1217 1298 1276 1320 non
1290 1286 1380 1330 fuiffe
1403 1284 1611 1326 irrationabile
1616 1285 1821 1327 postulatum,
1849 1287 2031 1329 quodetiam

1138 1337 1178 1370 ab
1197 1335 1404 1371 Orientalibus
1425 1336 1465 1378 est
1483 1341 1616 1381 petitum
1634 1360 1641 1373 ,
1667 1339 1775 1379 Neque
1780 1337 1875 1378 plane
1887 1347 1940 1370 nos
1953 1345 2032 1372 tam-

1139 1397 1230 1431 quam
1255 1398 1293 1421 ex
1314 1386 1420 1432 forma
1446 1387 1569 1430 aliquid
1593 1390 1772 1420 innovamus
1794 1410 1805 1426 ,
1840 1384 1899 1428 sed
1913 1384 2029 1428 sane‘Jae

1138 1441 1286 1472 memoriae
1308 1435 1463 1478 Athanasii
1478 1460 1490 1476 ,
1515 1443 1567 1479 qui
1592 1434 1678 1478 quafi
1694 1435 1829 1469 columna
1849 1436 1924 1477 fidei
1941 1436 2030 1477 fuit,

1138 1488 1173 1525 (5
1196 1491 1308 1521 veteris
1333 1485 1512 1530 sanc‘litatis
1535 1490 1661 1519 Parrum
1679 1486 1835 1526 nostrorum
1845 1492 1878 1520 in
1890 1486 2032 1520 conciliis

1137 1537 1261 1578 definita
1279 1532 1466 1576 servantes,
1495 1545 1553 1568 non
1575 1536 1734 1569 evellimus
1758 1540 1898 1569 terminos
1911 1559 1923 1577 ,
1959 1545 2031 1577 quos

1133 1582 1296 1626 posuerunt
1319 1585 1426 1617 Patres
1450 1583 1537 1623 nostri
1558 1608 1570 1625 ,
1608 1595 1657 1618 nec
1679 1584 1884 1619 haerednariae
1909 1596 2034 1620 commu-⁴

1137 1630 1237 1667 'monis
1256 1635 1335 1675 Jura
1359 1635 1528 1674 violamus,
1548 1633 1607 1677 sed
1629 1636 1764 1669 debitam
1791 1636 1884 1677 vestro
1908 1639 2034 1678 Imperio

1137 1682 1391 1726 honorificentiam
1410 1683 1601 1728 reservantes
1614 1709 1625 1725 ,
1644 1684 1791 1728 studiosos
1815 1697 1868 1718 nos
1889 1692 1977 1728 pacis
1997 1688 2033 1721 Θ·

1137 1739 1249 1778 quietis
1273 1734 1454 1781 ostendimus
1471 1760 1478 1769 .
1505 1733 1630 1771 Totius
1654 1735 1802 1775 Ecclesxae
1824 1735 1937 1770 inuno
1954 1737 2032 1770 loco

1138 1783 1349 1824 adunandum
1379 1796 1581 1823 conventum
1604 1786 1645 1820 de
1666 1787 1814 1821 novitate
1837 1786 1944 1829 palam
1976 1785 2031 1821 hic

1137 1845 1279 1880 arguunt
1302 1835 1486 1872 orientales
1499 1861 1509 1877 ,
1535 1837 1570 1872 &
1589 1836 1792 1880 proclamant
1805 1835 1845 1870 ad
1859 1836 2030 1879 antiquam

1137 1884 1411 1924 consuetudinem
1426 1911 1437 1928 ,
1460 1887 1493 1925 δε
1522 1887 1562 1922 ad
1586 1888 1688 1932 ipsam
1709 1884 1899 1922 servandam
1915 1886 2033 1929 suppli—

1138 1944 1216 1968 cant
1240 1936 1423 1974 Damasum
1444 1937 1602 1980 compelli
1626 1939 1712 1972 sacra
1738 1936 1877 1979 juffione
1903 1936 2031 1971 Princi-

1138 1984 1186 2026 pis
1206 2007 1215 2015 .
1260 1982 1473 2021 Addiderunt
1495 1995 1601 2020 totam
1624 1987 1832 2025 orientalem
1857 1984 2032 2030 synodum

1137 2034 1267 2068 evocari
1290 2045 1359 2068 non
1381 2035 1471 2077 posse
1490 2035 1556 2070 sine
1580 2035 1732 2072 convitio
1763 2047 1859 2080 atque
1881 2037 2030 2080 ignomi-

1139 2081 1213 2115 nia.
1240 2079 1347 2119 Porto
1369 2084 1455 2124 apud
1479 2084 1668 2126 Principem
1696 2096 1813 2127 potens
1835 2085 2033 2120 sermone&

1137 2140 1235 2174 opere
1247 2140 1314 2164 erat
1328 2130 1521 2167 Ambrosius
1533 2155 1544 2171 ,
1571 2132 1711 2175 ideoque
1725 2133 1941 2175 respondendi
1954 2136 2033 2169 Pro-

1137 2180 1246 2214 vincia
1270 2179 1333 2217 fuit
1355 2179 1411 2222 ipsi
1434 2180 1581 2224 imposita
1594 2206 1601 2214 .
1632 2181 1676 2216 Et
1691 2182 1856 2224 respondit
1868 2182 1908 2217 ad
1923 2184 2032 2228 singu-

1137 2229 1188 2267 la.
1216 2228 1330 2263 Primo
1351 2228 1499 2264 adfirmat
1526 2229 1711 2268 istiusmodi
1735 2232 1939 2276 Synodalem
1950 2233 2031 2268 adu-

1137 2279 1307 2317 nationem
1328 2277 1412 2312 adeo
1434 2290 1501 2314 non
1528 2281 1763 2315 eireinsuetam
1777 2304 1788 2321 ,
1812 2292 1847 2315 ut
1860 2293 1962 2326 nuper
1974 2295 2025 2327 pe-

1135 2330 1195 2363 tita
1223 2338 1322 2372 atque
1344 2329 1514 2372 impetrata
1527 2330 1626 2366 fuerit
1637 2331 1678 2365 ab
1693 2331 1916 2374 appellatione
1927 2335 2027 2369 unius

1136 2379 1234 2415 Pauli
1261 2377 1447 2422 Presbyteri
1474 2380 1844 2424 Constantinopolitani
1871 2406 1878 2414 .
1915 2382 2026 2425 Hujus

1135 2430 1302 2472 personam
1325 2429 1358 2462 &
1376 2429 1504 2463 causam
1527 2431 1648 2475 ignoto
1676 2456 1685 2463 .
1710 2430 1864 2466 Secundo
1890 2431 2027 2468 adducit

1135 2478 1234 2524 longe
1269 2479 1436 2522 potentius
1456 2481 1645 2524 exemplum
1669 2490 1768 2523 atque
1792 2483 2024 2518 austeritatem

1134 2530 1246 2574 magni
1273 2526 1462 2569 Athanasii,
1490 2530 1546 2573 qui
1572 2531 1666 2565 issam
1694 2531 1890 2566 divisionem
1906 2533 2027 2577 impm,

1134 2579 1224 2614 barat
1247 2579 1283 2613 in
1298 2577 1499 2616 Ariminensi
1526 2591 1565 2618 ac
1583 2581 1781 2617 Seleucienfi
1803 2583 1962 2625 synodo,
1989 2583 2025 2618 ὅ(

1133 2629 1174 2664 ad
1195 2628 1285 2671 cujus
1309 2629 1543 2664 retrastandam
1566 2631 1829 2666 causamindista
1840 2633 1942 2668 fuerat
1959 2633 2024 2676 ple-

1134 2691 1176 2713 na
1197 2679 1363 2722 utriusque
1383 2679 1535 2716 Ecclefiae
1554 2681 1708 2724 Synodus
1729 2683 1816 2724 apud
1829 2682 1993 2717 Sardicam
2012 2706 2020 2716 .

1132 2728 1252 2763 Tertio
1273 2727 1389 2764 adserit
1409 2728 1505 2771 hujus
1527 2730 1722 2765 Sardicenfis
1744 2732 1873 2775 Synodi
1910 2731 2021 2767 Cano-

1132 2790 1188 2813 nes
1207 2779 1226 2814 a
1239 2779 1381 2814 Damaso
1393 2780 1507 2819 servari
1520 2804 1527 2811 .
1555 2780 1604 2819 Hi
1627 2781 1748 2825 quippe
1759 2782 2019 2826 appellatascau-

1131 2831 1177 2864 sas
1199 2829 1387 2866 retractandi
1408 2829 1545 2865 modum
1569 2830 1662 2874 plene
1672 2831 1867 2876 permittunt
1880 2830 2018 2867 arbitrio

1130 2880 1276 2914 Romani
1303 2880 1458 2923 Episcopi
1479 2904 1491 2920 ,
1525 2879 1695 2916 titulantes
1721 2881 1804 2916 illud
1828 2882 2016 2925 sapientiffi·

1131 2941 1239 2963 mum.
1268 2929 1399 2976 Qarto
1428 2930 1475 2964 ait
1495 2928 1614 2965 divisas
1625 2932 1894 2969 Occidentalium
1917 2933 1949 2966 ὅ(
1970 2932 2016 2967 Ο-

1128 2979 1312 3018 rientalium
1338 2980 1490 3022 Synodos
1510 2982 1571 3015 esse
1592 2982 1713 3022 utiles,
1742 2981 1874 3025 quando
1887 2983 2016 3025 utrique

1127 3031 1161 3064 in
1181 3041 1357 3066 commune
1367 3031 1563 3065 consulunt:
1587 3031 1764 3066 Profitetur
1778 3030 2014 3075 Episcoporum

1126 3080 1302 3115 absentiam
1314 3091 1393 3115 tunc
1404 3081 1640 3127 praesentiorem
1652 3082 1713 3115 esse
1726 3107 1737 3123 ,
1756 3082 1819 3115 five
1827 3081 1993 3117 utiliorem
2003 3105 2012 3113 .

1126 3128 1250 3167 Verum
1272 3128 1423 3176 adjungit
1446 3129 1531 3166 hanc
1553 3131 1749 3174 pra-sentiam
1773 3143 1841 3166 non
1871 3131 1962 3166 fuiffe
1976 3131 2011 3166 iu

1126 3180 1497 3223 Constantinopolitana
1509 3181 1645 3223 synodo
1659 3206 1670 3226 ‚
1696 3182 1836 3224 ideoque
1848 3181 2008 3215 necessum

1125 3232 1209 3271 esse,
1229 3239 1266 3263 ut
1293 3230 1427 3275 naviget
1453 3231 1598 3269 Romam
1618 3257 1627 3265 .
1662 3231 1706 3266 Et
1730 3231 1794 3264 hoc
1819 3232 1836 3264 a
1862 3230 2008 3264 Damaso

1125 3280 1274 3324 exquiri,
1301 3291 1369 3315 uon
1391 3282 1598 3317 convitiandi
1621 3293 1676 3316 aut
1694 3279 1920 3316 confundendi
1934 3279 2008 3314 libi-

1125 3331 1202 3365 dine
1211 3354 1221 3370 ,
1247 3330 1299 3364 sed
1312 3341 1422 3367 amore
1432 3331 1640 3377 pacificanda:
1668 3333 1700 3365 &
1713 3330 1894 3372 quietandae
1903 3332 2005 3366 totius

1126 3380 1379 3418 Christianitatis
1403 3405 1412 3416 .
1457 3382 1503 3417 Et
1534 3393 1662 3429 propter
1698 3384 1771 3426 jura
1805 3381 2008 3416 baereditariae

1887 3439 1958 3463 com-
