2366 3756
73 2905 133 2941 Lib.
154 2916 183 2944 3.

73 2956 136 2985 cap.
152 2957 194 2978 ιο-

904 143 1401 187 D1cT·ATus.

234 231 323 274 'quam
340 226 570 272 presentialiter
586 227 773 270 prostratus,
797 227 833 260 ὁ·
854 223 961 264 vestris
981 220 1112 265 vestigiis

227 280 426 325 provolutus,
453 277 568 321 quaesb.
596 279 641 312 Et
661 277 702 311 ad
720 277 950 318 Imperatorem
978 271 1113 306 Anasta-

233 330 316 365 sium
328 328 557 363 dixitsanstus
576 324 863 362 Archi-Mandrita
889 322 1028 357 Sabbas:
1058 326 1108 355 Ve-

227 378 300 426 flrae
314 381 443 412 Pietatis
457 378 579 423 vesttgta
599 379 773 411 adoraturus
784 379 857 407 vent
867 397 876 405 .
905 372 948 407 Et
960 373 999 406 ad
1011 371 1111 415 Impe-

233 438 375 465 ratorem
397 429 598 463 Mattianum
613 426 774 461 Eustatius
795 424 976 467 Tyriorum
989 422 1111 456 Metro·

234 479 339 524 polita
351 492 359 511 z
386 483 444 513 Oro
455 479 499 512 ad
507 476 781 518 vcstmrumpedum
792 474 915 517 vestigia
923 475 1109 515 provolutus.

235 529 282 564 Et
293 528 333 563 de
345 529 489 564 Leontio
501 528 714 571 Tripolitano
725 522 809 568 apud
821 524 936 567 Lydos
951 524 1112 566 Episcopo

234 579 297 614 sub
319 578 460 621 Imperio
471 577 658 611 Constantii
682 574 779 609 habet
802 575 915 608 Svidas
936 586 944 605 ε
973 577 1112 606 Leontius

235 634 339 663 animo
354 628 421 669 fiat
443 633 565 670 ingenuo
576 623 738 661 advertum
759 635 879 665 omnes,
904 626 996 658 &ore
1005 624 1112 662 libero.

238 681 286 711 Et
305 678 433 720 quodam
455 686 585 720 tempore
598 677 724 710 Concilio
749 675 881 714 andtilo,
908 685 974 709 cum
985 671 1114 716 Eusebia

237 726 405 768 Constantii
423 739 515 769 uxor,
536 727 676 771 superbia
700 726 780 759 elata
791 750 800 766 ‚
827 725 867 758 ab
881 722 1036 766 Eptfiopis
1047 723 1117 756 ado·

237 787 378 819 raretur,
399 776 480 821 solus
491 790 558 811 eam
578 778 774 810 adulationem
785 773 1006 817 adspernatus,
1034 774 1114 805 domi

236 827 344 870 manfit
365 827 379 860 .’
403 832 443 860 At
466 827 519 860 tlla
540 833 662 862 irritata
680 851 690 866 ,
721 828 755 860 (θ’
781 832 882 858 animo
906 824 1115 866 inflammata,

238 880 286 912 nd
301 888 366 911 eum
376 882 472 910 mittit
483 877 696 919 expostulatum
709 900 719 916 ,
741 870 1008 918 pollicitationibus
1025 878 1116 906 ettam

236 928 383 961 bominem
393 928 536 960 adltctens
549 951 560 966 ,
587 926 746 968 Ecclefiam
769 927 814 959 illi
825 931 992 957 maximam
1008 923 1119 963 exstru-

236 979 354 1015 §uram
365 974 401 1019 se
423 976 491 1019 effe,
515 977 548 1010 Φ
561 976 681 1017 affatim
699 981 835 1018 pecunlae
853 975 1076 1016 praebt'turam,
1095 971 1125 1014 fi

235 1026 269 1071 se
288 1033 473 1060 conventret.
499 1025 594 1060 Solus
615 1027 696 1070 ergo
714 1036 757 1059 ex
771 1024 939 1067 Episcopis
959 1022 1120 1057 Leontius

237 1088 295 1121 per
306 1077 498 1122 singularem
513 1075 697 1115 libertatem
719 1075 848 1109 videtur
859 1083 940 1107 tunc
952 1072 1120 1116 Augustos

237 1127 428 1170 Principes,
454 1127 569 1173 utique
588 1125 776 1171 perpetium
799 1123 909 1159 oscula
925 1135 946 1164 ,⁷
962 1133 1031 1160 non
1046 1122 1121 1156 ado.

236 1177 334 1212 raffe.
698 1198 703 1211 ›„

236 1234 255 1243 ·‘
287 1226 488 1271 Responde&
509 1227 640 1263 Svidam
665 1234 795 1271 pergere
814 1225 855 1260 de
868 1223 930 1259 isto
947 1224 1093 1258 Leontio
1110 1237 1122 1257 .-

236 1280 327 1310 Kanc
347 1278 490 1320 Regulam
512 1277 653 1317 Eeclofiae
668 1277 814 1310 vocabant
825 1301 832 1309 .

235 1326 319 1360 dum
329 1326 375 1360 est
386 1327 428 1359 ab
443 1326 512 1369 ipso
524 1325 637 1361 datum
650 1323 805 1371 Augusta
819 1324 963 1359 Eusebiae
977 1324 1121 1367 Respon-

236 1377 309 1411 sum
333 1388 341 1408 τ
368 1375 489 1417 Istorum
515 1377 634 1419 quidem
647 1375 770 1418 ffqutd
793 1379 976 1417 Imperatr-ix
1000 1372 1118 1417 exsequi

236 1426 367 1461 volueris
379 1450 390 1467 ,
416 1437 475 1459 non
498 1434 563 1459 tam
581 1423 778 1469 mibirescito
790 1450 800 1465 ,
827 1436 920 1468 quam
939 1430 1050 1457 animae
1063 1433 1123 1457 tuae

232 1485 358 1521 gratum
373 1474 549 1517 fafiuraem.
578 1478 611 1509 si
621 1484 668 1508 me
679 1478 750 1509 vero
761 1477 807 1509 ad
819 1484 848 1509 te
860 1476 1100 1508 venirevolueris
1114 1499 1123 1514 ‚

236 1524 343 1559 debaa
367 1523 523 1568 Eptscopts
543 1525 716 1559 reverentia
728 1524 907 1568 conservata
918 1549 928 1564 ,
937 1542 939 1546 v
949 1526 989 1558 ά
1001 1534 1050 1567 ego
1059 1530 1125 1563 qut-

236 1575 306 1609 dem
325 1575 502 1619 ingrediar,
527 1584 562 1608 tu
585 1583 685 1608 autem
703 1575 741 1607 de
753 1573 876 1617 sublimi
891 1572 942 1612 isto
945 1571 1015 1614 solio
1019 1572 1124 1611 statim

236 1623 438 1667 descendens,
465 1633 636 1657 reverenter
660 1623 734 1655 mihi
754 1624 877 1655 oboram
894 1621 1039 1661 procedas
1053 1644 1064 1659 ,
1090 1621 1124 1653 Θ·

235 1680 328 1715 eaput
348 1677 424 1706 meir
443 1673 583 1705 manibus
606 1671 757 1715 fitpponas
770 1694 781 1711 ,
806 1670 1031 1704 beneduwonem
1046 1680 1122 1703 acce-

232 1730 331 1767 ptura
342 1746 350 1754 .
377 1725 418 1755 Ac
429 1723 536 1755 deinde
547 1733 602 1766 ego·
604 1720 727 1764 sedeam
737 1745 748 1761 ,
775 1730 809 1754 ut
820 1721 983 1754 verecunde
1004 1719 1100 1759 adstes
1114 1743 1124 1758 ‚

237 1783 303 1808 eum
315 1773 424 1815 jussero
441 1773 512 1804 dato
515 1771 597 1815 figno
619 1795 630 1811 ‚
652 1770 781 1814 J'essura.
807 1773 840 1805 st
855 1770 902 1803 hae
922 1769 977 1803 nbt
989 1770 1127 1803 condicto-

238 1832 293 1858 nes
311 1822 480 1864 placuerint
493 1846 503 1862 ,
530 1827 652 1857 veniam
675 1822 720 1854 ad
727 1830 772 1854 te.
798 1823 851 1854 Sin
861 1822 920 1853 alio
938 1821 1039 1860 modo,
1067 1831 1124 1852 non

239 1880 306 1907 tam
327 1873 422 1905 multa
445 1872 535 1904 dabis
547 1895 559 1912 ‚
585 1880 651 1904 tam
661 1882 770 1915 magna
795 1883 852 1903 non
861 1875 975 1913 potert‘s
987 1894 998 1911 ,
1024 1879 1058 1903 ut
1070 1882 1122 1902 nos

239 1921 347 1957 bonore
358 1919 511 1963 Episcopls
529 1927 716 1955 convenienti
731 1922 857 1966 neglet‘lo
874 1946 883 1961 ,
912 1924 1059 1953 Divinum
1074 1921 1123 1952 Sa-

238 1973 360 2006 cer-dom
387 1969 557 2011 Institutum
575 1973 736 2005 violemur.
771 1972 913 2004 Eusebiae
924 1972 1004 2004 iram
1017 1971 1124 2003 adver·

237 2021 293 2055 sus
315 2019 492 2055 Leontium
515 2045 526 2060 ,
552 2021 646 2055 duras
668 2020 755 2064 apud
788 2023 943 2054 maritum
964 2021 1124 2061 querimo-

237 2071 312 2106 nias
325 2095 336 2111 ‚
361 2071 396 2105 δε
409 2070 558 2105 vindic'iae
577 2070 876 2114 expostulationem
900 2071 1039 2113 exponit
1055 2071 1127 2103 Svi·

238 2120 297 2155 das
323 2144 334 2161 ‚
361 2131 458 2164 atque
487 2121 686 2164 prosequitur
713 2132 720 2152 :
749 2120 937 2159 Constantius
963 2124 1139 2160 ingenuum.

240 2175 360 2205 Leontii
378 2177 512 2202 animum
534 2176 630 2212 magis
641 2169 747 2200 laudat
760 2192 768 2206 ‚
793 2168 969 2207 placataque
987 2173 1032 2197 tra
1057 2177 1126 2199 uxo-

241 2231 306 2253 rem
325 2224 357 2249 in
368 2224 530 2261 gynteaeum
552 2217 667 2260 ablegat
681 2242 688 2248 .
715 2214 816 2264 Qod
831 2216 947 2259 nempe
963 2216 1066 2249 nosset
1079 2227 1120 2250 ex

240 2267 406 2307 canone,
433 2278 470 2300 ac
491 2267 626 2301 inducto
650 2278 704 2310 per
715 2278 837 2310 patrem
863 2269 952 2299 suum
966 2265 1127 2300 Constan-

241 2317 352 2351 tinum
375 2327 467 2350 more
488 2317 636 2350 locutum
656 2317 719 2350 effe
739 2327 776 2349 ac
801 2316 900 2363 egiffe
924 2314 1123 2349 Leontium.

243 2367 413 2414 Qantam
433 2366 523 2400 enim
559 2367 773 2400 reverentiam
788 2365 1028 2399 Constantinus
1050 2365 1126 2407 Epi-

244 2416 353 2459 scopis
363 2414 546 2450 exhibuerit
559 2415 593 2449 &
610 2416 805 2455 sanxerit,est
818 2414 974 2449 omnibus
986 2426 1101 2449 notum
1114 2440 1121 2447 .

245 2466 352 2514 Qod
371 2466 471 2500 etiam
491 2466 680 2501 Turcarum
701 2466 876 2504 Sustanus,
902 2475 940 2498 ac
966 2463 1124 2498 Constan-

246 2515 477 2558 tiuopolitanae
497 2515 585 2550 urbis
595 2525 800 2559 expugnator
813 2513 1023 2548 Mahometes
1037 2515 1127 2549 Con-

245 2564 557 2608 stantinopolitanos
577 2563 782 2599 patriarchas
804 2565 960 2599 exemerit
976 2566 994 2597 ὲ
1006 2565 1124 2607 pedum

244 2614 363 2650 osculo
386 2638 398 2655 ,
421 2614 455 2648 &
476 2614 517 2647 ad
545 2625 661 2648 manus
686 2614 834 2648 osculum
862 2613 1026 2647 admiserit
1054 2616 1126 2660 lege

246 2673 400 2708 perpetua
421 2686 432 2703 ‚
457 2663 546 2707 supra
581 2663 767 2698 audivimus
783 2665 801 2697 a
825 2661 1034 2698 patriarchali
1074 2676 1126 2708 per

247 2713 497 2748 Emmanuelem
510 2714 680 2748 Malaxum
693 2714 850 2758 descripta
866 2714 1009 2747 Historia
1020 2739 1027 2745 .
1057 2716 1126 2749 Ho-

248 2773 343 2798 nores
367 2788 378 2803 ,
403 2774 484 2807 quos
507 2762 683 2799 Gennadio
714 2764 856 2798 secundo
877 2789 887 2805 ‚
926 2764 1032 2807 primo
1053 2764 1124 2807 post

246 2823 376 2857 captam
394 2812 508 2846 urbem
530 2814 722 2848 Patriarchae
734 2839 744 2854 ,
769 2812 921 2848 exhibuit
942 2815 1042 2848 vietor
1053 2815 1127 2849 Ma-

248 2863 418 2903 hommes,
445 2863 508 2896 late
530 2865 665 2906 exponit
691 2865 855 2909 Georgius
868 2862 1052 2905 Phranzes,
1079 2877 1125 2899 at-

247 2924 313 2957 que
340 2913 564 2957 prosequitur:
592 2913 769 2948 Mahometes
793 2916 874 2947 dedit
896 2921 986 2947 etiam
1005 2917 1126 2948 litteras

249 2962 440 2997 Patrlarchae
461 2974 525 2995 cum
550 2961 761 3006 subscriptione
791 2965 974 2998 aut‘lort‘tan's
1000 2967 1098 3009 Regiae
1114 2990 1123 3005 ‚

249 3013 355 3055 quibus
379 3014 423 3045 illi
444 3015 465 3044 ἃ
487 3012 698 3046 vexationibus
719 3020 798 3047 cavit
811 3041 820 3055 ‚
846 3015 982 3048 rebellari
1004 3022 1119 3056 vetuit,

251 3063 456 3105 &quidquam
478 3062 581 3095 tributi
604 3069 719 3095 nomine
729 3064 767 3096 ab
778 3076 810 3098 eo
819 3072 898 3111 exlgi
912 3089 922 3105 ,
948 3070 1012 3100 ‘w'm
1024 3066 1045 3097 ἆ
1058 3077 1123 3108 quo-

246 3118 332 3157 piam
361 3109 536 3153 adversario
560 3114 716 3146 &inimico
737 3114 852 3155 adferri
873 3116 1031 3148 interdixit
1057 3138 1068 3154 ‚
1092 3117 1126 3149 (5

250 3173 283 3196 ut
309 3165 329 3195 ᾶ
352 3161 549 3204 vestigalibus
571 3163 737 3203 &publicis
757 3165 1015 3198 contributiom'bus
1039 3164 1100 3208 ipse
1113 3190 1123 3205 ‚

250 3210 354 3255 omnes
349 3223 403 3254 que
418 3213 582 3254 successores
594 3234 605 3250 ‚
625 3211 802 3255 subjec‘ltque
823 3214 960 3258 Eptfitopi
982 3221 1014 3247 in
1020 3223 1123 3257 perpe·

253 3272 335 3296 tuum
345 3272 488 3295 vacarent
500 3287 510 3301 ,
538 3264 700 3294 mandavit
715 3287 722 3294 .
747 3264 855 3299 Etiam
867 3277 900 3298 ut
914 3265 1099 3300 patriarcha
1113 3290 1123 3305 ‚

252 3323 319 3346 non
342 3312 483 3350 aliorum
505 3323 595 3345 more
609 3312 702 3355 pedes
715 3336 726 3352 ,
751 3314 802 3347 sed
817 3314 977 3359 Principis
991 3327 1125 3350 manum

253 3360 489 3396 deoscularetur
510 3387 516 3393 .
542 3362 644 3410 Qud
671 3362 876 3408 privilegium
900 3376 941 3399 an
963 3366 1062 3399 etiam
1085 3367 1124 3399 ad

251 3422 366 3447 omnes
393 3412 572 3455 Episcopos
599 3413 695 3445 fuerit
713 3415 906 3455 extensum,
930 3426 999 3449 non
1010 3417 1125 3460 poffim

352 3460 540 3505 ChristLupi
549 3464 713 3504 Oper.Tom.
722 3466 754 3494 V.

897 1285 973 1308 uare
990 1275 1121 1308 audien·
1143 1285 1145 1297 ³
1172 1280 1176 1289 ¹

861 1275 911 1324 ρ’
1173 1327 1176 1369 J
1205 1324 1284 1355 idem
1299 1322 1420 1364 faciunt
1443 1333 1542 1355 omnes
1558 1320 1693 1360 Ecclefiae
1716 1323 1850 1353 Proceres
1863 1343 1874 1359 ,
1902 1319 2089 1353 Archi-Mem-

1902 157 1994 201 197

1173 230 1183 241 ·
1195 223 1364 258 adfirmare
1375 248 1383 255 .
1411 220 1507 258 Certe
1525 222 1614 268 quod
1629 223 1715 257 ullus
1737 234 1882 267 unquam
1894 222 2073 267 Episcopus

1196 274 1381 308 sitSultano
1395 275 1560 307 osculatus
1572 273 1688 316 pedes,
1713 271 1888 318 usquehuc
1911 286 1976 307 non
1990 273 2075 317 legi.

1197 323 1370 370 Qidquid
1394 325 1431 355 fit
1452 347 1462 362 ,
1489 322 1751 358 Christianorum
1774 324 2008 367 Imperatorum
2028 334 2076 357 er·

1196 385 1236 417 ga
1251 371 1452 407 patriarchas
1466 396 1477 412 ,
1504 373 1682 416 Episcopos
1693 398 1704 414 ‚
1730 373 1764 407 &
1778 384 1892 407 omnes
1905 374 2073 413 Clerieos,

1198 423 1407 456 reverentiam
1430 421 1574 461 imitari,
1600 422 1634 455 ὅ(
1658 425 1700 457 ita
1722 424 1806 465 ipsos
1831 424 1886 457 fibi
1909 421 2077 456 devincire

1199 474 1302 506 voluit
1324 483 1380 506 aut
1400 471 1559 505 fimulavit
1572 471 1801 513 Mahometes,
1829 474 1967 517 ideoque
1990 474 2076 506 lucet

1197 523 1286 565 quod
1316 522 1467 565 Episcopi
1491 519 1684 555 Christianis
1707 522 1956 564 imperatoribus
1981 522 2077 566 pedes

1199 582 1375 614 numquam
1397 570 1517 605 fuerint
1538 571 1695 605 osculati.
1727 571 1769 604 Et
1793 570 1928 605 adducta
1952 573 1987 606 in
1999 582 2078 606 con·

1198 623 1332 656 trarium
1353 621 1541 656 testimonia
1568 633 1635 655 non
1659 621 1818 655 evincunt
1841 645 1848 652 .
1883 622 1985 655 Aliud
2009 632 2076 655 non

1198 672 1270 706 suut
1286 696 1296 711 ,
1318 682 1415 715 quam
1429 670 1565 705 verbalis
1575 669 1659 714 apud
1676 672 1856 715 Augustam
1872 671 2077 714 Maiestatem

1199 721 1368 755 humilitas
1393 743 1405 760 ,
1427 723 1582 755 consueta
1618 721 1784 764 prasertim
1813 722 1896 764 apud
1925 720 2080 761 Graecos,

1199 771 1359 816 ejusmodi
1381 771 1625 805 adulationibus
1650 773 1767 813 semper
1778 772 1968 805 delectatos.
1997 771 2079 818 Qae

1200 823 1312 860 omnia
1340 821 1374 856 in
1401 833 1499 866 opere
1525 822 1565 855 de
1593 822 1726 855 Divinis
1753 819 1899 854 Ecclefiae
1926 822 1958 854 ὅ(
1985 822 2080 853 Aulae

1201 872 1577 915 Constantinopolitanae
1613 871 1733 906 officiis
1768 871 1939 915 insigniter
1965 871 2082 902 confina

1203 932 1269 955 mat
1293 922 1457 966 Georgius
1478 922 1633 956 Codinus
1654 947 1661 954 .
1690 920 1907 955 Demonstrat
1934 917 2022 964 qu0d
2048 919 2083 951 in

1205 971 1350 1013 Paschali
1375 972 1488 1006 officio
1509 983 1623 1006 omnes
1646 972 1799 1005 proceres
1822 969 2012 1014 Imperatori
2034 978 2088 1012 pe-

1201 1020 1275 1055 dem
1289 1021 1488 1062 osculentur,
1499 1023 1532 1056 <Sc
1544 1021 1693 1067 adjungit
1704 1022 1745 1055 de
1762 1021 1919 1055 Clericis:
1951 1023 2085 1053 l’atriar-
2102 1032 2172 1069 Cap·
2195 1038 2239 1066 14·

1170 1101 1173 1103 ,
1201 1071 1257 1104 cha
1293 1072 1433 1105 accedens
1459 1072 1603 1105 benedrcit
1621 1098 1630 1110 ‚
1661 1074 1695 1105 ὀ·
1714 1070 1858 1115 osculatur
1879 1074 2085 1112 Imperatorem

1203 1127 1236 1155 in
1248 1133 1316 1163 ore,
1341 1123 1495 1164 eodemque
1518 1124 1603 1154 modo
1607 1122 1674 1162 fert
1694 1120 1754 1164 ipse
1765 1121 1891 1164 osculum
1902 1121 1942 1154 ab
1953 1125 2088 1162 Impera-

1204 1181 1284 1206 tore.
1315 1171 1413 1211 Postea
1429 1172 1493 1212 stat
1516 1176 1634 1204 vicinus
1647 1175 1836 1211 Imperatori.
1873 1169 2011 1213 Episcopi
2018 1178 2089 1211 por-

1204 1225 1236 1255 ro
1258 1223 1316 1255 duo
1340 1222 1507 1255 accedentes
1533 1220 1698 1263 osculantur
1724 1223 1758 1254 (5
1779 1219 1834 1262 ipsi
1855 1225 2085 1261 Imperatorem:

1205 1275 1308 1306 Primo
1334 1273 1454 1315 quidem
1479 1283 1601 1304 manum
1629 1296 1640 1311 ‚
1665 1272 1772 1303 demde
1792 1281 1906 1315 genam
1933 1296 1941 1302 .
1970 1270 2088 1302 Deinde

1206 1374 1299 1406 dritae
1326 1378 1418 1405 etiam
1443 1383 1478 1404 ac
1505 1371 1741 1410 Monastert'orum
1769 1369 1908 1410 Praefet‘li
1930 1394 1938 1401 .
1962 1371 2090 1403 Omnes

1205 1433 1323 1467 genam
1349 1421 1538 1456 osculantur
1560 1421 1593 1454 δε
1619 1431 1777 1455 manum.
1811 1420 1852 1453 Et
1876 1419 1940 1453 hoc
1966 1418 2091 1462 privile-

1204 1475 1297 1517 gium
1325 1471 1455 1506 videtur
1492 1471 1700 1506 Mahometes
1738 1471 1867 1503 cunetis
1896 1470 1962 1502 istis
1990 1468 2093 1502 reddi-

1205 1520 1285 1554 diffe
1299 1545 1306 1552 .

1257 1570 1298 1602 Et
1312 1569 1401 1603 istius
1413 1569 1601 1603 reverentiae
1624 1567 1816 1611 posteriores
1826 1570 2015 1603 Graecorum
2033 1567 2095 1601 Im-

1207 1629 1367 1662 peratores
1389 1620 1519 1653 fuerunt
1533 1618 1723 1653 constanter
1744 1619 1958 1653 tenacissimi.
1987 1618 2094 1651 Lucet

1206 1681 1244 1702 ex
1259 1670 1408 1713 Georgio
1431 1667 1567 1703 Codino
1591 1693 1602 1708 ,
1629 1680 1818 1712 exponente
1840 1669 2006 1702 laudatum
2035 1667 2096 1700 Pa-

1206 1717 1309 1752 schale
1332 1719 1497 1752 officium:
1529 1722 1662 1752 Proceres
1689 1731 1788 1752 omnes
1804 1745 1811 1758 ,
1838 1718 1987 1762 usquead
1997 1716 2100 1760 novis‹

1201 1766 1302 1807 fimum
1321 1795 1330 1810 ‚
1358 1770 1470 1813 ingreffi
1481 1768 1670 1811 osculantur,
1695 1771 1793 1811 primo
1813 1771 1919 1811 pedem
1932 1772 2095 1810 imperato-

1205 1826 1247 1852 rt's
1273 1844 1282 1859 ‚
1309 1821 1417 1852 demde
1444 1821 1601 1852 dexteram
1627 1831 1748 1852 manum
1772 1844 1781 1858 ‚
1804 1819 1904 1861 postea
1932 1820 2107 1853 dexteram.

1200 1881 1327 1912 genam.
1354 1871 1384 1902 51⁴
1395 1881 1426 1903 eo
1448 1871 1529 1909 Ioco,
1555 1876 1587 1903 t'n
1611 1882 1667 1912 quo
1687 1868 1824 1912 versatur
1842 1873 2006 1910 Imperator
2020 1892 2030 1908 ‚
2052 1866 2094 1909 fit

1203 1931 1315 1961 quoque
1339 1919 1528 1961 Genuenst'um
1559 1920 1722 1960 Potestatus
1744 1917 1793 1962 seu
1816 1919 1982 1960 Praefec‘lus
2010 1942 2020 1958 ,
2047 1923 2095 1950 in-

1199 1971 1338 2012 greditur
1360 1995 1370 2010 ‚
1396 1968 1596 2012 osculaturque
1635 1972 1669 2004 (εν
1697 1968 1757 2013 ipse
1783 1981 1848 2003 cum
1870 1969 1923 2012 suo
1951 1975 2091 2002 comitatu

1205 2024 1434 2060 Imperatorem,
1462 2021 1709 2062 quemadmodum
1733 2023 1766 2053 <5
1794 2024 1933 2053 Prot-eres
1949 2044 1958 2060 ‚
1987 2020 2094 2060 nempe

1203 2072 1527 2110 pedem,e›·manum,
1555 2072 1704 2114 &genam
1717 2073 1782 2112 ejus
1798 2095 1805 2102 .
1833 2074 1935 2103 Veneti
1960 2071 2030 2102 vero
2052 2069 2097 2100 ad

1204 2116 1328 2158 osculum
1354 2129 1411 2148 non
1435 2124 1562 2149 veniunt
1586 2143 1592 2148 .
1619 2119 1719 2160 Causa
1746 2120 1784 2158 est
1812 2119 1864 2158 tsta
1891 2145 1898 2151 .
1927 2123 2094 2160 Imperator

1206 2165 1335 2197 Michael
1356 2171 1472 2206 primus
1502 2166 1718 2209 Paleologorum
1741 2174 1918 2207 perpetuum
1943 2179 2013 2199 cum
2037 2171 2095 2199 Ge-

1205 2215 1354 2256 nuenfibur
1369 2215 1477 2256 foedus
1495 2220 1611 2259 pepigit
1635 2240 1645 2255 ‚
1671 2222 1703 2248 tn
1731 2227 1786 2257 quo
1809 2223 1900 2249 ettam
1926 2218 1963 2249 de
1984 2216 2093 2250 honon-

1204 2270 1378 2307 Imperatort
1398 2263 1566 2297 exbtbendo
1576 2265 1761 2305 constitutum
1782 2266 1822 2305 eft
1834 2291 1843 2303 ,
1872 2267 1989 2308 quando
2006 2271 2092 2298 nimo-

1204 2326 1268 2346 rum
1293 2313 1452 2354 Potestatus
1476 2324 1513 2347 ex
1526 2317 1631 2351 Genua
1653 2317 1777 2356 appellit
1794 2341 1804 2355 ,
1829 2322 1904 2348 inito
1928 2342 1938 2356 ‚
1964 2316 1996 2349 (5
2021 2326 2091 2349 tum·

1199 2364 1295 2407 solum
1321 2388 1332 2404 ,
1370 2365 1416 2397 ad
1439 2370 1655 2399 venerationem
1695 2369 1888 2407 Imperatoris
1931 2366 2090 2409 ingressus,

1199 2426 1296 2458 genua
1319 2414 1363 2447 bts
1382 2413 1496 2454 flec‘llt‚
1519 2413 1613 2457 semel
1628 2415 1733 2455 statim
1756 2427 1795 2449 ac
1816 2418 1939 2448 triclinii
1956 2418 2089 2456 januam

1204 2472 1319 2502 intrat,
1344 2466 1378 2498 δ’
1391 2465 1495 2496 rursus
1519 2470 1554 2497 tn
1563 2467 1660 2498 medio
1673 2467 1738 2506 ejus
1752 2490 1762 2505 ,
1786 2478 1842 2508 quo
1850 2465 1935 2508 fallo
1945 2467 2057 2498 accedit
2079 2490 2090 2506 ‚

1202 2513 1389 2558 &osculatur
1405 2515 1514 2555 pedem
1535 2517 1570 2549 ὁ·
1595 2527 1719 2549 manum
1743 2521 1933 2558 Imperatoris
1953 2515 2089 2559 sedentri-

1202 2571 1235 2600 in
1263 2564 1365 2596 throno
1387 2589 1394 2597 .
1421 2566 1561 2598 5lmilt'ter
1587 2568 1621 2600 ὡ·
1647 2567 1702 2599 alli
1730 2566 1921 2608 Genuenfium
1949 2570 2090 2599 Proceres

1201 2616 1320 2658 peregri?
1341 2614 1454 2655 reversi
1460 2639 1469 2654 ‚
1497 2626 1561 2649 cum
1576 2622 1768 2650 veneratione
1776 2615 1941 2660 osculantur
1957 2621 2089 2658 Impera·

1205 2671 1274 2698 toris
1292 2666 1397 2706 pedem
1417 2666 1451 2698 Θ
1464 2677 1604 2699 manum.
1636 2666 1726 2700 Bella
1751 2666 1919 2701 adversum
1935 2666 2085 2700 Venetos

1206 2716 1288 2749 fovit
1315 2713 1458 2748 Michael
1488 2715 1685 2760 Paleologus
1707 2742 1716 2756 ,
1747 2716 1822 2750 ideo
1850 2717 1934 2759 ipsos
1958 2716 1997 2749 ad
2021 2715 2086 2749 hoc

1205 2765 1348 2799 solemne
1361 2776 1426 2798 non
1441 2765 1566 2799 admifit
1587 2766 1732 2799 osculum
1745 2781 1755 2800 .-
1787 2767 1862 2801 Erat
1875 2767 1965 2800 enim
1979 2765 2087 2799 honor

1205 2826 1300 2858 atque
1323 2816 1546 2859 privilegium.
1575 2817 1752 2859 Imperator
1775 2816 2013 2851 Constantinus
2028 2815 2086 2849 Pa-

1205 2865 1352 2910 leologus
1374 2866 1466 2899 suum
1491 2865 1791 2900 Proto-vestiarium
1814 2892 1823 2907 ‚
1851 2878 1889 2899 ac
1917 2867 1950 2900 in
1977 2865 2101 2899 arduis·

1206 2912 1347 2959 negoriis
1365 2918 1559 2950 consuetum
1582 2916 1742 2960 Legatum
1766 2915 2087 2961 GeorgiumvPhran-

1203 2976 1261 2999 zen
1273 2965 1405 2999 evehere
1428 2965 1468 2999 ad
1480 2967 1595 3003 altiora,
1617 2967 1741 3000 dudum
1756 2968 1861 3000 voluit
1874 2991 1885 3005 ‚
1912 2967 2019 2999 verum
2032 2977 2085 2998 an-

1205 3014 1262 3050 lica
1288 3016 1495 3059 quorundam
1519 3016 1757 3061 ipsuminvidia
1778 3017 1922 3058 persuasit
1938 3015 2060 3049 differri
2075 3042 2082 3048 .

1206 3065 1387 3099 Audiamus
1409 3067 1455 3100 rei
1477 3066 1575 3102 finem
1596 3066 1636 3098 ab
1662 3066 1729 3108 ipso
1757 3066 1904 3099 Phrauze
1920 3090 1930 3106 ,
1958 3068 2022 3108 jam
2042 3063 2083 3098 ad

1205 3114 1365 3156 Cypriam
1398 3116 1614 3161 Legationem
1655 3114 1848 3151 abituriente
1877 3131 1887 3150 .-

1203 3165 1386 3207 altquanttim
1413 3190 1423 3205 ‚
1461 3177 1523 3199 tum
1548 3177 1605 3198 ecce
1631 3169 1795 3207 Imperator
1829 3168 1973 3208 prodiens
1999 3187 2010 3202 ‚
2035 3167 2085 3196 Tu

1204 3226 1241 3247 ex
1254 3213 1322 3254 hoe,
1350 3221 1466 3257 inquit,
1493 3227 1619 3259 magnus
1634 3217 1797 3258 Logotheta
1815 3217 1887 3256 esto.
1915 3220 1974 3246 Hoc
1985 3213 2081 3256 solum

1206 3264 1260 3297 tibt
1271 3265 1399 3305 mando,
1426 3274 1457 3304 ut
1474 3275 1596 3308 propter
1616 3273 1753 3308 temporis
1764 3276 1895 3303 eventa,
1923 3267 1956 3298 Θ*
1974 3270 2081 3296 varias

1207 3317 1360 3347 Procerum
1384 3317 1551 3349 voluntates
1567 3340 1578 3356 ,
1603 3318 1637 3350 Θ
1661 3318 1738 3349 altas
1765 3317 1798 3349 ob
1823 3313 1926 3358 causas
1941 3339 1952 3355 ,
1978 3320 2010 3346 in
2029 3310 2079 3354 sa·

1205 3371 1262 3397 cris
1305 3363 1421 3404 estorum
1445 3366 1559 3400 dierum
1588 3365 1737 3409 solemniis
1763 3393 1773 3407 ,
1807 3374 1863 3408 pro
1888 3376 1965 3398 more
1997 3363 2078 3402 offic„

1205 3421 1266 3456 tui,
1294 3426 1329 3447 ne
1351 3426 1396 3448 me
1419 3417 1539 3449 adoret.
1567 3417 1700 3450 Novam
1724 3416 1917 3461 dignitatem
1934 3438 1944 3453 ,
1969 3422 2008 3444 ne
2031 3413 2080 3445 ni*

1601 3465 1632 3498 R
1684 3475 1703 3511 3
1926 3462 2028 3501 mlum

1928 3116 2082 3154 Praestolor
2101 3124 2131 3152 L.
2142 3131 2169 3159 ς.
2189 3132 2212 3153 c.
2231 3128 2257 3152 6,
