2366 3756
148 503 222 537 Abb.
234 511 276 539 ις.

138 1018 175 1049 A·
189 1020 274 1054 1067,

136 2513 200 2545 Lim
212 2524 237 2543 ι·

136 2557 190 2593 Ep.
204 2563 254 2583 10-

139 2746 197 2776 lib
216 2756 242 2775 x.

144 2787 199 2825 Ep.
210 2795 255 2816 zz-

391 166 406 195 Ι
422 164 485 210 42

312 232 549 266 coloniensem
561 258 568 265 .
597 230 773 280 Qidquid
788 234 827 266 fit
837 254 849 271 ,
866 231 1082 266 Conventum
1095 231 1199 269 Osbo⁴

314 285 380 319 rien
388 284 449 316 sem
465 282 587 316 indixit
607 282 756 316 laudatus
768 283 873 315 Anno
885 305 895 320 ‚
921 281 996 316 cum
1010 282 1120 328 Regio
1133 282 1201 317 Ad-

313 342 430 365 vocato
456 331 580 366 ibidem
605 333 646 366 de
658 331 768 374 Regio
784 332 854 374 jure
876 333 1057 377 disputavit
1069 334 1201 369 Sanstus

314 382 428 414 Petrus
451 382 609 415 Damiani
621 405 632 421 ‚
657 380 786 416 Palatio
800 383 923 426 placuit
935 383 1030 428 ipsius
1043 383 1176 418 vistoria
1190 408 1202 425 ,

313 440 411 473 atque
435 431 479 464 ita
504 430 624 465 indista
646 430 712 466 fuit
733 432 921 469 Mantuana
947 434 1101 478 Synodus
1123 459 1134 475 ‚
1160 435 1200 469 de

312 491 376 523 qua
389 479 582 515 Chronicon
597 482 796 519 Monasterii
809 483 1089 519 Laurisharnenfis
1100 498 1111 519 .-
1132 489 1202 519 Orto

313 536 346 563 in
369 534 506 565 Romana
519 531 646 574 Ecclefia
671 535 850 578 Schismate,
874 534 1026 579 securoque
1050 535 1201 576 exstudlis

311 587 447 623 partium
470 579 563 624 usque
584 586 629 617 ad
633 584 807 628 sanguinem
825 591 983 619 certamine
989 595 1045 628 pro
1067 586 1203 620 elec‘lione

314 633 439 664 duorum
463 635 660 676 Pontificum,
687 638 730 669 ad
752 636 978 677 refhrmandam
992 635 1126 678 Ecclefiae
1146 645 1203 678 pa-

314 693 374 716 cem
396 683 429 714 (θ’
442 688 594 718 unitatem
619 690 704 720 Anno
714 686 951 730 Archiepiscopus
973 686 1202 728 &Godefridus

317 730 527 776 Lotbaringiae
552 740 627 769 Dux
653 738 777 771 &latere
788 741 902 781 Regis,
929 746 1051 782 rogatus
1072 736 1206 779 Ecclefiae

312 783 510 826 diriguntur,
536 796 628 829 atque
641 788 751 821 indic‘lo
777 791 918 822 Mantuae
944 793 1126 827 conventu,
1152 798 1207 821 au·

315 836 388 867 ditis
401 837 557 879 utriusque
564 843 670 879 partis
695 839 922 882 allegationibus
934 863 945 879 ‚
972 837 1103 882 utrisque
1113 844 1206 872 etiam

314 886 432 919 Eleiiis
450 885 647 930 praesentibus
662 911 672 927 ‚
699 893 851 922 Canonica
871 887 1024 932 sententia
1035 889 1207 923 Alexander

314 941 349 972 in
361 937 433 970 Sede
446 937 603 979 apostolica
632 938 823 980 confirmatur
835 965 842 972 .
871 939 916 973 Et
927 935 1107 974 Matthaeus
1117 938 1208 973 Pari-

313 986 440 1021 fiensis:
469 988 587 1020 Duobus
615 991 738 1030 Romae,
769 990 940 1023 Alexandro
963 990 1144 1030 &cadel0‚
1170 991 1207 1023 de

312 1040 440 1078 Papam
450 1039 695 1072 contendentibus
707 1064 717 1080 ,
745 1043 882 1073 Mantuae
892 1041 1023 1079 synodus
1036 1041 1182 1084 colligitur
1196 1064 1207 1081 ,

314 1089 351 1121 &
369 1089 520 1122 mediante
539 1092 660 1122 Annone
685 1089 850 1131 Coloniensi
868 1089 1088 1134 Archiepiscopo
1102 1115 1113 1131 ,
1141 1092 1209 1125 Ale·

311 1139 434 1171 xander
447 1163 457 1178 ‚
487 1150 553 1172 cum
561 1138 594 1182 se
606 1141 645 1172 de
657 1143 789 1173 simonia
808 1141 956 1183 purgaffet
969 1165 980 1182 ,
1008 1147 1040 1174 in
1052 1143 1070 1173 5
1072 1143 1124 1174 ede
1135 1145 1209 1183 Apo-

306 1187 409 1228 stolica
419 1188 584 1230 statuitur,
611 1190 645 1222 ό·
658 1191 789 1223 eadelm
811 1192 996 1232 expellitur,
1021 1193 1206 1224 simoniacus

310 1238 514 1279 comprobatus
541 1264 550 1272 .
578 1239 705 1274 Eadem
733 1241 829 1275 verba
863 1239 964 1275 habet
989 1240 1030 1274 ad
1062 1241 1205 1275 eundem

310 1299 438 1322 annum
459 1288 647 1333 Sigebertus
669 1289 934 1324 Gemblacenfis.
962 1290 1009 1324 At
1031 1291 1206 1333 synodum

310 1336 400 1371 hanc
426 1338 521 1372 fuisse
541 1349 630 1372 anno
656 1338 747 1374 istius
768 1340 879 1373 saeculi
904 1341 1104 1383 sexagesimo
1119 1352 1208 1384 quar-

310 1396 350 1420 to
381 1387 499 1422 fastam
521 1411 531 1427 ,
558 1388 670 1421 rectius
691 1388 829 1423 affirmat
868 1389 1084 1424 Hermannus
1118 1390 1207 1424 Con—

309 1439 448 1471 trastus.
477 1437 574 1471 Facta
596 1438 660 1471 fuit
673 1438 713 1471 ad
730 1438 896 1473 tumidum
910 1439 1096 1474 Cadaloum
1109 1465 1120 1479 ,
1148 1441 1205 1484 qui

308 1487 389 1521 licet
414 1487 524 1520 Roma
546 1488 697 1529 expulsus
708 1513 719 1528 ,
745 1489 780 1521 &
794 1489 812 1521 a
826 1497 901 1522 toto
921 1488 1048 1522 mundo
1059 1490 1180 1524 derisus
1194 1514 1204 1529 ‚

310 1535 473 1580 Papatum
494 1537 657 1579 deponere
685 1537 820 1571 nolebat
843 1562 854 1577 ‚
881 1538 1119 1573 conterendum
1136 1547 1206 1572 tan·

311 1587 389 1620 dem
430 1587 463 1620 &
484 1586 760 1630 compescendum
782 1613 789 1621 .
828 1586 959 1623 Verum
990 1589 1055 1623 sine
1081 1590 1204 1623 frusta.

310 1637 449 1671 Etenim
481 1636 516 1669 in
556 1637 766 1671 Bibliotheca
794 1638 961 1675 Vaticana
995 1636 1095 1673 habet
1123 1640 1206 1674 anti·

310 1698 396 1729 quus
423 1686 592 1722 Censuutn
614 1686 719 1720 liber:
749 1688 903 1720 cadalous
924 1711 937 1727 ,
962 1687 1016 1729 etfi
1027 1697 1086 1729 per
1110 1697 1207 1721 contu·

310 1737 431 1768 melium
452 1734 590 1779 repulsus
606 1759 617 1776 ,
644 1745 746 1770 tamen
769 1739 872 1779 quoad
892 1742 1000 1778 vixit,
1025 1740 1046 1769 ἆ
1063 1739 1135 1777 jure
1152 1736 1208 1781 suo

308 1797 370 1819 mn
391 1786 513 1819 cedebat
535 1812 546 1827 ,
577 1786 751 1820 Alexandro
774 1786 891 1831 semper
915 1789 1061 1830 derogans
1085 1812 1097 1828 ‚
1121 1788 1203 1821 adul-

309 1846 464 1879 verumque
491 1835 625 1876 Ecclefiae
656 1841 713 1870 Dei
738 1839 773 1871 6
797 1837 1071 1880 Pseudoapostolum
1105 1839 1206 1879 appel-

312 1889 381 1921 lans
392 1911 399 1919 .
427 1886 530 1929 Miffas
545 1898 657 1928 quoque
664 1886 781 1929 seorsim
802 1887 953 1922 celebrans
966 1910 977 1926 ‚
1002 1889 1205 1921 ordinationes

308 1937 410 1979 facere
424 1960 434 1976 ,
462 1938 496 1971 <fir
514 1935 572 1980 sua
594 1945 648 1978 per
675 1936 818 1979 Eccleglt‘as
845 1940 973 1972 Decreta
998 1939 1033 1972 &⁵
1054 1936 1204 1979 Epistolas

312 1999 391 2020 more
415 1988 499 2021 Sedis
537 1986 700 2029 Apostolicae
737 1986 883 2029 destinare
922 1999 981 2021 non
1017 1986 1166 2029 defistebat
1197 2013 1204 2020 .

311 2037 425 2071 Etiam
450 2048 506 2079 per
526 2036 756 2072 seditiosorum
777 2049 866 2072 arma
890 2048 1080 2081 recuperare
1105 2036 1207 2080 Papa-

312 2097 385 2122 tum
412 2098 492 2121 tunc
503 2097 641 2121 conatus
652 2087 698 2121 est
713 2112 724 2128 ‚
749 2087 924 2131 scribitque
949 2088 991 2121 de
1014 2086 1074 2120 illo
1094 2087 1206 2120 inlau-

314 2137 398 2171 datis
409 2137 500 2171 Actis
512 2137 674 2170 Nicolaus
688 2137 927 2178 Arragonenfis
942 2149 955 2168 .-
981 2137 1131 2167 Cadalous
1141 2136 1204 2176 post

309 2195 420 2229 paucos
447 2187 513 2219 dies
547 2196 586 2218 ex
615 2188 731 2218 Divino
755 2186 875 2225 judicio
895 2185 1051 2227 peffimam
1083 2193 1209 2219 mortem

314 2240 443 2270 incurrit
462 2260 470 2270 .
498 2234 630 2270 Verum
657 2233 726 2270 haec
751 2235 866 2270 omnia
893 2246 965 2269 non
993 2235 1207 2280 contigerunt

314 2297 386 2322 uno
402 2296 493 2321 anno
506 2311 514 2318 .

366 2336 438 2384 Qi
459 2345 571 2370 autem
594 2335 717 2369 fuerint
739 2334 883 2370 Cadaloi
915 2345 1023 2370 mores
1045 2335 1079 2370 &
1102 2333 1205 2376 fines,

314 2386 456 2431 exponit
479 2385 578 2420 variis
601 2386 634 2418 in
657 2385 740 2420 locis
766 2386 898 2420 Sanstus
934 2384 1050 2420 Petrus
1072 2385 1206 2419 Damia-

315 2438 371 2471 ni.
398 2436 507 2480 Ipsum
529 2435 624 2469 fuisse
639 2434 814 2471 hominem
835 2434 1012 2477 stolidum,
1042 2434 1205 2476 defidem,
1231 2471 1232 2474 ,

315 2487 441 2521 nullius
466 2486 618 2530 ingenii,
645 2485 754 2520 scribit
776 2487 810 2519 in
833 2486 950 2521 litteris
966 2486 1008 2520 ad
1021 2486 1206 2521 Henricum

316 2536 616 2580 Archiepiscopum
631 2535 869 2571 Ravennatem.
898 2537 937 2569 In
950 2537 1067 2570 litteris
1077 2534 1117 2569 ad
1129 2536 1207 2571 Ale-

316 2587 483 2622 xandrum
503 2585 704 2620 Pontificem
738 2587 877 2621 affirmat
899 2587 994 2620 fuiss'e
1019 2586 1206 2629 despicabilis

311 2636 448 2681 personae
473 2635 668 2670 mincbionem
694 2662 701 2669 .
737 2635 934 2670 Ambitiosae
959 2638 993 2671 δε
1018 2637 1208 2672 turbulentae

317 2687 473 2731 superbiae
497 2687 627 2729 spiritus
651 2687 736 2720 solet
764 2687 798 2721 in
811 2686 969 2730 ejusmodi
984 2687 1137 2722 cordibus
1149 2687 1209 2722 do-

318 2737 438 2772 minari
458 2761 464 2768 .
495 2738 547 2771 Ex
570 2738 640 2779 ipso
665 2736 834 2771 Cadalous
857 2762 869 2778 ‚
893 2737 971 2770 licet
993 2737 1208 2772 Provincialis

319 2788 491 2821 dumtaxat
502 2786 652 2830 oppiduli
665 2787 846 2830 Episcopus
865 2812 876 2828 ‚
903 2785 1113 2830 deportandae
1131 2797 1208 2823 ante

319 2838 351 2872 se
370 2845 528 2884 argenteae
547 2836 651 2872 crucis
684 2837 897 2882 privilegium
920 2836 1059 2874 ambivit
1090 2864 1104 2883 ‚
1129 2839 1164 2875 &
1190 2838 1210 2874 ὲ

703 150 745 191 Α
770 157 1071 193 LEXANDM
1108 145 1372 193 SchNDI
1408 148 1759 196 Pois-nucis

1267 234 1352 270 Sede
1379 232 1573 278 Apostolica
1602 232 1788 277 impetravit
1812 261 1819 269 .
1845 236 1923 270 Fuit
1949 236 1984 270 &
2011 232 2154 280 insignis>

1266 285 1476 320 simoniacus
1490 309 1500 324 ‚
1527 283 1672 319 vendens
1700 296 1817 319 omnes
1837 284 2027 320 Praebendas
2045 286 2150 319 &Pa-

1263 334 1392 369 tochias
1412 334 1570 369 Civitatis
1592 334 1793 369 &Dioecefis
1814 334 2012 371 Parmensis.
2041 334 2148 370 Addit

1263 386 1297 419 in
1312 386 1370 419 scri
1378 385 1441 429 ptis
1461 385 1502 419 ad
1517 386 1621 429 ipsum
1645 385 1762 419 litteris
1773 385 1907 419 Petrusz
1935 389 1971 418 In
1982 387 2083 419 mulaeis
2093 384 2149 420 tibi
2167 386 2216 422 lip-
2229 387 2276 411 202

1267 440 1404 469 Romana
1426 441 1568 478 pra-percit>
1589 434 1718 477 Ecclesia
1730 460 1741 476 ,
1760 436 1936 478 frequenter
1948 439 1968 470 ἃ
1985 446 2015 471 te
2025 438 2150 482 legitimi

1265 491 1372 530 rigoris
1400 485 1527 519 cohibuit
1553 484 1740 530 disciplinam
1756 510 1767 527 ‚
1792 486 2044 530 adebutafferant
2052 492 2106 529 qui
2115 487 2152 531 se

1263 534 1436 579 interfuisse
1439 536 1580 579 fatemur
1590 561 1601 578 ,
1629 538 1710 579 quod
1718 542 1751 569 in
1759 537 1863 571 tribus
1874 538 1945 578 jam
1957 539 2096 571 conciliis
2107 540 2152 576 sy-

1266 586 1420 620 nodalibus
1434 611 1445 626 ‚
1472 585 1725 630 Pupienfiftilicet
1735 611 1746 627 ‚
1772 590 1938 621 Mantuano
1947 613 1958 629 ‚
1986 590 2021 623 (tt
2032 588 2154 622 Floren-

1264 642 1343 678 tino,
1369 635 1526 680 perspicua
1537 638 1740 670 damnationis
1760 642 1792 670 in
1813 646 1843 671 te
1849 636 2004 681 sententia
2022 640 2128 672 claruit
2139 662 2152 679 ‚

1264 687 1371 730 ubique
1392 696 1492 721 tamen
1503 687 1595 721 Sedes
1605 687 1759 730 apostolica
1779 695 2068 731 maternaepietatis
2079 689 2153 731 affe-

1268 738 1317 771 έῖιι
1339 737 1394 771 tibi
1417 739 1574 771 clementer
1594 737 1731 779 indulfit.
1759 738 1803 771 Et
1814 736 1847 776 in
1862 737 1978 772 litteris
1987 740 2028 773 ad
2038 739 2154 785 Agne-

1265 798 1332 823 tem
1344 788 1586 831 Imperatricem
1597 801 1609 822 .-
1627 789 1786 822 Cadalous
1798 789 1904 821 millies
1914 788 2151 824 anathematiza·
2166 789 2227 822 Lib·
2236 800 2265 826 ⁷·

1265 847 1313 873 tus
1322 864 1333 878 ‚
1361 839 1435 872 dum
1442 846 1502 881 pro
1512 841 1661 873 venaliter
1681 841 1864 881 acquirenda
1876 842 2013 873 Romana
2024 840 2151 883 Ecclefia
2170 834 2217 871 Ep.
2226 840 2255 868 5·

1265 889 1406 932 infinitas·
1426 897 1482 932 per
1492 890 1617 931 populos
1633 886 1753 932 spargit
1766 893 1930 931 pecunias,
1960 891 2049 923 corda
2060 889 2154 924 homi·

1266 952 1338 973 num
1354 948 1413 982 per
1435 945 1607 973 avaritiam
1630 945 1663 972 in
1677 946 1747 972 aeris
1764 938 1891 982 speciem
1901 940 1983 974 velut
1994 946 2027 973 in
2033 939 2155 984 sangui·-

1266 1002 1334 1024 nem
1356 995 1450 1024 vertit
1462 1015 1469 1022 .
1499 993 1602 1032 sicque
1608 989 1777 1031 pestilentes
1789 990 1918 1023 homines
1930 1014 1941 1030 ,
1965 991 2038 1023 dum
2050 993 2154 1025 metal-

1265 1043 1287 1074 li
1310 1040 1399 1082 hujus
1422 1051 1480 1073 non
1502 1040 1637 1081 definunt
1659 1039 1769 1074 habere
1791 1040 1960 1074 rubedinem
1981 1065 1992 1082 ‚
2008 1039 2152 1083 splendor

1267 1090 1402 1132 Ecclefiae
1425 1091 1640 1133 quodammodo
1661 1097 1792 1125 vertitur
1813 1097 1846 1124 in
1865 1102 1994 1124 cruorem
2013 1115 2021 1122 .
2048 1091 2154 1139 Qod

1265 1141 1356 1175 enim
1371 1152 1440 1174 non
1463 1140 1564 1174 solius
1577 1140 1759 1176 Parmenfis
1774 1164 1786 1181 ,
1812 1140 1977 1175 sedetiam
1989 1141 2152 1175 Romana:

1269 1189 1416 1226 Ecclefiae
1435 1193 1581 1225 aerarium
1602 1199 1702 1234 atque
1725 1191 1913 1226 thesaurum
1935 1190 2065 1235 penitus
2074 1191 2152 1225 effli-

1265 1241 1348 1277 derit
1363 1242 1512 1285 peffirnus
1528 1241 1645 1276 Simon
1658 1265 1670 1281 ‚
1696 1239 1794 1276 habes
1805 1242 1839 1274 in
1854 1242 1970 1276 litteris
1978 1240 2018 1274 ad
2030 1241 2153 1283 ipsum,

1267 1293 1348 1326 &in
1373 1292 1487 1326 litteris
1509 1290 1551 1326 ad
1572 1301 1792 1327 memoratum
1812 1290 2000 1324 Henricum
2024 1290 2154 1324 Raven-

1269 1353 1393 1376 natem.
1424 1343 1468 1375 Et
1480 1343 1515 1375 in
1545 1342 1662 1376 litteris
1681 1342 1723 1375 ad
1735 1339 1954 1375 Cunibertum
1966 1340 2159 1374 Tauriuen··

1267 1393 1333 1425 sem
1356 1391 1559 1434 Episcopum
1576 1402 1584 1422 :
1611 1392 1720 1424 Clerici
1738 1396 1862 1424 uxorati
1872 1392 2033 1424 Nicolaitae
2043 1402 2151 1424 vocan-
2165 1405 2279 1445 {Ep-¹04

1265 1450 1333 1482 tur,
1364 1442 1675 1484 quoniamaquodam
1688 1442 1836 1481 Nicolao,
1861 1447 1914 1484 qui
1937 1439 2014 1474 banc
2034 1442 2153 1485 dogma-

1266 1496 1378 1526 tizavit
1405 1490 1560 1532 haewsim,
1584 1489 1753 1533 hujusmodi
1773 1491 1952 1525 vocabulum
1960 1489 2129 1534 sbrtmntur
2141 1516 2150 1524 .

1265 1542 1325 1573 Sed
1348 1551 1426 1573 nunc
1453 1542 1567 1574 accedit
1601 1564 1612 1581 ‚
1637 1549 1672 1574 ut
1697 1539 1748 1574 hoc
1772 1540 1879 1584 inffigne
1903 1541 2078 1574 vocabulum
2102 1551 2154 1573 no-

1265 1600 1339 1622 vum
1365 1612 1375 1627 ‚
1394 1589 1425 1629 si
1440 1592 1614 1630 praevaleat
1641 1615 1653 1631 ,
1682 1597 1810 1633 accipiat
1835 1596 2044 1625 incrementum
2069 1615 2082 1632 ‚
2115 1599 2151 1625 ue
2167 1593 2269 1632 Liba·

1263 1645 1314 1682 qui
1338 1638 1480 1673 bas‘lenus
1507 1640 1582 1672 dieii
1603 1639 1677 1683 fient
1703 1641 1869 1673 Nicolaitae
1887 1666 1900 1683 ‚
1925 1642 2028 1674 amodo
2050 1651 2151 1675 vocen·
2167 1639 2221 1676 EP-
2236 1644 2264 1675 3·

1257 1697 1313 1721 'tur
1336 1690 1372 1723 Θ·
1394 1690 1564 1724 cadalottae
1585 1713 1596 1721 .
1621 1691 1755 1732 sperant
1773 1697 1853 1725 enim
1870 1715 1881 1732 ‚
1907 1697 1981 1734 quia
1997 1689 2027 1732 fi
2049 1693 2154 1724 Cada-

1263 1740 1327 1770 lous
1339 1760 1352 1776 ‚
1377 1744 1429 1780 qui
1455 1740 1503 1771 ad
1523 1738 1576 1771 boc
1595 1738 1806 1782 gehennaliter
1827 1740 1932 1780 aestuat
1949 1766 1961 1782 ‚
1986 1739 2156 1783 universali

1265 1786 1405 1828 Ecclefiae
1428 1786 1600 1827 Antichn'sti
1620 1794 1685 1822 vice
1705 1788 1908 1832 praesederit,
1930 1790 1975 1826 ad
1992 1801 2091 1823 eorum
2101 1800 2157 1823 voi

1263 1845 1327 1870 tum
1349 1838 1478 1871 luxuriae
1493 1836 1602 1878 fra-na
1633 1838 1759 1872 laxabit
1781 1865 1790 1872 .
1827 1837 2031 1881 Hujusmodi
2059 1839 2152 1875 enim

1265 1898 1371 1922 novos
1395 1888 1551 1923 Canones
1572 1889 1720 1932 impurus
1748 1887 1852 1924 homo
1875 1889 1939 1923 suis
1961 1888 2153 1933 sequacibus

1265 1936 1495 1980 promittebat.
1524 1937 1627 1986 Qod
1650 1938 1685 1973 δε
1698 1939 1930 1974 Simoniamin
1943 1939 2054 1973 Gallia
2065 1941 2154 1974 fovo-

1264 1987 1329 2027 rit,
1356 1987 1456 2021 habes
1476 1988 1510 2021 in
1537 1988 1652 2022 litteris
1672 1988 1893 2023 Alexandrini
1915 1988 2091 2023 Pontificis
2110 1988 2152 2023 ad

1264 2037 1483 2072 Guilielmum
1518 2036 1830 2081 Archiepiscopum'
1849 2038 2045 2073 Remensem
2070 2063 2078 2071 .
2106 2038 2151 2074 Et
2167 2047 2291 2089 Epist54

1262 2086 1369 2122 carnis
1388 2087 1423 2121 ἀ
1435 2087 1591 2122 Simoniae
1618 2088 1738 2123 vitium
1766 2099 1848 2123 tunc
1867 2088 2066 2133 grassabatur
2077 2100 2152 2133 praa-

1263 2137 1374 2170 sertim
1387 2139 1422 2169 in
1435 2137 1671 2181 Longobardia
1683 2163 1690 2170 .
1719 2139 1814 2172 Hinc
1834 2138 1902 2181 ejus
1914 2139 2068 2183 Episcopi
2087 2139 2153 2174 cas-

1264 2185 1370 2219 sarant
1393 2185 1508 2219 omnia
1536 2185 1672 2220 Nicolai
1697 2187 1875 2221 pontificis
1893 2188 2059 2228 Decreta,
2084 2189 2155 2224 edi-

1266 2244 1381 2269 xerant
1400 2234 1555 2278 deinceps
1578 2246 1647 2269 non
1669 2235 1860 2281 eligendum
1882 2236 2080 2271 Pontificem
2092 2237 2153 2272 nist

1267 2296 1307 2319 ex
1320 2286 1379 2318 suo
1391 2284 1492 2318 Italiae
1516 2285 1666 2327 paradiso
1679 2310 1690 2325 ,
1717 2286 1873 2331 atqueira
1884 2286 2097 2322 Placentinus
2117 2289 2154 2322 &

1265 2334 1481 2369 Vercellenfis
1492 2334 1665 2377 elegerunt
1678 2334 1767 2369 hunc
1779 2337 1988 2371 Parmensem
1999 2361 2010 2377 ,
2037 2349 2153 2382 aptum

1266 2385 1324 2428 qui
1349 2383 1494 2427 ipsorum
1522 2383 1774 2420 infirmitatibus
1785 2396 2043 2430 compateretur.
2071 2389 2154 2422 Hoc

1267 2434 1370 2479 igitur
1395 2431 1532 2468 schisma
1553 2444 1686 2468 omnem
1700 2458 1710 2474 ,
1734 2436 1754 2469 a
1782 2436 1898 2471 Leone
1919 2448 2012 2471 nono
2031 2438 2065 2472 ὃς
2083 2437 2136 2482 eju

1268 2482 1499 2518 successoribus
1518 2483 1635 2529 colligi
1658 2495 1798 2528 coeptam
1810 2511 1822 2527 ,
1850 2486 1996 2521 Ecclefiae
2010 2487 2140 2532 discipli

1268 2546 1344 2569 nam
1379 2532 1490 2568 denuc)
1526 2532 1689 2577 diffipavit
1711 2558 1723 2575 ‚
1760 2536 1987 2580 compulitque
2011 2538 2154 2571 Alexan-

1269 2585 1364 2620 drum
1391 2583 1432 2617 ad
1454 2582 1648 2625 Synodum,
1675 2584 1710 2616 in
1731 2596 1796 2628 qua
1819 2585 1909 2619 aliud
1929 2596 1997 2619 non
2018 2596 2151 2632 ageret,

1270 2633 1367 2679 quam
1391 2632 1525 2667 Nicolai
1546 2630 1844 2669 secundiCanones
1858 2635 2030 2669 innovare.
2059 2637 2150 2684 Qa-

1271 2696 1305 2719 re
1327 2683 1484 2717 nonistos
1494 2682 1636 2726 fingulos
1658 2704 1670 2723 ,
1695 2683 1750 2718 sed
1769 2685 1858 2719 solos
1877 2696 2003 2719 novum
2020 2686 2148 2730 aliquid

1271 2733 1425 2769 addentes
1437 2731 1493 2767 hic
1505 2743 1710 2776 exponemus
1723 2758 1730 2765 .
1756 2733 1841 2770 Aeta
1852 2735 1915 2769 fuit
1925 2735 2080 2779 Synodus
2093 2748 2150 2771 an-

1272 2795 1317 2819 no
1339 2783 1481 2817 Domini
1502 2782 1676 2817 millefirno
1698 2784 1899 2829 sexagefimo
1918 2785 2042 2832 tertio,
2065 2787 2152 2833 dum

1272 2833 1413 2873 Cadaloi
1425 2832 1549 2872 insania
1559 2831 1667 2870 adhuc
1681 2832 1830 2872 ebulliret
1842 2856 1855 2886 2

1932 3485 2035 3521 CAN
2037 3483 2108 3521 ΟΝ
