2366 3756
539 155 1783 208 CONCIthJM'THOLOSANUM.
1979 175 2033 216 51

273 247 457 285 Siculorum
494 247 648 290 Episcopi
683 245 832 279 videntur
855 242 948 276 antea
979 240 1097 284 profusi
1123 241 1157 275 in
1168 255 1177 282 l·
1220 243 1308 283 rint,
1329 242 1419 276 vario
1431 243 1525 285 possit
1536 242 1747 279 demonstrari
1758 242 1972 282 testimonio,
1999 254 2035 277 ac
2048 244 2108 278 stal

274 300 463 343 semetipsos
488 322 499 338 ,
525 298 558 330 in
583 305 732 340 pauperes
752 294 786 326 δε
812 292 946 327 Clerum
967 291 1061 326 fuisse
1083 288 1171 334 com}
1221 293 1280 326 tim
1294 292 1591 331 audiemusasexta
1611 290 1737 327 decima
1755 292 1893 335 Synodo
1915 292 2104 328 Toletana„

273 351 384 383 trasti:
411 347 486 383 Sola
510 347 575 381 illis
595 345 635 379 ad
658 344 784 387 pondus
805 343 839 378 δε
859 343 1043 376 mensuram
1056 341 1159 375 neces·
1220 340 1366 388 Qidatn
1378 343 1477 386 igitur
1489 342 1641 386 Episcopi
1655 343 1709 378 sua
1720 343 1815 380 tertia
1840 354 1908 379 non
1931 342 2107 382 contenti,

273 399 355 433 saria
378 397 568 432 ministrasse
585 421 592 428 .
624 392 726 441 Qod
743 393 848 436 ipsum
873 391 1007 436 viguisse
1030 390 1159 427 videtur
1223 390 1278 424 sub
1302 388 1526 427 Cathedratici
1551 392 1627 425 fuco
1660 390 1821 426 rodebant
1844 403 1881 425 ac
1908 390 2108 426 invadebant

274 449 361 492 apud
387 448 518 482 Brutios
539 445 573 478 ἀ
595 444 751 478 Lucanos
767 467 776 475 .
819 441 913 476 Hinc
938 452 993 485 per
1014 439 1159 475 laudatas
1222 440 1323 474 etiam
1333 439 1462 473 fabrica:
1475 439 1625 473 tertiam:
1653 441 1728 474 Hos
1750 441 1927 486 compescit
1948 440 2108 478 adductus

275 498 419 542 superius
441 498 562 531 litteras
598 493 865 537 quadripartitam
895 491 1090 526 divisionem
1124 490 1158 524 in
1223 490 1368 530 Canon,
1394 488 1681 533 ipsoruminterim
1693 491 1833 525 avaritiae
1845 491 1929 525 duos
1940 489 2047 527 adhuc
2061 492 2109 527 so-

278 549 410 583 istarum
429 546 525 581 trium
547 543 795 585 provinciarum
828 540 980 576 Ecclesiis
1012 540 1161 575 laudatus
1224 538 1457 581 lidosaquavis
1469 537 1820 583 Ecclefiaindulgens.
1850 541 1998 576 Eandem
2017 551 2110 584 rapa·

275 598 432 633 Pontifex
446 594 620 638 plantavit.
650 591 777 627 Verum
791 589 987 635 Apostolicae
1000 590 1091 625 Sedis
1102 590 1161 633 pri·
1221 589 1354 623 citatem
1365 589 1499 622 damnat
1509 589 1543 625 ὃς
1556 588 1651 622 tertia
1663 586 1831 623 Toletana
1844 588 1992 630 Synodus
2004 614 2015 630 ,
2034 601 2109 635 que-

278 660 330 681 ma
355 645 532 686 mandata,
556 643 636 678 dum
661 653 781 676 novam
803 643 910 687 figunt
929 640 1135 685 disciplinam
1152 663 1163 679 ,
1222 639 1268 673 sta
1282 638 1423 682 quosdam
1435 635 1615 681 Episcopos‚
1642 635 1930 680 nonfacerdotaliter
1947 662 1957 677 ,
1979 639 2035 681 sed
2045 651 2110 675 cru·

278 697 390 740 pamm
415 695 522 730 firmas
543 704 610 728 non
632 692 759 737 jaciunt
782 692 927 731 radices,
948 702 1009 727 nec
1030 690 1160 733 plenam
1224 690 1333 722 deliter
1344 687 1613 732 desaevireinsuas
1637 687 1799 721 Parocbtas
1812 711 1822 727 ,
1847 689 1967 733 ideoque
1986 697 2109 731 excepto

278 747 389 780 ssatim
412 744 534 781 habent
554 742 784 778 executionem
813 768 820 775 .
861 742 954 777 Hinc
984 741 1018 775 δε
1037 739 1162 774 Siculo·
1225 740 1308 781 qubd
1324 747 1457 772 veterum
1469 737 1678 778 constitutiones
1689 736 1794 772 babere
1789 738 1908 780 jubent
1920 762 1931 779 ,
1959 736 2111 776 videlicet
2127 736 2262 773 (MP-2⁶¹²

279 808 349 829 rum
373 795 526 838 Episcopi
549 794 676 827 fuerunt
699 793 734 826 in
758 790 822 826 hoc
847 793 966 835 puncto
978 790 1163 835 tergiversa-
1224 797 1360 833 excepta
1382 787 1570 832 Episcopali
1597 787 1692 822 tertia
1705 798 1782 821 cum
1793 787 1921 821 duobus
1942 786 1960 821 ὲ
1983 787 2111 826 fabrica:

281 848 324 880 ti.
346 846 553 891 Quapropter
579 842 674 878 hasce
687 840 927 887 executoriajles
949 841 1070 874 litteras
1092 838 1163 875 sub·
1225 839 1324 874 tertia
1347 838 1459 876 solidis
1483 862 1494 880 ,
1519 837 1635 882 jubens
1657 838 1783 882 quasvis
1805 838 1992 874 exactiones
2017 838 2114 875 dene-

279 895 365 929 misit
390 893 555 932 Gelasius,
577 894 611 927 &
633 894 650 927 a
671 894 732 927 suis
751 892 817 934 jam
835 891 961 935 pridem
975 888 1162 924 Antecesso·
1225 889 1315 934 gari.

277 943 367 979 ribus
386 944 554 986 probatam
576 944 610 980 ὃς
625 943 775 976 Ecclefiis
788 942 968 985 impositam
979 939 1161 984 quadripar-
1275 940 1410 986 Qartae
1421 939 1596 975 Toletanae
1607 938 1733 984 Synodi
1745 939 1950 986 querimonia
1972 939 2016 974 est
2041 939 2114 974 lon-

277 994 372 1028 titarn
397 993 590 1027 divisionem
609 993 715 1026 voluit
738 992 838 1026 et-iam
863 991 896 1025 iu
922 990 1034 1026 Sicilia
1055 990 1163 1035 vigere
1225 988 1268 1034 ge
1279 990 1428 1033 gravior.
1457 989 1615 1037 Qeritur
1626 991 1863 1035 Episcoporum
1875 990 2031 1034 quosdam
2043 999 2114 1024 tan·

272 1055 317 1079 ex
338 1044 490 1088 integro,
513 1043 548 1077 δε
569 1042 634 1076 sine
656 1039 1165 1086 Episcoporum{recalcitratione
1226 1050 1258 1074 ta
1271 1039 1396 1074 sordere
1409 1040 1565 1080 avaritia,
1591 1051 1626 1075 ut
1640 1042 1783 1086 integras
1797 1040 1989 1086 Pagenfium
2002 1040 2114 1074 Eccle-

271 1094 432 1128 ¹custodiri
446 1119 453 1125 .
477 1093 529 1127 De
551 1090 669 1127 fabrica
694 1104 764 1127 non
788 1083 933 1134 loquitdr
947 1115 959 1131 ,
976 1089 1067 1134 quod
1090 1090 1165 1124 Cle·
1226 1090 1341 1126 siarum
1364 1089 1551 1124 oblationes
1576 1093 1629 1126 seu
1651 1090 1746 1126 dotes
1767 1091 1802 1124 in
1823 1092 1853 1126 se
1877 1089 2111 1129 transcribant,

277 1155 329 1177 rus
364 1154 421 1187 pro
454 1143 508 1178 sua
538 1142 709 1177 dumtaxat
735 1143 769 1177 &
793 1140 965 1177 favorabili
986 1151 1164 1184 pauperum
1233 1140 1770 1184 atqueitaamiserisperinopiam
1784 1141 1944 1182 Clericis‚
1969 1142 2002 1177 &
2021 1140 2114 1174 Divi-

276 1193 369 1227 causa
391 1193 611 1237 querimonias
631 1193 791 1227 detulisset
814 1216 821 1223 .
857 1191 900 1225 Et
933 1182 1022 1235 tludd
1045 1188 1165 1224 exinde
1230 1190 1430 1233 nisipsorum
1445 1190 1646 1226 officiisillas
1658 1190 1756 1224 deseri
1770 1201 1915 1234 cogant,
1938 1201 2033 1234 atque
2046 1188 2116 1223 suh-

278 1241 407 1278 laudata
432 1243 547 1277 divisio
573 1254 627 1285 per
637 1242 780 1276 Siciliam
794 1240 887 1285 plene
897 1240 1099 1279 obtinuerit,
1123 1239 1165 1272 lu·
1229 1240 1354 1284 iungit:
1383 1243 1443 1274 Pro
1452 1251 1513 1282 qua
1532 1251 1563 1273 re
1575 1239 1758 1280 constitutum
1770 1239 1806 1280 est
1817 1242 1838 1272 ἆ
1844 1238 1990 1282 praesenti
2014 1230 2203 1272 Conci-<3²12
2221 1239 2272 1267 3²*

278 1304 331 1326 cet
351 1304 393 1326 ex
414 1292 508 1326 variis
528 1291 593 1334 jam
617 1291 764 1328 adductis
785 1290 899 1336 magni
924 1291 1076 1335 Gregorii
1093 1289 1165 1332 Epi-
1228 1292 1286 1329 lio,
1316 1286 1474 1332 Episcopos
1485 1294 1530 1322 ita
1543 1288 1767 1333 Dioecefhssuas
1779 1301 1878 1334 regere
1891 1314 1901 1331 ,
1926 1299 1959 1323 ut
1971 1289 2117 1332 nihiljure

279 1342 388 1376 fiolis.
415 1342 516 1377 Nulla
537 1341 712 1376 Provincia
735 1354 791 1378 aut
820 1341 960 1375 Ecclesia
984 1350 1033 1375 tot
1046 1339 1166 1382 objecit
1228 1337 1414 1381 praesumant
1434 1339 1555 1381 auferre
1570 1364 1580 1380 ‚
1602 1338 1659 1382 sed
1664 1342 1760 1380 juxta
1766 1347 1900 1382 priorum
1911 1339 2117 1373 aut‘loritatem

279 1402 441 1426 remoras:
464 1390 510 1425 A'
525 1392 657 1425 laudato
683 1392 771 1424 enim
794 1390 956 1432 Gregorio
982 1399 1165 1421 memoratae
1232 1390 1443 1428 Conciliorum,
1469 1397 1535 1420 tam
1548 1390 1585 1420 de
1608 1389 1801 1423 oblationibus
1825 1391 1916 1432 quam
1938 1391 1975 1423 de
1994 1389 2117 1422 tributis

281 1443 315 1474 &
339 1440 523 1483 compofitae
545 1440 698 1483 pleraeque
715 1447 932 1483 provenerunt
945 1437 1103 1473 aSiculis.
1126 1436 1167 1471 Et
1231 1439 1264 1471 Θ
1277 1436 1420 1480 frugibus
1435 1442 1557 1470 tertiam
1578 1436 1806 1480 consequantur.
1833 1440 1930 1481 ‚Quid
1942 1438 1973 1480 fi
1987 1439 2118 1481 amplius

280 1489 370 1532 quod
389 1501 456 1523 non
482 1487 521 1522 ad
546 1489 741 1530 tripartitam
750 1489 943 1521 divisionem
957 1511 967 1524 ,
989 1487 1042 1520 sed
1054 1487 1093 1519 ad
1106 1487 1169 1518 avi-
1226 1486 1391 1526 ,quidquam
1416 1486 1456 1517 ab
1476 1491 1519 1517 eis
1538 1485 1758 1527 praesiemptum
1782 1486 1946 1527 exstiterit,
1969 1497 2026 1529 per
2039 1493 2118 1522 Con-

279 1546 346 1570 tam
373 1537 473 1578 plenae
496 1535 698 1578 Episcopalis
725 1533 1166 1578 potestatisconsuetudinem
1229 1534 1327 1568 cilium
1349 1532 1522 1574 restauretur
1543 1558 1551 1566 .
1581 1533 1748 1568 Adversus
1770 1534 1964 1577 tripartitam
1988 1537 2120 1571 divisio-

278 1586 314 1619 &
332 1584 756 1627 Canonemproclamarint
779 1608 789 1623 ,
825 1583 926 1627 liquet
958 1593 998 1616 ex
1022 1582 1165 1626 ejusdem
1231 1594 1306 1618 nem
1327 1582 1481 1619 videntur
1500 1582 1540 1618 ad
1563 1584 1689 1619 avitum
1724 1584 1896 1620 Canonem
1931 1586 2121 1630 proclamas-

279 1634 454 1669 Pontificis
475 1633 646 1677 Rescripto
666 1633 707 1668 ad
729 1632 903 1668 relationes
926 1632 1032 1666 Sancti
1059 1633 1166 1668 Maxi·
1231 1635 1262 1668 se
1283 1659 1294 1675 ‚
1319 1634 1433 1669 omnia
1458 1635 1635 1670 Dioecefios
1659 1635 1747 1671 bona
1776 1637 1959 1671 revocanda
1986 1638 2120 1672 tentasse

278 1685 382 1719 miani
403 1684 555 1728 Episcopi
567 1683 776 1726 Syracusani.
803 1682 846 1717 Et
857 1694 897 1718 ex
910 1680 998 1717 hisce
1010 1683 1166 1727 posterio-
1229 1683 1269 1719 ad
1292 1685 1380 1719 suam
1401 1696 1534 1720 manum
1548 1710 1558 1726 ‚
1585 1685 1829 1732 &pagensium
1849 1686 2049 1731 Presbyteris
2062 1689 2120 1722 vix

279 1734 366 1769 ribus
387 1735 494 1769 Sancti
518 1733 635 1769 Gelafii
659 1735 773 1771 litteris
798 1734 917 1769 iterum
928 1734 1165 1778 claretquadri'·
1228 1745 1418 1778 competens
1442 1735 1636 1770 alimentum
1676 1735 1798 1771 dedisse
1820 1738 1953 1781 quidam
1988 1739 2121 1782 Episco—

280 1785 429 1828 partitam
451 1785 644 1820 divisionem
667 1787 728 1821 esse
749 1797 831 1829 opus
842 1785 932 1820 Sedis
947 1783 1167 1828 Apostolicae.
1228 1786 1279 1829 pi.
1312 1785 1406 1818 Hinc
1429 1785 1619 1820 divisionem
1642 1787 1734 1821 istam
1759 1787 1808 1821 uti
1832 1787 2002 1832 antiquam
2023 1789 2056 1822 δε
2070 1799 2123 1822 au·

279 1836 363 1869 ltem
386 1836 486 1878 ipsam
507 1835 596 1878 juxta
619 1837 823 1871 Clericorum
847 1836 959 1870 merita
982 1847 1022 1879 eg
1035 1835 1165 1878 Episco-
1228 1834 1410 1870 theuticam
1433 1836 1543 1870 laudat
1578 1836 1732 1871 addustus
1755 1836 1900 1877 Canon,
1926 1837 2053 1871 duobus
2074 1839 2124 1872 su-

279 1886 314 1928 pi
333 1885 466 1919 arbitrio
485 1885 666 1920 faciendam
679 1911 686 1918 .
711 1888 753 1921 Et
767 1885 842 1920 sane
855 1886 951 1921 omni
972 1886 1006 1919 in
1019 1885 1165 1920 Clericos
1230 1886 1477 1929 pernumerariis
1506 1886 1618 1921 solidis
1638 1886 1723 1929 ipsos
1745 1886 1870 1930 privat,
1895 1887 1929 1922 ὅ(
1954 1888 2057 1922 sancit
2072 1889 2124 1921 so-

279 1935 436 1979 potestate
457 1947 523 1969 non
544 1946 635 1970 erant
657 1935 711 1971 hic
724 1937 877 1980 Episcopi
893 1935 1041 1979 privandi
1055 1960 1062 1968 .
1230 1935 1259 1969 la
1285 1936 1340 1969 sua
1364 1936 1456 1970 tertia
1469 1935 1621 1979 deinceps
1642 1936 1712 1971 fore
1736 1947 1933 1972 contentos.
1960 1938 2054 1972 Hinc
2077 1938 2120 1971 ad

288 2009 289 2012 ,
327 1986 534 2032 Qapropter
550 1986 709 2029 tripartita
721 1986 835 2020 divisio
859 1986 921 2019 fuit
947 1985 1074 2029 propria
1090 1985 1165 2019 solis
1229 1985 1457 2020 Ecclefiassicae
1470 1984 1648 2030 disciplinae
1659 1987 1977 2031 reparationem‚non
1990 1988 2006 2022 ὲ
2021 1999 2122 2023 mem·

277 2032 511 2079 Hispaniarum
536 2036 708 2070 Ecclesiis.
736 2037 783 2070 Ita
798 2036 862 2079 jam
875 2035 1160 2078 audivimusasy-
1227 2034 1292 2070 bris
1311 2060 1321 2076 ,
1361 2034 1413 2069 sed
1435 2037 1454 2070 a
1488 2037 1594 2080 capite
1627 2037 1851 2072 inchoandam
1875 2039 2003 2081 praefata
2029 2049 2119 2074 nona.

119 2122 131 2129 ³
277 2085 369 2119 nodo
389 2084 627 2120 Tarraconensi
652 2111 659 2118 .
697 2085 877 2120 Attestatur
903 2086 937 2120 δε
963 2086 1065 2128 prima
1089 2086 1164 2119 Bra·
1228 2085 1397 2120 Toletana
1433 2087 1585 2129 Synodus
1617 2085 1707 2122 hunc
1729 2089 1764 2122 in
1793 2088 1971 2133 Episcopos
2011 2089 2117 2123 emisit

100 2123 178 2159 imp·
198 2130 243 2157 ²5·
276 2135 410 2170 carensis
434 2148 441 2167 :
481 2135 599 2169 Placuit
624 2145 659 2169 ut
695 2137 733 2169 de
759 2136 845 2169 rebus
872 2134 1073 2175 Ecclesi'asticis
1100 2144 1164 2168 tres
1228 2135 1319 2168 suum
1344 2137 1486 2177 primum
1509 2137 1706 2171 Canonem:
1746 2143 1852 2172 Omnis
1874 2145 1975 2182 itaque
1997 2145 2038 2172 rei
2058 2142 2119 2172 Ec-

277 2197 373 2226 aequae
393 2184 472 2226 fiant
496 2190 643 2225 portiones
658 2210 665 2217 .
692 2187 731 2217 1d
754 2185 792 2223 est
806 2209 816 2223 ‚
839 2196 901 2216 una
914 2183 1052 2224 Episcopi
1064 2206 1075 2221 ,
1101 2184 1164 2213 alia
1226 2182 1384 2222 clefiasticae
1405 2188 1583 2224 quantitas,
1607 2184 1680 2224 ficut
1695 2189 1856 2218 remedium
1882 2194 1985 2221 veniae
2006 2189 2115 2222 tribuit

279 2235 458 2265 Clericorum
478 2256 488 2271 ‚
525 2239 617 2265 tertia
645 2239 678 2264 in
703 2236 888 2273 reparatione
909 2254 919 2269 ‚
945 2232 997 2264 vel
1020 2236 1054 2262 in
1078 2232 1164 2263 lumi·
1226 2230 1410 2271 conferenti,
1436 2233 1480 2262 ita
1504 2233 1647 2264 damnum
1661 2235 1726 2266 rit?
1747 2243 1909 2276 praeparat
1914 2236 2116 2277 fraudatori.

280 2286 373 2314 nariis
396 2279 548 2318 Ecclest‘ae.
575 2283 621 2314 De
646 2292 706 2322 qua
727 2288 818 2321 parte
829 2280 893 2320 five
908 2278 1163 2324 Archiprerbyter,
1226 2283 1272 2310 Et
1291 2280 1354 2311 ideb
1376 2279 1474 2311 nullus
1499 2281 1685 2314 Sacerdotum
1708 2284 1759 2315 vel
1780 2284 1980 2324 ministrorum
2007 2299 2046 2320 ex
2071 2299 2115 2321 re-

273 2330 336 2371 five
362 2328 590 2362 archidiaconus
617 2329 700 2361 illam
726 2327 942 2367 administrans
964 2351 975 2367 ‚
1021 2326 1162 2370 Epiftopo
1226 2328 1282 2360 bus
1305 2327 1465 2370 Ecclefiae,
1490 2340 1558 2371 quae
1579 2335 1612 2362 in
1629 2329 1860 2375 quibuscumque
1885 2335 1954 2368 loc-1,-
1976 2338 1996 2367 ᾶ
2013 2334 2114 2378 fidelia

272 2379 372 2420 faciat
396 2382 543 2411 rationes.
571 2376 666 2411 Illam
691 2386 748 2411 aut
774 2377 939 2420 Episcopo
966 2387 1035 2410 non
1058 2377 1161 2411 credi·
1225 2377 1280 2410 bus
1304 2379 1493 2421 largiuntur,
1521 2381 1639 2422 aliquid
1661 2380 1805 2422 auferat,
1831 2386 1885 2417 vel
1898 2387 1967 2425 juri
1984 2385 2038 2428 fito
2058 2395 2113 2420 aut

277 2427 347 2468 dit,
375 2438 430 2462 aut
456 2427 565 2471 potius
591 2427 697 2470 ipsum
725 2426 786 2461 hac
813 2426 921 2460 viliori
948 2438 1023 2461 cura
1051 2427 1160 2461 noluit
1233 2427 1534 2470 Catbedraepropriae
1545 2434 1689 2463 Civitatis
1700 2433 1870 2466 connecqat.
1898 2436 2023 2469 Devotio
2033 2441 2112 2470 enim

277 2479 296 2510 ὲ
325 2476 451 2511 meliori
477 2476 691 2520 spiritualium
727 2477 950 2510 sollicitudine
987 2476 1158 2511 devocari.
1229 2476 1453 2520 uniuscujusque
1467 2477 1540 2519 ficut
1556 2488 1715 2523 gratanter
1738 2491 1840 2516 votum
1874 2487 1992 2518 contulit
2024 2489 2105 2526 Deo,

279 2529 450 2562 Consonat
478 2528 512 2560 &
539 2526 676 2561 secunda
704 2526 904 2560 Bracarenfis
924 2540 934 2559 :
973 2528 1091 2560 Placuit
1125 2537 1158 2560 ut
1232 2533 1277 2559 ita
1298 2527 1439 2569 definivit
1458 2531 1541 2570 qubd
1557 2532 1711 2571 plenitudo
1731 2541 1865 2567 votorum
1881 2534 2104 2578 conservaretur

278 2578 375 2610 nullus
402 2575 608 2620 Episcoporum
622 2601 632 2616 ‚
671 2578 735 2610 ciem
757 2585 813 2618 per
845 2575 980 2618 Dia-ceses
1002 2574 1075 2619 suas
1102 2590 1163 2610 am·
1225 2583 1258 2609 in
1289 2578 1346 2610 loco
1367 2600 1378 2616 ,
1403 2583 1435 2610 in
1457 2590 1512 2620 quo
1531 2581 1613 2613 velut
1629 2580 1660 2622 fi
1674 2583 1779 2615 collata
1797 2592 1936 2619 tenentur
1956 2609 1966 2625 ‚
2000 2596 2104 2620 manet

278 2628 403 2667 balant,
429 2635 539 2668 praeter·
566 2626 699 2659 bonorem
727 2625 891 2659 Catbedrae
913 2625 976 2668 suae
1006 2650 1017 2666 ‚
1043 2627 1081 2659 id
1103 2627 1163 2668 est,
1221 2633 1326 2670 gratia
1345 2626 1514 2669 offerentis,
1541 2633 1588 2663 1ιᾶ
1600 2629 1823 2672 fifrustrantur
1847 2661 1857 2676 ,
1884 2641 2018 2670 imminet
2034 2646 2106 2678 per-

280 2679 351 2710 duos
372 2675 506 2719 solidor,
531 2678 650 2719 aliquid
660 2679 745 2710 aliud
747 2685 805 2718 per
818 2675 956 2718 Ecclesias
970 2677 1074 2709 tollat.
1100 2680 1161 2710 Ne·
1222 2682 1312 2710 nicies
1338 2677 1571 2719 defraudantis.
1599 2681 1726 2716 Diserte
1752 2685 1880 2724 sanxit,
1909 2697 1950 2718 ne
1976 2686 2103 2730 Pagen-

281 2739 336 2769 que
358 2732 476 2760 tertiam
493 2735 615 2768 partem
636 2739 673 2760 ex
698 2737 875 2770 quacumque
897 2726 1039 2759 oblatione
1057 2728 1159 2768 populi
1222 2726 1300 2760 sium
1326 2727 1541 2763 Ecclefiarum
1568 2728 1660 2763 dotes
1686 2742 1741 2765 aut
1766 2733 1830 2767 alia
1858 2733 1943 2768 bona
1971 2734 2103 2778 Episco-

282 2782 314 2810 1n
335 2775 463 2818 Ecclefiis
486 2776 709 2810 Parocbialibur
732 2782 866 2819 requirar
880 2801 890 2816 ‚
910 2775 970 2817 sed
987 2777 1041 2809 illa
1068 2783 1160 2809 tertia
1221 2775 1253 2819 pi
1279 2777 1393 2811 uniant
1419 2778 1483 2812 suis
1510 2778 1702 2821 Cathedris‚
1730 2782 1781 2816 vel
1802 2783 1963 2818 devocent
1979 2784 2017 2818 ad
2032 2786 2102 2819 suas

276 2835 354 2868 pars
362 2835 417 2868 pro
436 2827 604 2859 luminariis
616 2826 771 2868 Ecclefiae,
799 2827 851 2859 vel
861 2831 1050 2868 reparatione
1055 2824 1158 2869 serve·
1221 2837 1355 2868 manus,
1383 2828 1436 2861 sed
1463 2828 1565 2862 divisa
1592 2831 1805 2873 permittant,
1831 2834 1863 2867 ἀ
1891 2835 1946 2868 sua
1973 2835 2101 2878 exipsis

282 2886 330 2909 tur
353 2888 359 2906 :
396 2879 439 2908 Et
453 2875 574 2920 fingulis
595 2882 686 2909 annis
721 2874 865 2919 Epafiopo
892 2877 962 2908 inde
984 2882 1060 2909 ratio
1077 2878 1156 2918 fiat.
1220 2877 1352 2920 antiqua
1382 2878 1476 2912 tertia
1502 2877 1564 2913 sint
1589 2882 1739 2915 contenti
1762 2908 1769 2914 .
1810 2883 1913 2918 Aliud
1940 2894 2100 2919 attentan-

283 2931 369 2958 Nam
387 2924 416 2965 fi
432 2933 551 2959 tertiam
568 2932 686 2967 partem
707 2928 788 2959 illam
809 2924 971 2968 Episcopus
985 2926 1092 2966 tollat,
1116 2927 1156 2959 Iu·
1219 2937 1283 2960 tem
1311 2928 1508 2972 Episcopum
1538 2928 1577 2963 ad
1604 2930 1876 2974 Metropolitam,
1905 2934 2102 2978 Metropoli-

283 2987 350 3008 men
371 2972 495 3016 &sarta
519 2976 596 3010 tella
621 2976 739 3015 abstulit
764 2975 897 3017 Ecclest'ae
919 2999 925 3006 .
954 2976 1156 3020 EcPagenfi-
1219 2987 1284 3010 tam
1311 2988 1420 3012 autem
1446 2979 1487 3012 ad
1515 2978 1642 3023 Regem
1669 2980 1783 3015 deferri
1809 2983 1962 3024 mandat,
1989 2984 2022 3017 &
2049 2996 2100 3019 ca-

284 3024 344 3058 bus
365 3025 398 3058 &
420 3024 665 3060 cathedralibus
686 3026 919 3069 Hispaniarum
942 3025 1091 3059 Ecclefiis
1110 3025 1154 3060 di·
1218 3025 1327 3071 stigari
1348 3053 1355 3059 .
1394 3028 1541 3062 Plurium
1568 3028 1760 3075 pagensium
1789 3031 2001 3067 Ecclesiarum
2030 3034 2099 3068 sub·

284 3075 384 3107 screta
402 3085 439 3107 ac
462 3076 587 3118 propria
609 3100 619 3116 ,
646 3086 705 3109 nec
734 3087 801 3109 non
824 3077 857 3110 δε
886 3075 1043 3118 tripartita
1067 3076 1157 3109 fuisse
1218 3076 1334 3111 stantia
1360 3089 1426 3111 erat
1452 3080 1576 3112 tenuis.
1604 3080 1697 3114 Hinc
1719 3081 1809 3115 addit
1835 3084 1940 3117 sextus
1952 3083 2097 3124 Canon,

284 3124 370 3158 bona
393 3122 499 3156 lucide
519 3126 675 3159 affirmat.
704 3125 850 3174 Qidam
864 3125 897 3158 in
910 3124 1156 3168 Presbyterum,
1218 3136 1253 3158 ur
1274 3128 1362 3160 suam
1384 3129 1535 3168 tertiam,
1561 3139 1599 3162 ex
1617 3138 1748 3171 paterna
1766 3131 2095 3175 sandironefibt'compe-

282 3173 351 3217 ejus
373 3172 548 3216 pagensem
570 3174 725 3214 Clerum,
752 3187 789 3209 ac
809 3175 965 3209 fabricam
987 3199 998 3216 ‚
1025 3175 1155 3216 quidam
1218 3183 1343 3218 tentem,
1372 3178 1490 3220 possint
1516 3179 1678 3213 remittere
1700 3181 1851 3224 Episcopi
1874 3207 1884 3223 ,
1923 3182 1971 3216 vel
1994 3182 2094 3217 etiam

283 3224 317 3256 in
343 3222 520 3267 pagensem
544 3221 676 3259 Clerum
694 3248 705 3265 ‚
732 3236 884 3268 pauperes
907 3250 918 3265 ,
943 3225 976 3259 ἀ
1002 3224 1155 3258 fabricam
1218 3224 1307 3259 alteri
1325 3227 1447 3261 donare
1468 3229 1596 3270 pauperi
1623 3228 1790 3271 Ecclesiae,
1817 3231 1850 3264 &
1874 3231 1965 3265 istam
1990 3234 2095 3266 remis-

283 3273 472 3306 existimant
494 3272 615 3314 divisa;
641 3283 673 3307 at
702 3284 826 3308 certum
848 3274 893 3308 est
904 3274 1008 3308 divisa
1020 3275 1111 3309 fuisse
1123 3276 1154 3307 in
1219 3274 1340 3309 sionem
1360 3287 1415 3310 aut
1438 3276 1652 3312 donationem
1678 3281 1745 3314 fore
1766 3280 1971 3316 immobilem
1995 3308 2005 3322 ,
2033 3293 2092 3316 nec

285 3322 483 3364 Episcopum
497 3346 506 3362 ‚
533 3321 710 3365 Pagensem
734 3324 864 3357 Clerum
879 3348 889 3363 ,
907 3325 958 3358 .&
979 3323 1132 3359 fabricam
1147 3349 1152 3355 .
1219 3334 1272 3366 per
1285 3325 1473 3361 successores
1485 3329 1571 3370 posse
1583 3331 1736 3370 concuti,
1759 3332 1858 3375 longe
1871 3331 1978 3365 minus
1987 3332 2092 3364 exsuf-

284 3371 387 3419 Qiod
408 3372 496 3405 enim
518 3370 619 3415 plures
634 3372 794 3415 Pagenses
805 3375 1037 3416 Hispaniarum
1050 3374 1156 3407 Eccle-
1218 3373 1305 3406 flari.
1333 3375 1492 3420 pagenses
1517 3377 1674 3412 Ecclefias
1697 3380 1982 3425 durotertiaejugo
1993 3391 2094 3414 cona-

281 3422 420 3456 fiaetunc
443 3422 576 3456 unicum
600 3420 767 3456 dumtaxat
792 3422 1018 3467 Presbyterum
1042 3423 1156 3459 habue—
1216 3433 1267 3458 tus
1291 3422 1336 3458 est
1351 3426 1509 3468 eximere,
1536 3428 1570 3462 ἀ
1590 3427 1720 3463 reddere
1742 3429 1774 3462 in
1789 3427 1988 3465 libertatem·

382 3470 486 3513 christ.
501 3475 579 3513 Lupi
592 3474 676 3514 Optr.
693 3474 761 3504 Tom
774 3476 807 3505 V.
1630 3477 1660 3510 E
1710 3490 1731 3514 2
1980 3476 2038 3513 Pa-

109 2616 177 2645 Can.
203 2626 228 2644 2.
