2366 3756
503 151 1031 206 CORNCILIUM

1104 140 1794 185 THOLOSANUM.>

1916 150 1996 200 '47

246 246 372 273 morem
395 231 569 266 crediderat
592 229 713 264 Graecis
735 227 943 271 placiturum.
973 223 1140 261 Eundem!
1190 227 1292 260 Lucet
1315 236 1355 258 ex
1378 224 1562 257 Ammiano
1586 223 1800 257 Marcellino.
1827 221 1974 257 Urficini
1989 233 2069 256 con-

232 287 282 327 ,in
305 286 357 318 sua
372 282 497 318 familia
519 283 645 315 servant
659 279 804 322 plerique
817 274 959 310 Domini
971 274 1127 309 Cardina·

246 336 292 370 les
304 359 315 374 ,
339 335 374 368 ὅ(
385 333 489 377 plures
511 342 564 374 per
574 329 702 364 ltaliam
714 325 866 370 Episcopi
880 351 887 357 .

229 413 233 418 ,
295 384 401 418 Porro
421 393 556 425 utraque
566 380 633 414 haec
646 376 782 418 collatio
793 387 861 410 erat
879 375 969 410 adeo
981 374 1126 409 modera-

246 427 279 470 ta
301 447 339 469 ac
359 434 532 468 macilenta
553 454 573 470 ,,,
590 438 627 463 ut
651 430 685 460 in
711 426 827 471 litteris
847 426 888 460 ad
913 425 1124 460 Euchratiurn
1188 425 1278 466 hujus
1290 423 1495 465 rei‚,utique
1508 422 1899 466 RomaniEpiscopatuS,
1924 423 2065 464 cupidos,

73 587 210 624 Epiimx.

73 1179 162 1209 Hom.
183 1184 231 1216 67.

71 2048 105 2077 C.
123 2057 148 2084 5.

82 2996 139 3028 1⁷01.
151 3007 213 3032 790-

246 485 461 519 Thenensem
485 480 683 524 Episcopum
703 478 835 511 sanctus
855 475 1126 520 Cyprianusejus-

248 535 341 571 modi
363 535 483 568 vicium
503 529 642 572 appellet
666 526 846 571 parciorem
870 538 907 560 ac
935 527 1104 561 salutarem
1118 549 1125 556 .

1188 277 1411 310 tra'Sanstum
1423 275 1601 308 Damasum
1625 271 1822 307 Pontificem
1843 271 2065 306 schismaticas

1188 326 1402 360 turbulentias
1437 326 1531 358 refert
1557 334 1594 357 ac
1620 324 1821 367 prosequitur
1848 335 1855 354 :
1881 326 1989 364 Neque
2014 333 2065 366 ego
2085 339 2235 371 [ἅπας.

1191 375 1284 408 abnuo
1295 400 1305 414 ,
1331 373 1550 413 ostentationem
1559 385 1660 406 rerum
1669 372 1849 419 considerans
1859 373 2044 406 urbanarum
2051 396 2065 413 ‚

1189 475 1222 507 ob
1243 473 1466 515 impetrandum
1489 472 1568 513 quod
1589 478 1735 512 appetunt
1748 496 1758 511 ,
1783 478 1862 506 omni
1878 478 2065 506 &arscennene

1187 527 1317 558 laterum
1328 525 1451 566 jurgari
1474 521 1597 560 debere,
1621 531 1686 553 cum
1707 521 1741 551 id
1759 523 1878 562 adepti,
1897 522 2001 564 futuri
2005 519 2066 563 fine

248 586 326 620 Scio
350 584 443 618 inum
467 592 535 619 non
547 578 587 613 de
599 577 736 612 Clericis
747 601 759 616 ,
786 577 838 610 sed
851 575 892 610 de
902 575 1128 611 matriculariis
1190 581 1233 607 ita
1242 572 1336 616 securi
1358 583 1392 606 ut
1404 573 1536 604 ditentur
1548 569 1738 604 oblationibus
1752 578 1955 605 matronarum
1967 596 1977 612 ‚
1999 580 2069 614 pro-

250 635 399 669 Ecclefiae
417 630 608 675 pauperibus
632 628 743 670 loqui.
772 625 1002 661 Nihilominus
1026 627 1126 660 etiam
1189 626 1351 666 cedantque
1384 621 1527 655 vehiculis
1549 619 1703 661 insidentes
1725 618 1923 662 circumspelle?
1945 621 2066 662 vestiti,

250 684 450 718 Clericorum
463 679 619 725 sportulas
627 689 665 711 ac
675 676 849 721 divisiones
860 689 928 710 non
942 677 1034 711 fuiffe
1047 675 1127 710 rnul·

248 735 286 768 to
310 733 486 771 lautiores,
512 731 609 766 docet
632 736 766 770 quarta,
793 728 828 760 in
854 728 949 770 plena
975 726 1126 772 Ecclesia-

251 795 323 818 rum
350 794 430 827 pace
451 794 488 815 ac
511 779 658 814 Romani
686 777 817 820 Imperii
839 777 919 812 flore
944 777 1127 815 celebrata,

1189 675 1294 716 epulas
1312 681 1451 706 curantes
1475 669 1614 713 profusas
1626 693 1637 709 ‚
1662 671 1734 703 adeo
1753 679 1786 703 ut
1810 681 1905 704 eorum
1925 676 2067 704 convivia

1191 725 1314 768 Regales
1323 722 1464 766 superent
1485 720 1619 762 mensas.
1649 722 1714 764 ,Qui
1724 720 1775 763 effi?
1785 727 1923 761 poterant
1944 719 2026 754 beati
2036 731 2067 753 re

1191 787 1284 813 vera,
1304 773 1334 814 fi
1347 773 1552 816 magnitudine
1574 770 1662 804 Urbis
1686 769 1840 813 despec‘i‘a‚
1868 782 1958 813 quam
1977 774 2067 803 *vitils

249 830 515 876 Carthaginenfis
537 829 708 872 Synodus:
728 829 861 861 Clericus
876 853 887 868 ‚
912 825 1126 870 quantumlibet
1190 833 1340 867 opponunt
1364 848 1376 863 ,
1404 824 1448 856 ad
1466 827 1664 856 imitationem
1688 819 1857 860 Antistitum
1875 820 2069 862 quorumdam

248 883 338 917 verbo
349 886 406 915 Dei
415 881 551 914 eruditus
561 905 572 921 ‚
598 878 723 921 artificio
733 877 844 911 vitium
854 885 972 920 quaerat
988 902 994 910 .
1022 874 1127 925 Qod

247 943 364 976 nempe
384 931 562 964 multatum
584 930 722 972 inopum
739 928 961 962 Ecclefiarum
986 928 1020 961 ὅς
1041 928 1127 970 spor-

1194 875 1430 909 Provincialium
1448 879 1607 912 viverent,
1631 882 1703 914 quos
1715 877 1847 904 tenuitas
1868 870 1995 910 edendi,
2017 878 2069 912 po-

1191 926 1335 967 tandique
1352 924 1516 965 parcifflme
1529 947 1539 962 ,
1565 923 1671 955 vilitas
1699 926 1790 955 etiam
1811 921 2069 960 indumentorum,

247 983 318 1017 tula
356 982 390 1017 &
416 981 590 1016 mensurna
626 979 743 1013 divisio
770 979 894 1013 cunstis
925 977 1064 1012 Clericis
1091 988 1128 1010 ac
1191 973 1388 1018 &supercilia
1412 973 1533 1006 humum
1541 972 1736 1016 spee‘lantia,
1757 973 1900 1014 perpetuo
1915 974 2071 1009 Nummi,

247 1031 439 1076 pauperibus
459 1030 554 1075 plene
573 1028 698 1064 alendis
725 1039 793 1062 non
814 1029 971 1062 sufficeret
997 1052 1003 1060 .
1030 1028 1125 1078 Qin

1190 1022 1327 1068 verisque
1347 1026 1413 1066 ejus
1442 1023 1613 1056 Cultoribus
1641 1032 1675 1056 ut
1694 1031 1786 1064 puros
1809 1021 2015 1056 commendant
2035 1020 2071 1053 δ’

247 1083 280 1116 δε
303 1084 344 1116 de
365 1079 575 1115 Patriarchali
603 1077 816 1114 Antiochena
844 1078 988 1113 Ecclefia
1016 1079 1126 1112 scribit
1190 1075 1389 1110 verecundos.
1417 1073 1531 1107 Solum
1553 1073 1746 1107 Romanum
1771 1071 1968 1116 Episcopum
1989 1069 2071 1104 dicit

248 1133 284 1165 in
305 1131 468 1165 Homiliis
488 1132 579 1174 super
604 1130 711 1164 Saneti
734 1127 884 1162 Matthaei
908 1128 1126 1172 Evangelium
1190 1126 1383 1170 opulentum
1407 1121 1618 1166 &splendide
1640 1123 1770 1157 vivere.

246 1183 380 1217 sanstus
401 1182 543 1226 Ioannes
562 1178 815 1223 Chrysostomus
838 1191 849 1212 .-
875 1182 969 1212 Unius
993 1180 1103 1212 divitis
1118 1201 1128 1216 ,

247 1243 299 1265 nec
319 1232 410 1265 valde
426 1232 578 1273 locupletis
603 1229 666 1263 hac
688 1228 939 1271 Ecclestafrui‘lus
967 1230 1102 1273 colligens
1116 1253 1125 1268 ‚

248 1287 342 1325 cogita
368 1291 461 1314 tecum
488 1290 558 1323 quot
584 1282 688 1313 viduis
713 1289 816 1322 ‚.quot
842 1278 1008 1322 virginibus
1030 1283 1121 1321 quoti-

248 1333 296 1365 die
316 1330 470 1373 succurrat
492 1356 499 1364 .
530 1334 563 1376 J
565 1342 614 1363 am
629 1335 708 1363 enim
732 1340 871 1362 numerus
893 1340 993 1362 earum
1015 1334 1046 1361 in
1070 1332 1127 1360 Ca-

245 1384 340 1425 talogo
350 1379 518 1423 adscriptus
544 1381 588 1413 ad
596 1386 658 1412 tria
669 1380 766 1412 millia
777 1375 937 1419 pervenit.
964 1382 1010 1410 Et
1018 1387 1127 1419 praete·

243 1433 297 1464 reri
311 1432 414 1463 multis
438 1434 487 1471 qui
499 1438 626 1461 carceres
652 1426 794 1459 habitant
811 1450 821 1465 ,
846 1428 1032 1465 auxiliatur,
1058 1427 1129 1458 mul.

243 1486 287 1512 tis
297 1485 330 1511 in
344 1477 486 1520 hospitali
497 1476 702 1510 laborantibus
716 1499 728 1514 ‚
747 1477 853 1510 multis
873 1477 1006 1508 advenIs
1018 1499 1029 1514 ,
1056 1475 1130 1507 mul-

1240 1177 1313 1210 Nec
1326 1174 1451 1208 mireris
1467 1185 1546 1208 tunc
1569 1183 1674 1207 tantas
1695 1184 1737 1206 ex
1748 1172 1824 1206 solis
1845 1168 2073 1207 oblationibus

1191 1226 1339 1261 divitias.
1366 1223 1469 1270 Qod
1497 1223 1587 1258 enim
1609 1224 1710 1257 etiam
1733 1222 1801 1265 post
1823 1231 2002 1264 reparatam
2024 1228 2075 1252 ut-

1193 1286 1333 1320 cumque
1359 1274 1540 1309 Gothicam
1566 1273 1789 1316 captivitatem
1826 1270 1935 1306 statim
1963 1269 2074 1302 Roma

1193 1327 1289 1361 fuerit
1301 1325 1393 1368 supra
1405 1324 1504 1359 fidem
1517 1324 1672 1367 populosa
1685 1347 1696 1362 ‚
1717 1321 1849 1357 testatur
1859 1320 1945 1364 apud
1960 1316 2074 1353 Photii

1193 1372 1436 1409 Bibliothecam
1485 1371 1735 1415 Olimpiodorus
1784 1398 1792 1406 .
1845 1369 2074 1414 Apostolicum

1193 1424 1323 1458 interim
1333 1422 1375 1456 de
1387 1421 1562 1465 dupliciter
1575 1419 1774 1455 honorando
1787 1420 1952 1464 Episcopo
1964 1419 2074 1453 Cano-

1195 1484 1271 1506 nem
1284 1474 1407 1513 semper
1426 1470 1512 1503 adeo
1532 1470 1710 1503 custodivit
1729 1470 1864 1512 antiqua
1879 1468 2076 1502 Christiani-

242 1534 284 1561 tis
294 1525 429 1567 leprqfis‚
452 1525 589 1556 omnibus
613 1528 665 1563 qui
694 1523 790 1554 altari
813 1521 939 1560 afflstunt
958 1521 1073 1553 cibaria
1096 1522 1130 1553 (a
1193 1531 1242 1554 tas
1264 1542 1276 1558 ,
1302 1528 1339 1551 ut
1365 1518 1537 1551 adversum
1561 1516 1745 1550 Catholicae
1772 1517 1921 1550 Ecclefiae
1943 1517 2074 1560 Agapas

242 1576 416 1610 indumenta
435 1572 553 1615 praebet
577 1595 589 1612 ,
615 1570 719 1603 multis
744 1575 835 1603 etiam
859 1576 911 1612 qui
932 1570 1065 1612 quotidie
1088 1570 1130 1601 ad
1193 1567 1306 1603 scribit
1317 1567 1352 1600 in
1375 1564 1461 1600 libro
1486 1565 1667 1609 dejejuniis
1678 1565 1884 1600 Montanista
1896 1565 2076 1600 Tertullia-

238 1625 403 1669 petendum
423 1623 580 1656 accedunt.
610 1625 679 1655 Nec
689 1629 791 1654 tamen
806 1618 938 1661 Ecclefiae
962 1627 1030 1661 opes
1040 1620 1130 1652 idcir-

1193 1628 1274 1653 nus:
1303 1617 1355 1650 Ad
1361 1617 1489 1659 elogium
1507 1616 1589 1661 gulae
1602 1624 1664 1653 tuae
1681 1623 1837 1659 pertinet,
1862 1618 1942 1659 quod
1949 1617 2075 1659 duplex

242 1678 273 1718 co
295 1671 530 1717 diminutaesunt
541 1696 549 1704 .
575 1671 629 1705 Ex
642 1681 711 1705 tam
726 1668 866 1703 modicis
877 1668 996 1713 opibus
1019 1678 1129 1704 tantus
1191 1668 1276 1711 apud
1298 1676 1327 1701 te
1342 1664 1576 1708 Praefidentibus
1598 1666 1686 1701 bonor
1711 1667 1790 1701 binis
1799 1667 1938 1709 partibus
1950 1668 2076 1709 deputa-

243 1725 453 1760 Clericorum
473 1724 508 1758 &
523 1733 700 1766 pauperum
725 1730 877 1755 numerus
898 1719 1013 1754 debuit
1034 1719 1128 1754 fuiffe
1192 1728 1241 1753 tur
1255 1743 1266 1759 ,
1290 1729 1357 1752 cum
1368 1716 1517 1759 Apostolus
1542 1719 1690 1760 duplicem
1711 1716 1847 1752 honorem
1859 1719 1975 1752 dederit
1995 1727 2029 1752 ut
2042 1720 2077 1752 (τ

243 1787 346 1820 parvo
368 1784 545 1810 contentus
566 1797 573 1805 .
603 1770 763 1806 Notanda
788 1771 862 1804 suut
887 1771 982 1805 verba
1004 1782 1011 1802 :
1039 1769 1129 1809 Ciba-
1166 1804 1168 1810 k
1188 1767 1345 1811 fratribus
1362 1766 1579 1810 &Praepofitis
1594 1768 1761 1813 .Agapem
1772 1768 1855 1803 olitn
1866 1768 1931 1802 fine
1944 1767 2076 1812 Episco-

243 1830 292 1860 ria
313 1826 347 1861 (θ’
368 1826 543 1858 indumenta
558 1823 677 1865 praebet
698 1846 705 1853 .
731 1820 876 1855 Suadent
896 1820 1061 1864 utriusque
1080 1819 1127 1854 rei

243 1874 422 1918 sportulam
433 1874 525 1909 fuisse
537 1873 638 1907 Clero
659 1872 730 1906 istic
743 1870 957 1907 ministratam
972 1897 978 1903 .
1007 1871 1061 1906 De
1077 1881 1130 1904 eo·

241 1926 319 1960 dem
331 1925 458 1968 Joanne
468 1922 843 1966 Constantinopolitano
868 1922 1033 1966 Episcopo
1055 1921 1127 1955 scri·

243 1975 294 2010 bit
317 1974 351 2008 in
363 1975 430 2019 ejus
458 1974 524 2008 vita
545 1972 711 2007 Palladius
735 1972 916 2016 Episcopus
936 1972 1129 2015 Helenopo-

243 2025 366 2059 litanus
377 2039 388 2059 .·
407 2026 437 2068 J
442 2035 551 2058 oannes
575 2023 686 2057 vidum
698 2033 808 2065 quoque
827 2023 949 2067 castigat
966 2023 1048 2057 Cleri
1060 2023 1126 2056 dili-

237 2083 363 2120 genter,
390 2086 481 2109 orans
503 2072 711 2108 &exhortans
733 2097 744 2114 ‚
766 2080 799 2105 ut
819 2079 948 2107 contenti
970 2073 1127 2115 stipendiis

1192 1820 1226 1864 pi
1237 1818 1428 1854 austeritate
1443 1829 1511 1852 non
1524 1818 1663 1862 potuisse
1675 1818 1750 1862 agi,
1781 1817 2010 1853 Ecclefiasticae
2023 1829 2077 1853 an·

1193 1868 1355 1913 tiquitatis
1366 1868 1574 1914 indagatores
1591 1867 1703 1914 paffim
1713 1867 1919 1904 concludunt
1935 1879 1976 1902 ex
1989 1866 2076 1904 hisce

1192 1918 1352 1963 Martyris
1378 1918 1499 1964 Ignatii
1522 1918 1624 1956 verbis
1639 1921 1674 1955 in
1689 1919 1836 1966 Epistola
1849 1919 1888 1956 ad
1901 1919 2077 1963 Smyrnen-

1194 1972 1263 2006 ses:
1291 1975 1388 2005 Nemo
1406 1979 1519 2014 praeter
1540 1969 1722 2015 Episcopum
1746 1973 1867 2016 aliquid
1887 1983 1983 2006 eorum
2004 1980 2076 2015 agat

1191 2034 1260 2066 quae
1272 2023 1316 2056 ad
1326 2021 1482 2064 Ecclesiam
1500 2027 1654 2066 pertinent
1666 2048 1673 2055 .
1700 2023 1795 2059 Hinc
1808 2023 1858 2057 illi
1879 2022 1991 2065 pasfim
2004 2031 2078 2064 prae-

1192 2072 1311 2107 fidebat
1338 2073 1539 2117 Episcopus,
1565 2074 1599 2107 &
1612 2085 1654 2107 ex
1676 2074 1792 2118 quovis
1815 2074 1892 2108 escre
1912 2080 1967 2106 aut
1981 2082 2077 2116 potus

238 2123 302 2168 suis
325 2126 443 2160 nidores
468 2126 601 2158 divitum
626 2135 683 2157 non
703 2121 898 2166 sequerentur
917 2147 928 2164 ‚
956 2135 991 2157 ne
1005 2123 1128 2164 fumum
1191 2123 1313 2157 ferculo
1335 2122 1501 2166 duplicem
1515 2122 1653 2157 habebat
1677 2134 1820 2168 partem.
1850 2123 1893 2158 Et
1905 2120 1970 2157 huc
1982 2123 2076 2168 respi-

244 2173 359 2218 huy'usce
395 2174 580 2218 insequentes
608 2173 743 2207 libidinis
765 2173 887 2214 flamme
912 2174 1126 2209 traderentur,

245 2225 455 2265 affentatorum
491 2234 525 2254 ac
559 2222 757 2263 parafitorum
792 2219 923 2258 instituto
965 2224 1124 2254 viventes.

1192 2172 1239 2204 cit
1261 2172 1297 2203 iu
1320 2171 1439 2203 litteris
1459 2171 1500 2203 ad
1514 2173 1698 2212 Epictetum
1721 2172 1917 2207 Affuritanae
1929 2173 2076 2208 Ecclesia:

1193 2219 1396 2262 Episcopum
1411 2241 1421 2256 ‚
1432 2217 1562 2261 ejusque
1573 2218 1706 2252 Clerum
1720 2230 1756 2254 ac
1770 2221 1928 2264 populum
1942 2222 2075 2257 Sanctus

247 2271 435 2305 Adeotunc
457 2270 590 2304 modica
611 2280 678 2303 erat
699 2279 795 2301 tantae
816 2268 964 2301 Ecclefiae
984 2267 1128 2301 substan·
1191 2269 1292 2301 etiam
1305 2266 1517 2309 Cyprianus:
1544 2270 1664 2308 stipes,
1690 2269 1896 2303 &oblationes
1909 2294 1921 2309 ‚
1946 2272 2074 2305 &lucra

246 2321 313 2360 tia,
340 2330 377 2353 ut
397 2318 532 2362 quidam
552 2319 619 2359 ejus
630 2316 753 2350 Clerici
769 2326 829 2359 prae
841 2315 952 2358 inopia
974 2327 1043 2349 non
1055 2327 1124 2350 eru·
1191 2315 1358 2357 desiderant
1378 2340 1389 2356 ‚
1417 2314 1524 2358 quibus
1543 2317 1632 2357 prius
1657 2316 1842 2359 insatiabiles
1865 2319 2049 2353 incubabant
2061 2346 2072 2362 ,

246 2369 410 2405 bescerent
428 2365 553 2402 adulari
576 2365 692 2399 alienis
715 2366 853 2405 mensis,
882 2377 919 2400 ac
943 2365 1051 2400 vivere
1073 2377 1124 2409 pa·
1192 2368 1325 2401 &coenis
1349 2374 1441 2408 atque
1463 2367 1558 2407 epulis
1578 2372 1670 2399 etiam
1695 2378 1771 2401 nunc
1780 2367 1924 2409 inhiant,
1948 2382 2072 2412 quorum

245 2419 356 2455 rafitos
378 2444 385 2452 .
417 2418 462 2451 Et
485 2417 620 2451 fraenum
644 2439 655 2455 ,
681 2415 771 2458 quod
793 2415 879 2459 turpi
902 2414 986 2449 vitio
1013 2415 1124 2458 injecit
1187 2416 1342 2458 crapulam
1355 2424 1448 2457 nuper
1455 2414 1610 2457 superstite
1621 2422 1654 2449 in
1665 2418 1729 2450 dies
1740 2420 1888 2453 cruditate
1902 2421 2072 2464 ruc‘labant,

246 2470 382 2506 Sanctus
394 2468 534 2510 Ioannes
547 2490 558 2506 ‚
584 2465 667 2508 ipsos
681 2463 879 2509 indignatos
897 2466 1058 2508 permovit
1082 2465 1122 2500 ad
1190 2478 1266 2499 nunc
1285 2465 1507 2506 manifestiffime3
1525 2466 1745 2508 comprobantes
1759 2493 1769 2508 ,
1796 2481 1846 2503 nec
1870 2481 1939 2503 ante
1948 2469 1981 2514 se
1992 2474 2072 2504 Reli-

246 2529 340 2554 tanto
367 2517 531 2560 Episcopo
558 2515 779 2550 insidiandum
799 2540 807 2548 .
835 2514 990 2549 Laudatae
1013 2515 1123 2550 Eccle-
1188 2517 1307 2560 ligioni,
1331 2515 1390 2558 sed
1401 2521 1502 2549 ventri
1508 2523 1612 2558 potius
1637 2517 1948 2563 &questuiprofhna
1958 2523 2070 2564 cupidi-

246 2570 294 2602 siae
306 2577 482 2611 proventus
492 2565 581 2611 large
593 2565 764 2609 ampliavit
786 2563 986 2608 Iustinianus
1008 2564 1123 2609 Augu·
1188 2574 1249 2599 tate
1267 2564 1402 2608 servisse.
1430 2565 1514 2610 Agit
1540 2567 1690 2602 adversus
1703 2569 1979 2606 Fortunatianum
1990 2572 2070 2615 ejus·

247 2618 332 2659 stuS,
352 2618 505 2652 &tamen
515 2615 557 2650 de
567 2614 634 2658 ejus
645 2615 715 2659 post
728 2615 832 2649 multa
846 2625 992 2658 tempora
1006 2616 1124 2649 succes-
1186 2615 1259 2649 dem
1285 2615 1438 2650 Civitatis
1460 2627 1562 2660 nuper
1585 2617 1786 2661 Episcopum
1799 2643 1809 2659 ,
1835 2622 1890 2665 qui
1906 2622 1951 2656 ob
1964 2622 2071 2657 idolo-

247 2669 331 2709 sote‚
360 2668 395 2702 δε
406 2667 522 2701 nostrae
533 2666 692 2710 praesentis
702 2663 829 2708 synodi
840 2665 1027 2711 Cooetaneo
1038 2666 1126 2700 Con·
1186 2666 1334 2700 latricum
1347 2666 1382 2700 in
1398 2667 1618 2709 persecutione
1631 2668 1754 2711 lapsum
1772 2670 1964 2714 degradatus
1977 2696 1988 2712 ‚
2014 2683 2070 2716 per

247 2718 390 2753 stantino
421 2716 653 2753 Monomacho
675 2715 787 2750 scribit
815 2714 981 2759 Georgius
1008 2715 1125 2750 Cedre-
1186 2716 1377 2750 violentiam
1388 2716 1561 2758 respirabat
1574 2717 1615 2751 ad
1626 2719 1881 2759 recuperandum
1895 2720 2069 2765 Episcopa-

247 2779 327 2801 nus:
355 2768 404 2801 Ad
413 2768 448 2801 id
458 2775 575 2810 tempus
599 2765 798 2810 insignioribus
819 2767 940 2798 tantum
956 2763 1125 2807 sblemnita-
1186 2776 1279 2800 tum:
1305 2764 1367 2800 Ait
1389 2766 1430 2800 ab
1442 2766 1623 2800 istiusmodi
1647 2765 1840 2802 hominibus
1861 2781 1930 2803 non
1945 2770 2069 2806 Christi

249 2817 328 2851 tibus
341 2823 489 2860 inmagm
506 2821 561 2850 Dei
579 2816 710 2859 templo,
736 2817 813 2850 &in
836 2814 998 2848 sabbathis
1017 2827 1051 2849 ac
1068 2819 1124 2849 Do·
1186 2814 1407 2850 Ministerium
1433 2839 1443 2855 ,
1468 2816 1520 2850 sed
1543 2817 1689 2860 duplices
1714 2818 1749 2851 in
1778 2817 1936 2863 Agapicis
1971 2823 2068 2855 caenis

249 2872 364 2900 minicis
384 2868 486 2901 diebus
509 2873 692 2900 incruentum
705 2869 761 2899 Dei
777 2864 1125 2910 sacrificium'perageba-
1186 2876 1310 2909 partes,
1336 2866 1451 2911 populi
1474 2866 1569 2910 stipes
1593 2867 1627 2902 <Sc
1651 2867 1838 2902 oblationes
1853 2894 1862 2909 ‚
1891 2870 2069 2914 duplicem-

251 2927 299 2953 tur
313 2941 323 2957 ‚
347 2918 466 2959 reliquis
484 2917 588 2955 diebus
601 2927 784 2960 nequaquam
797 2940 804 2948 .
833 2914 1034 2949 Omittebatur
1045 2921 1124 2950 enim
1188 2927 1249 2959 que
1259 2927 1300 2950 ex
1314 2917 1387 2960 ipsis
1400 2917 1605 2952 mensurnam
1616 2916 1810 2952 divisionem
1824 2920 1938 2954 ambiri
1952 2945 1962 2960 ‚
1983 2919 2068 2955 ideo·

252 2967 285 2999 οἱ)
295 2968 445 3000 redituum
456 2966 618 3010 defee‘lum.
645 2970 728 3000 Hunc
739 2965 948 2998 Monomacbus
959 2965 1124 3000 liberaliter
1185 2977 1248 3011 que
1269 2978 1337 3000 non
1356 2967 1556 3001 audiendos.
1583 2966 1649 3001 Pro
1662 2969 1739 3002 solis
1762 2971 1953 3012 pauperibus
1969 2970 2067 3006 fiebat

246 3013 424 3060 supplevit,
449 3024 482 3048 ut
501 3017 630 3058 quotidie?
643 3016 729 3058 Missa
748 3015 940 3050 celebraretur
960 3026 991 3049 eo
1012 3021 1045 3049 in
1055 3023 1125 3049 tem·
1188 3017 1303 3061 Agape
1325 3030 1337 3050 .-
1365 3017 1408 3051 Et
1428 3017 1561 3060 quidem
1584 3018 1733 3061 quotidie
1755 3019 1841 3062 apud
1866 3021 1984 3055 multas
2008 3022 2068 3056 Ec·

248 3067 320 3109 plo.
348 3065 510 3098 Laudabili
526 3065 602 3110 sane
624 3064 774 3106 instituto,
800 3067 881 3108 quod
891 3065 1032 3107 hodieque
1055 3066 1127 3099 obti-
1187 3067 1311 3100 clefias.
1340 3068 1373 3101 Si
1387 3068 1537 3112 augurari
1550 3067 1668 3107 liceat,
1695 3068 1803 3103 dicam
1814 3081 1856 3103 ex
1878 3071 1980 3114 ipsisa
1994 3083 2067 3114 prae-

252 3124 303 3149 net
327 3140 334 3146 .
361 3115 398 3148 ld
425 3115 530 3157 ipsum
552 3115 663 3150 scribit
689 3114 837 3149 Michael
863 3116 986 3157 Glycas
1008 3140 1014 3146 .
1043 3117 1127 3163 Qae
1187 3115 1308 3151 fidente
1322 3117 1486 3161 Episcopo
1500 3117 1593 3151 fuisse
1606 3118 1782 3162 unicuique
1795 3119 1927 3155 Clerico
1939 3121 2065 3155 missam

252 3164 390 3200 breviter
415 3164 499 3198 dicta
525 3164 636 3206 volui,
663 3174 699 3199 ut
723 3164 829 3200 luceat
855 3165 1032 3200 Clericales
1045 3168 1129 3209 spor·
1188 3166 1276 3200 suam
1297 3167 1493 3210 sportulam.
1520 3166 1690 3214 Qidquid
1711 3169 1772 3209 fit,
1798 3170 1992 3211 utiexista,
2020 3171 2065 3205 ita

251 3215 336 3250 tulas
370 3226 408 3249 ac
433 3214 616 3248 mensurnas
640 3215 816 3249 divisiones
843 3216 878 3249 in
905 3214 1016 3249 medio
1042 3216 1129 3250 Gen·
1187 3227 1228 3249 ex
1263 3218 1376 3259 quavis
1401 3217 1462 3251 alia
1490 3217 1638 3250 fidelium
1675 3217 1846 3253 oblatione
1886 3221 2065 3264 Episcopus

253 3265 361 3301 tilium
389 3264 650 3309 persecutionum
673 3265 749 3300 aestu
775 3265 868 3300 fuisse
888 3264 1030 3300 omnino
1056 3278 1126 3301 mo·
1189 3264 1326 3300 habebat
1350 3277 1472 3308 partem
1495 3267 1660 3309 duplicem
1676 3293 1683 3300 .
1711 3270 1752 3303 Et
1766 3270 1863 3303 istum
1887 3272 1948 3305 este
1976 3269 2065 3314 Apo-

253 3316 361 3350 dicas.
1191 3315 1297 3349 stolici
1333 3317 1485 3351 Canonis
1524 3317 1696 3352 litteralem
1732 3320 1867 3363 scopum
1906 3346 1916 3361 ‚
1955 3319 2064 3354 Patres

304 3364 649 3404 NecsolaClericalis‚
678 3362 732 3398 sed
751 3364 849 3400 etiam
863 3365 1068 3409 Episcopalis
1081 3364 1127 3399 di·
1190 3364 1387 3401 unanimiter
1412 3369 1577 3401 affirmant
1603 3392 1610 3399 .
1648 3368 1754 3411 Lapso
1791 3369 1833 3403 ad
1861 3370 2063 3404 Montanum

256 3415 336 3456 risso
361 3426 399 3451 ac
419 3414 561 3459 sportula
582 3413 644 3449 fuit
667 3423 746 3448 tunc
774 3414 952 3451 admodum
975 3416 1125 3452 modica.
1194 3415 1405 3452 Tertulliano
1432 3416 1499 3453 sola
1512 3418 1737 3454 calumniandi
1759 3419 1864 3454 libido
1886 3419 1975 3452 aliud
2000 3430 2066 3461 per-

1905 3467 2015 3502 suasit.

2091 1631 2127 1662 C.'
2151 1640 2195 1667 ¹7.-

2090 2289 2177 2330 Epist.
2198 2297 2248 2324 61.
