2366 3756
400 172 468 219 74
538 157 957 204 N1coLA1

135 236 197 270 Fol.
229 244 288 273 ¹76-
311 250 457 277 ntorum
485 241 644 275 consensu
668 241 805 276 elestum
834 242 968 275 testatur
992 241 1108 277 Petrus
1131 238 1207 277 Cai-

311 292 433 328 dinalis
457 290 640 335 Episcopus
661 291 870 325 portuensis.
899 292 1013 340 Qare
1036 304 1091 336 per
1117 293 1211 329 Heu»

1029 161 1430 208 Secunnl

1502 160 2065 213 Pour1t=101s

1275 253 1363 286 copus
1387 249 1575 281 ordinandus
1597 270 1609 286 ,
1646 247 1745 279 nullus
1765 246 1875 290 dignus
1896 273 1907 289 ‚
1945 250 2026 290 quod
2048 256 2168 285 evenire

1275 307 1335 328 non
1357 298 1504 331 credimus
1520 321 1531 337 ‚
1552 302 1665 340 poterit
1688 301 1832 338 reperiri.
1860 300 1998 332 Primam
2021 306 2102 333 enim
2123 303 2170 335 illi

310 343 415 377 ticum
443 352 596 385 quartum
624 341 858 382 Imperatorem
883 342 1029 377 intrusus
1041 343 1208 388 Antipapa
1272 346 1450 387 reprobandi
1465 346 1539 389 sunt
1554 373 1565 388 ,
1591 357 1625 381 ut
1636 348 1731 390 aliqui
1744 346 1900 380 ‹Ie-alienis
1913 350 2048 391 Ecclesiis
2062 355 2166 385 merite

313 390 516 436 VVigbertus
536 392 604 423 fine
624 389 844 425 fundamento
869 394 902 425 in
935 393 1043 439 Regia
1065 394 1209 437 ejusdem
1270 396 1481 438 praeferantur
1502 422 1509 429 .
1537 399 1654 432 Habeat
1679 395 1878 440 unusquisque
1903 399 2082 434 Clericorum
2098 401 2167 446 suae

310 439 487 475 Guilielmi
512 438 661 475 Historia
687 439 774 475 dixit
798 442 833 477 in
855 443 1003 478 Romani
1033 444 1209 480 Pontificis

309 490 468 525 electione
486 486 675 533 sequendum
701 495 898 534 Imperator-'s
916 496 1079 539 judicium
1103 521 1114 538 ‚
1150 508 1208 530 non

310 540 524 581 lanistarum,
549 548 602 574 aut
624 541 790 584 Pellificum
811 547 1031 580 Romanorum.
1059 546 1207 581 Romani

307 591 399 627 enim
420 589 582 626 Pellifices
604 591 732 627 nullum
753 592 809 628 hic
821 593 1007 631 habuerunt
1017 597 1180 642 judicium
1196 622 1206 638 ,

306 641 362 676 sed
387 641 494 676 solum
518 640 738 687 gaudium&
759 645 1056 688 acclamationem.
1093 648 1205 697 Qern

305 703 434 727 morem
455 692 492 727 in
514 691 672 728 omnibus
692 694 775 730 olim
798 696 935 741 viguifl‘e
947 698 1098 734 Ecclesiis
1108 696 1204 743 posfit

306 742 403 777 facile
423 741 571 777 ostendi.
607 743 652 779 Et
673 742 754 782 hinc
777 746 928 783 infimam
950 748 1080 793 plebem
1094 750 1112 786 ὲ
1125 749 1205 784 dan-

304 792 350 826 do
366 792 406 827 in
427 793 607 829 electiones
632 797 795 832 consensu
808 798 990 835 excludunt
1000 801 1103 836 etiam
1114 800 1203 846 leges

302 841 513 886 Imperatoris
526 844 703 887 Iustiniani
716 872 724 880 .

352 893 404 929 Ita
424 895 490 929 fuit
510 896 611 941 usque
625 896 667 931 ad
688 896 926 935 Innocentium
941 900 1122 936 secundum
1135 926 1146 942 ‚
1159 901 1201 937 de

303 954 372 988 quo
396 941 496 979 habet
521 945 557 979 in
586 946 764 983 Caelestino
786 949 932 986 secundo
958 951 1042 986 liber
1062 951 1201 987 Pontifi-

298 995 403 1029 calis:
431 994 763 1040 caelesttnussecundus
779 1024 792 1041 ,
804 1003 905 1042 juxta
914 1002 1143 1043 constitutionem
1152 1008 1200 1036 ln·

300 1050 428 1079 nocentis
452 1048 674 1091 Predectfforis
694 1049 747 1093 fia·
769 1074 781 1090 ,
810 1063 872 1095 qua
886 1055 1016 1095 populus
1034 1057 1152 1087 omnine
1179 1056 1199 1087 ἆ

302 1096 456 1139 Pontfficis
479 1097 612 1132 elet‘lione
628 1100 808 1142 arcebatur,
828 1108 949 1145 primus
966 1103 1030 1146 fine
1056 1106 1126 1138 ullis
1146 1112 1199 1147 po-

297 1148 364 1191 pule·
377 1147 536 1193 suffiagits
547 1174 559 1191 ,
586 1149 654 1189 teste
665 1152 813 1194 onufrio,
836 1162 960 1196 propter
969 1157 1056 1190 civile
1068 1155 1176 1189 bellum
1187 1180 1196 1196 ‚

301 1198 382 1239 quod
402 1200 422 1230 ἃ
442 1202 589 1233 Romanis
612 1201 753 1235 Senatum
764 1202 912 1242 restituere
924 1203 1133 1250 satagentibus
1145 1211 1199 1238 tm·

301 1247 457 1289 minebat,
484 1250 630 1291 Pontifex
641 1261 760 1286 creatus
771 1252 825 1291 est.
858 1255 903 1289 Et
925 1253 992 1289 hoc
1014 1255 1059 1289 est
1078 1256 1197 1289 Decre-

302 1307 373 1331 tum
385 1321 397 1338 ,
423 1299 578 1333 adversus
597 1302 688 1344 quod
706 1301 876 1337 blateravit
888 1303 1063 1339 damnatus
1075 1305 1093 1338 ὲ
1107 1305 1197 1339 Con—

131 549 191 581 1⁵01.
221 559 286 586 115.

300 1346 468 1380 stamienfi
490 1349 631 1391 Synodo
652 1349 709 1382 hic
718 1351 856 1391 Joannis
868 1354 1012 1385 Wicleffi
1024 1354 1196 1386 articulus:

299 1395 415 1428 Elecha
437 1398 537 1438 Papae
559 1398 580 1428 ἃ
604 1397 822 1434 cardinalibus
841 1399 882 1440 es}
900 1407 958 1440 per
983 1402 1143 1437 Diabolum
1154 1395 1215 1437 ml

299 1444 437 1480 troduc‘la
456 1470 463 1477 .
504 1446 686 1482 Blateravir
709 1448 834 1483 Laicos
852 1450 871 1484 ὲ
895 1448 1010 1495 Papali
1035 1452 1198 1487 elestione

299 1496 395 1533 fuisse
418 1497 581 1538 perperam
607 1498 780 1533 exclusos.

351 1545 453 1589 Apud
476 1545 591 1581 Photii
614 1546 860 1583 Bibliothecam
871 1550 1006 1585 Sanetus
1031 1552 1196 1597 Eulogius

300 1594 490 1631 Patriarcha
511 1597 763 1634 Alexandrinus
776 1600 868 1641 refert
881 1606 1045 1639 Novatum
1055 1604 1110 1637 seu
1126 1604 1196 1638 No·

300 1647 471 1681 vatianum
485 1671 495 1687 ,
516 1650 651 1681 Cornelio
678 1650 839 1692 Pontifice‚
861 1654 1006 1686 Romana
1022 1653 1112 1696 furffe
1137 1657 1196 1686 Ec·

298 1696 388 1738 clefiae
400 1707 532 1731 creatum
551 1698 822 1740 Archidiaconum
847 1704 893 1735 ad
899 1714 987 1745 quem
998 1701 1096 1746 ipsum
1120 1706 1197 1736 Pon-

299 1748 423 1790 tificium
437 1773 446 1787 ,
468 1757 526 1791 pro
545 1752 612 1791 ejus
635 1759 776 1794 temporis
801 1764 900 1794 more,
927 1755 1078 1788 decedente
1097 1755 1194 1788 &vita

300 1799 462 1840 Pontifice‚
490 1799 680 1840 deferebatur
699 1826 706 1833 .
735 1801 980 1836 Archidiaconum
1003 1810 1084 1837 enim
1102 1802 1196 1847 succe.

298 1850 371 1882 dere
393 1851 511 1880 Summo
530 1851 684 1884 Sacerdoti
701 1851 854 1891 statutum
874 1860 940 1885 erat
955 1878 962 1884 .
991 1855 1099 1887 Veram
1120 1854 1197 1888 bunc

294 1897 436 1943 superbla
457 1898 644 1934 laborantem
666 1904 822 1935 Cornelius
844 1927 855 1942 ,
881 1904 916 1939 (ἣν
936 1908 1142 1939 imminentem
1164 1911 1196 1938 in

295 1947 385 1995 suam
405 1956 528 1982 mortem
551 1961 616 1984 cum
643 1953 813 1996 cognovzffi‘t
838 1977 848 1992 ‚
888 1953 1093 1992 Presbyterum
1118 1956 1196 1989 ordl-

302 2008 359 2033 nat
371 2024 381 2040 ,
408 2010 506 2032 omnes
518 1999 560 2042 fic
577 2001 626 2034 illi
644 2004 689 2034 ad
691 2002 866 2046 supremam
878 2003 1070 2037 cathedram
1087 2013 1195 2047 perve·

299 2052 406 2085 mendi
434 2048 504 2093 spes
520 2052 693 2093 praeeidens
714 2078 721 2085 .
759 2053 864 2101 Qod
886 2054 991 2097 ipsum
1017 2055 1134 2098 repetit
1162 2056 1196 2088 in

125 2110 186 2145 fib,
212 2115 276 2144 220,
299 2100 370 2134 alio
394 2098 536 2143 ejusdem
558 2101 775 2139 Bibliothecae
799 2102 883 2136 libro
908 2127 919 2142 ,
955 2104 1082 2138 addens
1111 2103 1196 2138 hanc

298 2149 393 2184 fuisse
415 2150 594 2192 palmarem
614 2151 757 2184 radicem
773 2151 1030 2185 Novatianensis
1042 2152 1199 2187 Schisma-

299 2200 356 2233 tis.
388 2198 607 2232 Ecclefiarum
628 2197 918 2240 Archidiaconos,
946 2199 1027 2237 dum
1052 2201 1136 2236 olim
1157 2202 1196 2235 in

299 2247 511 2290 Presbyteros
531 2248 627 2282 inviti
639 2258 929 2292 promoverentur,
955 2251 1048 2284 fuisse
1074 2252 1197 2295 gravis·

301 2298 381 2333 sime
400 2298 598 2342 conquestos
616 2324 628 2340 ,
654 2299 689 2332 &
709 2301 773 2334 sese
797 2298 857 2339 sub
882 2296 1018 2334 honoris
1040 2301 1120 2334 fuco
1144 2300 1197 2335 de-

302 2347 430 2395 gradari
454 2350 667 2393 protestatos,
696 2350 787 2394 plura
798 2350 1100 2394 docentexempla.
1132 2350 1196 2384 Ve-

303 2400 376 2434 rum
401 2398 491 2444 quod
514 2400 586 2444 ipsis
617 2400 651 2435 in
672 2399 829 2435 Romana
851 2400 903 2434 vel
928 2400 994 2435 alia
1011 2401 1126 2443 quavis
1138 2401 1197 2435 Ec-

302 2450 396 2485 clesia
418 2450 622 2496 Episcopalis
645 2452 798 2486 succeffio
808 2463 849 2485 ex
862 2452 994 2485 statuto
1006 2452 1058 2486 vel
1067 2452 1197 2486 consue-

303 2500 424 2536 tudine
444 2501 632 2543 deberetur,
660 2501 794 2538 sanstus
816 2501 982 2546 Eulogius
1011 2499 1199 2537 finefunda-

306 2562 423 2588 mento
445 2553 603 2588 affirmat,
643 2553 755 2587 Etiam
779 2552 963 2589 Novatiani
987 2552 1023 2586 in
1045 2553 1197 2590 Romana

307 2601 452 2637 Ecclesia
473 2602 776 2638 Archidiaconatus
800 2605 899 2639 nullo
910 2602 1103 2638 authentico
1116 2603 1199 2638 testi·

306 2653 426 2688 monio
439 2653 535 2697 possit
555 2653 704 2688 ostendi.
733 2654 777 2688 Et
790 2654 983 2698 neutiquam
996 2654 1106 2689 Sancti
1118 2654 1197 2688 Cor·

307 2703 413 2744 nelii,
435 2704 487 2738 sed
516 2705 624 2739 Sanffl
648 2705 862 2740 Fabianifuit
875 2703 1070 2748 Presbyter.-
1097 2704 1200 2739 Com-

307 2751 483 2796 Presbyter
503 2755 612 2788 Sancti
635 2754 807 2795 Cornelii,
832 2756 972 2800 ideoque
991 2755 1026 2789 ὅ(
1047 2755 1081 2790 in
1095 2755 1199 2799 ipsum

309 2802 469 2838 conflavit
493 2802 659 2837 Schisma.

359 2850 547 2895 Antiquam
558 2851 704 2896 eligendi
718 2853 870 2899 Episcopi
885 2857 1025 2890 formam
1040 2854 1150 2890 laudat
1166 2855 1199 2889 in

308 2901 477 2935 litterisad
500 2901 675 2936 fastionern
705 2902 924 2939 Eusebianam
939 2905 1074 2940 Sanstus
1100 2906 1202 2951 Julius

311 2950 473 2986 Pontifex
486 2977 497 2993 ,
524 2952 663 2998 Georgii
677 2953 1110 2998 Cappadocisintrufionem
1126 2957 1203 2990 Ale-

308 3001 506 3038 xandrinam
517 3002 678 3038 damnans
689 3005 737 3038 uti
761 3005 927 3040 adversam
953 3005 1085 3040 Canoni
1112 3006 1201 3050 Apo-

308 3051 430 3087 stolico
441 3075 452 3092 ,
477 3064 547 3087 non
559 3053 664 3090 solum
680 3055 771 3098 quod
784 3057 865 3089 fasta
879 3066 935 3099 per
947 3055 1122 3091 militarem
1135 3058 1204 3091 vi0›

311 3101 469 3144 lentiam,
498 3102 659 3139 sedetiam
671 3105 761 3149 quod
778 3106 846 3150 ipse
856 3104 898 3142 ab
910 3105 1049 3141 Ecclesia
1073 3107 1131 3141 ista
1159 3109 1202 3142 es·

311 3152 540 3188 setextraneus
559 3154 595 3189 ὅ(
615 3156 823 3200 peregrinus.
851 3156 956 3204 Qod
984 3158 1102 3192 vitium
1129 3157 1201 3192 Par-

311 3205 494 3245 menian0‚
520 3203 770 3250 Carthaginensi
797 3206 1046 3241 Donatistarum
1074 3209 1199 3242 Prima-

312 3253 364 3295 ti,
389 3253 504 3297 objicit
515 3253 593 3289 item
603 3256 736 3290 Sanctus
748 3258 892 3301 Optatus
904 3257 1082 3302 Episcopus
1101 3259 1199 3293 Mile-

313 3304 465 3339 vitanus.
493 3305 676 3343 Rationem
687 3306 742 3341 dat
756 3307 918 3341 inlitteris
939 3309 980 3342 ad
1003 3309 1198 3344 Viennensis

311 3365 353 3391 ac
363 3354 585 3390 Narbonensis
595 3355 845 3391 Provinciarum
858 3357 1040 3403 Episcopos
1054 3360 1197 3395 Caelesti-

315 3416 379 3439 nus
391 3406 532 3450 primus:
559 3409 642 3440 Tunc
655 3408 732 3442 alter
743 3409 780 3442 de
791 3409 890 3442 altera
901 3409 1064 3454 Episcopus
1074 3412 1199 3455 eligatur

315 3454 442 3498 Ecclefia
452 3481 464 3500 ‚
484 3455 558 3501 fide
570 3461 721 3495 civitatis
732 3457 819 3503 ipfius
831 3460 956 3496 clericis
970 3485 981 3503 ‚
1007 3467 1053 3496 cut
1063 3461 1099 3503 est
1111 3458 1199 3505 Epis-

120 1416 186 1448 Art.
214 1425 262 1450 4c.
282 1436 284 1438 -

120 1645 183 1679 Lib.
209 1652 278 1679 282.

138 3381 216 3420 Cap.
243 3388 272 3417 5.

1266 446 1404 488 frublum
1425 449 1542 483 militie
1567 455 1601 483 tn
1611 447 1738 490 Ecclefia
1753 472 1763 487 ‚
1783 455 1816 480 in
1829 460 1890 491 qua
1898 445 1988 491 suam
1995 459 2050 492 per
2065 458 2167 486 omnia

1272 507 1342 530 tran
1358 503 1418 542 egtt
1442 508 1564 534 aetatem
1585 525 1593 533 .
1621 504 1658 533 In
1680 499 1779 533 aliena
1790 497 1945 541 stipendia
1972 503 2095 536 minime
2121 504 2169 536 al-

1271 556 1316 581 ter
1342 548 1465 591 obrepat
1486 575 1497 591 ,
1534 561 1586 584 nec
1622 551 1677 583 alti
1705 549 1840 581 debitam
1859 549 1916 591 fibi
1942 552 2020 583 alter
2057 552 2166 586 audiat

1270 600 1426 633 vindicare
1451 602 1632 635 mercedem.
1659 602 1706 633 sit
1725 598 1863 641 facultas
1889 601 2015 634 clericis
2029 610 2167 636 reniten-

1270 650 1321 690 dt',
1341 647 1371 690 fi
1385 648 1419 693 se
1445 652 1579 684 viderint
1601 655 1818 696 praegravart.
1846 653 1894 683 Et
1921 663 1998 694 quos
2002 651 2058 693 fibi
2069 658 2167 698 ingeri

1269 711 1307 733 ex
1327 698 1500 744 transverso
1524 708 1705 745 agnoverint
1727 726 1738 742 ,
1764 712 1823 734 non
1850 705 1978 734 timeant
2003 702 2162 744 refutare.

1268 750 1372 798 Qod
1398 752 1579 787 Decretum
1606 753 1642 788 in
1670 753 1734 786 suis
1761 752 1801 785 ad
1830 750 1988 785 carolum
2017 752 2164 788 Calvum

1268 799 1472 836 Francorum
1499 802 1626 849 Regem
1649 828 1659 844 ,
1686 801 1805 847 quibus
1832 802 2014 846 Egilonem
2040 803 2166 837 Mona-

1267 850 1366 886 chum
1393 852 1543 888 Ecclefiae
1568 853 1747 888 Senonensi
1787 853 1998 887 confirmavit
2026 852 2168 887 Archie-

1268 902 1461 948 piscopum,
1487 903 1604 940 litteris
1629 903 1763 942 laudat,
1787 902 1879 938 dolet
1906 914 1974 937 non
1996 904 2166 939 servariin

1267 952 1376 987 Gallia
1388 978 1400 994 ‚
1424 966 1463 988 ac
1483 953 1636 998 deinceps
1647 953 1840 988 servandum
1853 951 1988 988 mandat
2001 954 2166 988 Nicolaus

1265 1004 1388 1046 primus
1400 1028 1408 1036 .
1436 1004 1593 1049 Egilonis
1605 1003 1759 1039 laudibus
1771 1015 1809 1038 ac
1819 1004 1997 1038 virtutibus
2019 1015 2166 1049 congau-

1264 1053 1343 1095 det,
1369 1064 1403 1089 at
1423 1054 1517 1089 dolet
1528 1055 1628 1092 'illurn
1644 1056 1863 1095 Senonenfis,
1891 1055 1943 1089 cui
1956 1054 2018 1088 viri
2030 1055 2166 1098 Episco-

1265 1114 1344 1147 patu
1367 1103 1463 1149 digni
1484 1103 1621 1140 defuisse
1641 1116 1712 1139 non
1736 1105 1857 1150 poffint
1882 1129 1892 1145 ‚
1917 1104 2071 1140 Ecclesiae
2092 1115 2165 1139 non

1264 1153 1357 1191 fuisse
1369 1155 1494 1192 filium.
1522 1156 1566 1190 Et
1577 1154 1657 1192 hinc
1677 1155 1921 1195 Hincmarum,
1945 1155 2055 1193 Sanffl
2080 1156 2166 1190 Dio·
2184 1143 2235 1179 Ep.
2266 1149 2313 1179 5⁴·

1262 1204 1347 1249 nyfii
1376 1207 1476 1250 prope
1497 1204 1638 1241 Parisios
1648 1205 1863 1242 Monachum
1875 1230 1886 1246 ‚
1913 1207 1932 1240 *a
1946 1206 2167 1249 Comprovin-
2185 1191 2231 1218 55·

1263 1255 1402 1291 cialibus
1422 1255 1594 1303 Episcopis
1615 1257 1649 1291 &
1662 1255 1836 1290 Remensis
1848 1255 1996 1292 Ecclesiae
2009 1255 2111 1290 Clero
2125 1266 2165 1291 ac

1264 1305 1389 1348 populo
1414 1306 1618 1350 postulatum
1635 1305 1932 1349 Archiepiscopum
1949 1329 1960 1345 ,
1985 1316 2166 1350 antequam

1261 1355 1437 1397 eligeretur
1448 1379 1459 1395 ,
1486 1356 1582 1389 fuisse
1600 1357 1744 1391 *laudatae
1755 1355 1907 1392 Ecclefiae
1918 1356 2167 1391 incardinatum

1263 1403 1429 1437 affirmant
1451 1401 1536 1438 Asta
1557 1402 1689 1446 synodi
1711 1404 1902 1438 Trecenfis.
1928 1405 2040 1440 Etiam
2063 1406 2168 1441 Colo-

1266 1452 1371 1487 niensi
1396 1465 1437 1488 ac
1459 1452 1649 1488 Trevirensi
1663 1476 1674 1492 ‚
1701 1464 1840 1497 quarum
1866 1452 2051 1499 Episcopos
2073 1455 2171 1492 Gun-

1260 1500 1404 1538 tharsum
1429 1503 1465 1536 δε
1488 1500 1730 1547 Thetgaudum
1755 1503 1948 1547 degradarat
1973 1528 1984 1543 ,
2014 1505 2168 1540 Ecclefiis

1259 1562 1366 1586 novos
1389 1564 1430 1587 ex
1452 1552 1593 1597 propriis
1612 1552 1690 1586 filiis
1711 1551 1793 1597 eligi
1821 1551 1976 1589 laudatus
2001 1553 2165 1590 Nicolaus

1257 1602 1367 1646 juffit.
1394 1601 1487 1646 Juffit
1515 1613 1557 1636 ex
1580 1602 1751 1638 Ludovici
1774 1602 1986 1646 Imperatoris
1998 1604 2170 1650 Capitula-

1262 1651 1372 1694 ribus,
1397 1652 1455 1694 qui
1479 1651 1664 1692 Gallicanae
1691 1652 1842 1688 Ecclesiae
1853 1653 2045 1689 Canonicas
2074 1653 2166 1699 Epis-

1259 1714 1420 1746 copotum
1442 1702 1621 1738 elestiones
1641 1702 1816 1738 restituens
1836 1703 1965 1739 addidit
1990 1717 2003 1738 .-
2029 1707 2078 1739 De
2098 1713 2168 1747 pro-

1255 1758 1330 1796 pria
1353 1751 1477 1811 ΒΨ
1486 1754 1641 1797 eligantur
1655 1778 1663 1786 .
1692 1753 1737 1789 Et
1760 1754 1803 1789 ad
1826 1752 2044 1790 Gennadium
2074 1749 2236 1788 Con-Tit·
2264 1759 2292 1781 ¹·

1259 1803 1592 1847 stantinopolitanum
1633 1804 1838 1848 Episcopum
1878 1804 1998 1848 scripsit
2029 1805 2166 1839 Sanctus
2178 1799 2205 1822 ς·
2226 1794 2278 1827 ⁸⁴·

1259 1854 1330 1892 Leo
1351 1853 1520 1898 Magnus:
1547 1856 1678 1888 Enitere
1691 1878 1702 1894 ‚
1722 1852 1827 1895 frater
1846 1877 1857 1895 ‚
1881 1863 1915 1887 ut
1942 1854 2165 1889 Alexandrinis

1258 1915 1296 1937 ex
1309 1904 1395 1936 ctera
1410 1903 1460 1946 suo
1483 1904 1655 1939 catholicus
1678 1902 1847 1947 Episcopus
1866 1902 2030 1947 secundam
2052 1916 2164 1940 morem

1259 1962 1388 1987 veterem
1398 1952 1577 1997 consecretur
1591 1981 1598 1990 .
1626 1955 1735 1990 Sancti
1747 1953 1914 1990 Caelestini
1927 1955 2112 1989 Decretum
2125 1955 2162 1988 in

1259 1999 1316 2038 sua
1339 2003 1495 2038 Romana
1518 2005 1659 2047 Synodo
1682 2003 1829 2039 laudavit
1856 2003 1958 2038 etiam
1970 2016 2007 2038 ac
2022 2004 2163 2039 innova-

1259 2055 1307 2089 vit
1331 2053 1505 2098 Eugenius
1530 2053 1711 2094 secundus,
1737 2054 1773 2088 &
1801 2051 1954 2088 addidit:
1980 2053 2161 2098 ,Qubdfiin

1259 2105 1363 2137 eadem
1387 2104 1517 2145 Ecclesia
1540 2107 1652 2148 dtgnus
1677 2115 1734 2138 non
1758 2110 1937 2140 inveniatur
1951 2129 1964 2146 ,
1988 2113 2061 2137 tunc
2079 2106 2160 2139 alter
2175 2097 2250 2137 0²1²·
2277 2106 2305 2135 5·

1260 2155 1299 2184 de
1319 2154 1417 2185 altera
1428 2155 1572 2195 eligatur.
1601 2154 1706 2202 Qod
1720 2154 1826 2199 ipsum
1838 2155 1873 2188 in
1887 2154 1985 2188 variis
1999 2154 2161 2198 Epistolis

1259 2201 1347 2244 juffit
1370 2201 1552 2246 Gregorius
1578 2202 1744 2246 Magnus.
1773 2204 1818 2236 Et
1839 2203 2161 2248 Sanitilgnatiieje·

1260 2252 1370 2287 stione
1391 2263 1432 2284 ac
1453 2249 1569 2285 Photii
1585 2251 1766 2287 intrusione
1778 2251 1981 2288 devastatam
1993 2251 2159 2289 Constan-

1261 2300 1524 2343 tinopolitanam
1547 2300 1727 2334 Ecclesiam
1750 2310 1956 2343 reparaturus
1968 2302 2060 2336 idem
2072 2303 2164 2338 Pon-

1261 2350 1343 2384 tifex
1365 2349 1550 2388 Nicolms,
1577 2347 1779 2383 Michaelern
1799 2350 2032 2393 Imperatorem
2051 2349 2160 2388 horta-

1264 2410 1340 2439 tur,
1365 2407 1400 2432 ut
1421 2400 1497 2434 tales
1522 2401 1602 2433 alere
1622 2404 1703 2432 omni
1724 2399 1876 2442 Reltgione
1898 2402 2029 2435 eruditos
2038 2402 2159 2441 studeat

1265 2457 1350 2485 viros
1360 2474 1371 2491 ‚
1398 2456 1451 2492 qui
1463 2451 1508 2482 ad
1516 2448 1654 2483 honorem
1668 2451 1818 2482 Cardtntc
1832 2449 1922 2491 ipsius
1931 2452 2050 2485 5:121&ae
2060 2453 2159 2487 Eccle-

1257 2499 1332 2542 fiae,
1359 2498 1544 2543 Praesulibus
1562 2498 1630 2542 suls
1654 2506 1778 2532 mortuis
1795 2525 1806 2538 ‚
1833 2501 1885 2534 vel
1895 2501 2023 2543 quolibet
2043 2501 2112 2544 casu
2122 2513 2159 2537 ae
2175 2481 2242 2516 Λᾶ·
2261 2494 2292 2522 4'

1262 2551 1348 2584 modo
1369 2549 1602 2591 decedentibus,
1629 2551 1756 2583 valeant
1772 2548 1930 2593 subrogari
1948 2575 1960 2591 ,
1998 2553 2080 2594 quod
2098 2564 2158 2587 non

1257 2599 1353 2644 fhlt'cm
1378 2606 1411 2633 in
1432 2608 1518 2633 tanto
1541 2599 1756 2633 Patri-arebam
1777 2598 1932 2642 observari
1951 2603 2069 2634 omnin&
2106 2603 2159 2636 de-

1261 2650 1333 2692 bet,
1355 2651 1460 2684 versem
1477 2657 1571 2685 ettam
1596 2656 1629 2683 in
1652 2647 1775 2694 fingulis
1801 2649 1962 2694 quibusque
1979 2652 2158 2686 civitatibus

1261 2714 1299 2735 ex
1322 2699 1530 2744 consuetudine
1554 2704 1707 2734 canonica
1721 2724 1732 2740 ,
1757 2712 1868 2744 magna
1893 2713 1959 2734 cum
1972 2704 2089 2736 cautela
2093 2702 2159 2746 ser·

1261 2762 1355 2787 vatur
1377 2753 1412 2785 (τ
1435 2750 1608 2791 custoditur.
1638 2750 1753 2784 Exstat
1778 2751 1927 2794 Epistola
1954 2752 1990 2785 in
2011 2753 2088 2787 affis
2098 2753 2158 2797 Sy-

1264 2802 1344 2836 nodi
1367 2804 1508 2837 offitavae.
1536 2800 1639 2847 Qod
1667 2801 1772 2844 ipsum
1799 2825 1810 2841 ‚
1831 2800 2047 2846 degradatum
2070 2802 2158 2838 Pho-

1261 2853 1345 2887 tium
1369 2862 1519 2896 reparans
1544 2864 1582 2886 ac
1607 2851 1798 2891 restituens,
1826 2851 2158 2896 juffitJoannesoffl-

1262 2914 1320 2937 vus
1333 2915 1344 2936 .·
1372 2906 1583 2941 Decerm'mus,
1609 2901 1712 2943 utsspost
1724 2901 1814 2943 hujus
1828 2902 2017 2936 Patriarcbae
2041 2903 2156 2937 obitum

1261 2953 1361 2987 nullus
1374 2955 1411 2987 de
1425 2957 1525 2986 Laicis
1536 2953 1588 2986 vel
1597 2947 1771 2989 curialibus
1795 2958 1828 2985 in
1850 2953 2084 2987 Patriarcbatus
2105 2954 2156 2988 el}-

1257 3013 1351 3048 gatur
1372 3005 1407 3037 &⁴
1428 3001 1606 3046 consecretur
1623 3002 1730 3036 bonore
1750 3028 1761 3044 ‚
1798 3002 1856 3044 nisi
1873 3004 1910 3036 de
1932 3003 2156 3038 cardinalibus

1264 3055 1448 3093 Presbyteris
1471 3054 1505 3087 (Ὗ
1530 3057 1672 3086 Diaconis
1694 3053 2031 3095 Constantinopolitanae
2045 3052 2129 3097 sedis
2141 3077 2155 3094 ,

1257 3104 1421 3149 secundam
1437 3102 1537 3147 sacros
1561 3107 1701 3137 Canones
1723 3106 1837 3146 spiritu
1857 3109 1916 3138 Dei
1938 3106 2091 3144 conditos,
2118 3104 2155 3138 Θ

1260 3161 1350 3189 totius
1371 3155 1478 3188 mundi
1499 3160 1672 3188 reverentia
1690 3153 1867 3197 consecratos
1894 3179 1902 3186 .
1937 3154 1981 3187 Et
2001 3152 2155 3188 adversus

1262 3205 1542 3246 Constantinum,
1572 3205 1630 3248 qui
1652 3216 1694 3238 ex
1717 3205 1823 3240 Laico
1844 3204 2003 3239 Pontifex
2025 3202 2155 3239 intrudi

1264 3257 1525 3300 praesumpserat,
1550 3254 1660 3289 statuit
1685 3256 1719 3289 in
1748 3256 1902 3290 Romana
1928 3254 1984 3288 fila
2012 3253 2154 3297 Synodo

1263 3304 1443 3350 Stephanus
1461 3315 1592 3350 quartus
1605 3319 1615 3339 .·
1641 3305 1800 3348 Oportebat
1819 3314 1853 3338 ut
1874 3304 1937 3338 baec
1949 3302 2154 3347 Sacro-sanc&

1267 3360 1396 3393 Domina
1417 3355 1512 3398 nostra
1528 3359 1663 3389 Romana
1681 3354 1824 3396 Ecclefia,
1844 3356 1944 3395 juxta
1965 3354 2154 3399 quodaeibea-

1265 3418 1293 3442 to
1306 3410 1393 3441 Petro
1406 3408 1512 3447 &ejus
1527 3406 1727 3450 successoribus
1740 3404 1907 3447 institutum
1918 3405 1957 3446 est
1968 3429 1979 3446 ,
2005 3406 2064 3439 rite
2075 3406 2154 3437 ord}-

1264 3466 1409 3501 naretur‚
1435 3459 1512 3494 &in
1525 3457 1706 3502 Apoaolatus
1714 3457 1827 3492 culmen
1836 3466 1913 3490 unus
1938 3456 1976 3491 de
2001 3456 2154 3540 cadina-

1369 3531 1373 3533 .
2039 3511 2048 3538 ὶ
2068 3515 2104 3539 us

2179 1983 2228 2020 Ep·
2258 1992 2326 2018 100·
