2366 3756
35 365 130 409 ⁴Epist.
153 378 180 405 ⁷·

48 816 101 853 Ep.

135 824 176 853 13.

805 163 1298 209 chrnrus.

213 250 293 286 fasta
302 247 344 284 ad
357 248 455 292 seper
472 246 667 293 Perigenem
688 244 941 282 Corinthiorum
968 245 1093 280 Metro-

212 300 350 345 politam
361 297 519 334 relatione
531 295 652 341 scripsit
671 296 714 332 ad
735 296 862 331 Rufum
886 295 1094 330 Thessaloni·

212 350 341 385 censem
362 350 455 384 suum
473 348 645 384 Vicarium
664 348 798 381 Sanetus
820 345 1011 380 Bonifacius
1031 346 1092 389 pri-

212 411 286 436 mus
300 413 307 433 :
325 401 473 434 Nolumus
483 397 655 442 Coepiscopo
665 399 803 440 Perigem
814 395 941 437 nostram
951 401 1094 440 paginam

213 451 382 493 destinare,
404 447 579 493 priusquam
587 457 655 482 tuas
666 452 844 489 accipiamus
855 445 986 489 epistolas
999 471 1006 477 .
1033 445 1095 479 Per

215 501 347 535 nullum
374 500 500 544 Jllyrici
522 497 774 541 Metropolitam
793 521 806 538 ,
832 496 884 532 sed
908 507 964 539 per
989 495 1094 530 solum

216 552 312 585 suum
332 550 403 584 istic
425 549 596 584 Vicarium
614 548 670 583 fibi
692 546 800 581 voluit
819 547 928 582 referri
949 571 957 579 .
995 544 1053 589 Ipsi
1080 545 1098 578 a

218 600 344 635 cunais
364 599 432 634 illic
454 599 623 643 Episcopis
643 595 766 632 obediri
781 621 793 638 ‚
818 596 887 630 fine
905 596 973 639 ejus
986 594 1099 640 praevia

218 650 472 685 confirmatione
507 649 635 684 nullum
660 647 840 682 consecrari
879 646 1100 690 Episcopum,

218 699 345 734 nullam
371 699 442 735 fieri
467 698 707 734 Provincialem
733 695 907 741 Synodum
943 697 1009 730 fine
1034 695 1101 738 ejus

218 750 395 792 facultate,
420 749 460 784 ad
482 750 587 794 ipsum
598 748 705 783 referri
732 747 885 781 &canitis
904 745 990 788 juffit
1002 746 1102 780 etiam

219 801 413 836 Caelestinus
431 800 575 845 primus,
603 808 699 842 atque
720 795 869 840 adjunxit
893 810 901 829 z
942 798 1001 830 Per
1037 806 1104 828 eum

219 856 314 886 etiam
328 853 374 884 ad
382 861 455 889 nos,
476 848 650 892 fiquidest,
674 847 822 889 reseratur
838 872 845 878 .
873 846 977 894 Qod
1003 845 1104 888 ipsum

221 901 258 935 in
279 900 394 934 litteris
414 899 454 933 ad
476 898 617 942 ejusdem
640 898 795 932 Dioecefis
820 896 998 940 Episcopos
1013 919 1023 935 ‚
1050 905 1106 927 nu-

222 961 279 996 per
301 948 475 993 publicatis
499 960 554 993 per
574 948 823 983 lllustriffimum
838 947 964 980 Lucam
978 943 1106 978 Holste-

224 1000 341 1039 nium,
367 999 477 1033 Sixtus
503 998 619 1033 tertius
644 997 869 1032 confirmavit.
894 994 1043 1028 Eandem
1054 1004 1108 1036 po-

224 1050 370 1085 testatem
396 1049 475 1085 varii
507 1046 688 1081 Pontifices
713 1044 868 1079 dederunt
891 1044 949 1077 suo
973 1042 1109 1077 Vicario

225 1099 425 1135 Arelatensi.
452 1098 497 1132 Et
520 1096 656 1141 quidem
679 1097 777 1130 etiarn
797 1093 984 1127 Theodoro
1006 1093 1108 1127 Foro-

224 1150 350 1195 }uliensi
374 1149 537 1193 Episcopo
560 1145 751 1190 respondere
776 1154 846 1177 non
867 1142 1020 1176 debuerat
1046 1152 1110 1175 ma-

224 1210 314 1244 gnus
336 1200 427 1233 Leo:
455 1198 532 1232 Fuit
551 1196 710 1240 quaepiam
737 1193 772 1226 in
799 1191 1113 1235 Metropolitamin·

225 1250 306 1294 juria
329 1274 335 1280 .
363 1246 564 1295 Qaestionis
584 1245 724 1289 gravitas
735 1242 868 1277 extorsit
883 1241 1091 1284 Responsum
1104 1264 1114 1280 ‚

226 1301 261 1334 &
282 1297 390 1332 debita
405 1295 629 1339 Metropolitae
642 1293 816 1330 reverentia
828 1291 913 1337 jussit
935 1291 1039 1335 ipsum
1064 1290 1114 1325 illi

226 1347 485 1384 communicari.

278 1399 375 1433 Licet
396 1397 474 1442 ergo
500 1408 569 1432 non
579 1408 695 1432 omnes
707 1420 718 1437 ‚
744 1395 850 1440 plures
865 1403 975 1429 tamen
990 1403 1043 1437 per
1053 1391 1117 1425 Oc-

228 1449 394 1483 cidentem
412 1447 640 1492 Metropolitae
659 1446 700 1481 ad
724 1445 847 1489 Papam
859 1442 1047 1479 immediate
1062 1454 1120 1486 po-

228 1508 363 1535 tuerunt
372 1498 486 1532 referre
499 1522 506 1529 .
534 1498 623 1532 Dico
636 1522 648 1539 ,
674 1497 945 1530 Peroccidentem:
967 1493 1122 1528 Orienta-

229 1550 278 1583 les
308 1548 398 1583 enim
426 1548 647 1591 Metropolitae
672 1558 790 1587 omnes
816 1555 872 1580 aut
898 1541 1120 1578 Patriarcham

229 1597 417 1633 habuerunt
429 1622 441 1639 ,
467 1609 522 1633 aut
537 1596 793 1642 autocephalutn
803 1595 1004 1634 Primatem,
1031 1590 1120 1624 ideo-

229 1659 296 1692 que
330 1659 400 1682 non
427 1649 486 1681 nisi
522 1647 564 1682 ad
589 1649 676 1689 ipsos
700 1644 889 1679 immediate
924 1651 1119 1686 potuerunt.

229 1695 459 1732 Occidentalis
481 1694 620 1728 Ecclesia
643 1693 773 1728 nullum
782 1693 866 1727 olim
876 1691 1056 1726 Primatem
1069 1689 1123 1724 ha-

230 1746 306 1782 buit
328 1746 387 1779 nisi
407 1742 705 1788 Carthaginensem
726 1767 736 1783 ‚
767 1742 958 1784 nullumque
982 1740 1122 1784 Aposto-

231 1796 336 1830 licum
348 1794 518 1827 Vicariurn
537 1792 594 1826 nisi
620 1791 947 1826 Thessalonicensem
959 1803 996 1825 ac
1013 1789 1122 1825 Arela-

231 1846 359 1880 tensem
371 1867 381 1883 ,
407 1843 548 1886 ideoque
558 1842 666 1877 cuncti
678 1851 768 1876 extra
788 1841 847 1876 has
870 1842 1034 1876 Dioeceses
1053 1840 1125 1874 Me·

232 1895 401 1939 tropolitae
425 1893 466 1927 ad
489 1892 717 1937 Papam-olim
739 1890 886 1937 proxime
897 1891 1123 1934 referre&po-

233 1955 343 1981 terant
365 1945 399 1977 δε
424 1942 584 1977 debebant
597 1968 604 1975 .
632 1943 704 1978 Nec
715 1952 842 1978 tantum
854 1943 872 1976 ἐ
884 1941 946 1976 suis
957 1940 1102 1985 Synodis
1114 1961 1125 1977 ‚

231 1995 291 2030 sed
311 1994 442 2037 quoties
464 1994 557 2027 causa
580 1993 749 2037 exigebat.
777 1993 922 2026 Plurima
937 1990 1124 2025 suntistius-

229 2044 330 2082 modi
350 2043 499 2085 exempla
512 2067 520 2075 .
548 2042 591 2076 Et
609 2041 687 2077 hinc
700 2042 849 2087 intellige
880 2040 987 2076 Sansti
1001 2039 1125 2075 Leonis

234 2093 358 2139 Magni
381 2094 504 2126 litteras
524 2093 564 2125 ad
580 2092 761 2134 Episcopos
772 2091 970 2125 Viennensis
986 2090 1123 2121 Provin-

234 2144 314 2180 ciae:
342 2141 503 2184 Nobilium
524 2140 620 2179 vestra
643 2143 839 2172 Fraternitas
856 2134 1034 2180 recognoscat
1054 2137 1126 2177 Δρῦ-

233 2193 367 2234 ftomam
388 2191 508 2228 sedem,
532 2198 587 2231 pro
607 2187 657 2231 sici
668 2195 859 2228 reverentia,
883 2186 1023 2228 sivestrae
1033 2192 1126 2220 etiam
1140 2189 1147 2252 ³
1190 2187 1380 2231 tropolitam
1406 2186 1468 2221 effe
1495 2187 1732 2222 consulendum
1756 2214 1763 2220 .

1155 244 1268 280 vinciae
1289 244 1544 290 Metropolitas,
1562 244 1616 280 sed
1639 245 1754 280 referre
1774 245 1912 289 potuisse
1922 246 1963 281 ad
1973 246 2032 282 Pa·

1156 308 1259 340 pam.‹
1278 295 1317 329 In
1344 296 1459 330 litteris
1483 294 1630 331 adversus
1651 306 1804 340 nepotem
1824 296 1918 330 suum
1929 297 2038 331 Hinc-

1157 356 1263 380 marus
1283 345 1499 389 Metropolita
1526 346 1692 381 Remenfis
1715 346 1797 380 recte
1819 346 1909 380 addit
1920 345 1954 380 in
1967 357 2038 381 cau-

1157 396 1215 438 sis,
1239 407 1318 440 quas
1339 395 1489 430 adversus
1501 396 1753 441 Metropolitam
1764 405 1899 437 movet,
1929 407 2041 441 quem-

1160 447 1208 481 vis
1230 446 1466 480 provincialem
1487 445 1522 478 in
1542 446 1727 481 Occidente
1739 446 1939 490 Episcopum
1955 444 2043 490 posse

1160 497 1199 530 ad
1212 495 1408 531 Pontificem
1422 520 1433 536 ,
1453 495 1566 539 utpote
1578 497 1673 530 suum
1684 495 1903 531 patriarcham
1914 520 1925 537 ‚
1937 496 2044 541 proxi·
2065 512 2112 548 ΕΡ,
2131 518 2179 546 33·

1162 546 1213 580 me
1234 547 1348 580 referre
1361 572 1368 579 .
2065 561 2091 581 c.
2114 550 2139 580 ὅ.

1210 595 1372 643 Qaedam
1393 596 1518 639 opponi
1536 596 1673 639 poffint.
1696 595 1831 631 Etenim
1840 595 1882 630 ad
1894 597 2045 631 Sanctum

1165 646 1367 689 Exuperium
1395 644 1551 679 Tholosae
1571 645 1771 689 Episcopum
1795 642 1906 682 scribit
1916 649 2047 681 Sanetus

1165 696 1379 730 Innocentius
1401 695 1550 737 primus.-
1576 695 1699 729 Dilefflo
1719 705 1795 736 tua,
1815 695 1985 735 Institutum
2006 694 2051 738 se-

1165 755 1232 780 cura
1251 746 1456 788 prudentum,
1476 745 1520 777 ad
1541 746 1645 777 Sedem
1658 745 1844 786 apostolicam
1865 746 1974 789 referre
1986 757 2052 778 ma-

1166 798 1240 837 luit,
1263 797 1337 839 quid
1361 796 1399 828 de
1420 792 1506 827 rebus
1532 794 1630 827 dubiis
1642 794 1778 834 custodire
1790 796 1907 829 deberet
1921 821 1931 836 ,
1951 797 2050 837 potitis

1168 849 1256 888 quam
1279 843 1464 889 usurpatione
1481 843 1691 887 pra-sumpta,
1715 855 1782 887 quae
1795 844 1849 885 fibi
1875 847 2052 878 viderentur

1169 897 1205 928 de
1226 894 1349 939 singulis
1359 895 1505 929 obtinere.
1529 893 1728 938 Exuperius,
1752 893 1828 929 licet
1839 893 2055 929 Provincialis

1170 944 1338 981 dumtaxat
1361 945 1560 988 Episcopus,
1590 943 1741 979 laudatur
1759 944 1800 978 ad
1824 943 1947 988 Papam
1971 956 2058 978 retu-

1171 995 1260 1035 liffe,
1283 995 1432 1038 adeoque
1452 993 1540 1028 hisce
1560 995 1661 1031 etiam
1684 995 1855 1038 Episcopis
1879 994 2007 1028 videtur
2022 991 2056 1027 id

1173 1044 1297 1077 licuisse
1318 1068 1324 1075 .
1360 1044 1415 1078 Ad
1438 1043 1578 1078 eundem
1600 1044 1679 1079 item
1702 1044 1903 1080 Pontificem
1929 1045 2060 1078 Decen-

1174 1093 1235 1128 tius
1258 1092 1474 1137 Eugubinus‚
1504 1095 1597 1127 Felix
1620 1094 1843 1135 Nucerianus,
1870 1095 1904 1128 <Sc
1926 1092 2059 1138 quidam

1177 1141 1306 1186 Apuliae
1328 1142 1479 1185 Episcopi
1506 1145 1703 1177 retulerunt.
1729 1144 1904 1188 Septimius
1927 1154 2062 1188 quoque
2086 1163 2136 1200 ΞΡ
2151 1164 2196 1197 35,

1177 1193 1308 1227 Altinas
1345 1191 1382 1228 in,
1403 1192 1617 1226 Venetiarum
1647 1191 1823 1227 Provincia
1844 1193 2024 1238 Episcopus
2048 1193 2068 1226 ὲ

1177 1243 1293 1277 sancio
1314 1242 1429 1276 Leone
1452 1241 1583 1285 Magno
1605 1242 1645 1276 de
1666 1243 1748 1276 fasta
1766 1241 1808 1276 ad
1847 1243 1955 1285 ipsum
1991 1243 2074 1275 rela-

1178 1293 1271 1327 tione
1304 1291 1470 1325 laudatur.
1492 1291 1535 1324 Et
1558 1290 1599 1325 ad
1612 1291 1866 1328 Theodoretum
1890 1292 2070 1335 Cyrensem

1179 1343 1211 1376 in
1237 1339 1445 1384 Euphratesia
1468 1339 1645 1375 Provincia
1668 1340 1865 1385 Episcopum
1885 1341 1926 1375 de
1952 1342 2073 1375 Nesto-

1179 1392 1218 1426 rii
1241 1392 1275 1425 &
1298 1390 1491 1434 Eutychetis
1516 1402 1570 1434 per
1590 1402 1724 1425 ornnem
1747 1390 1998 1426 Antiochenam
2011 1392 2073 1425 Pa-

1179 1440 1391 1477 triarchatum
1415 1440 1630 1486 graflantibus
1653 1440 1797 1483 reliquiis
1829 1441 1945 1485 scripsit
1983 1441 2072 1475 idem

1180 1492 1337 1526 Pontifex
1352 1507 1362 1524 .·
1385 1493 1469 1524 Unde
1491 1497 1524 1523 in
1546 1491 1597 1523 hoc
1622 1501 1732 1534 quoque
1753 1502 1815 1525 tuae
1835 1493 2008 1535 Vigilantiae
2016 1490 2076 1534 sol·

1180 1543 1335 1575 licieudine
1360 1541 1496 1573 volumus
1519 1541 1686 1580 adjuvari,
1711 1548 1744 1573 ut
1765 1548 1818 1573 tua
1841 1544 1985 1575 relatione
2011 1552 2077 1574 cur·

1182 1601 1265 1624 rente
1277 1615 1287 1631 ,
1307 1590 1385 1632 quid
1408 1589 1495 1631 apud
1512 1590 1575 1622 illos
1607 1590 1754 1633 religionis
1764 1589 1904 1622 doc‘lrina
1918 1594 2072 1624 Dominica

1180 1640 1315 1684 proficiat
1329 1665 1340 1680 ,
1362 1635 1548 1682 Apostolicam
1568 1640 1671 1673 Sedem
1686 1639 1808 1682 festines
1822 1641 2079 1684 instruere,-qua-

1184 1692 1272 1726 tensas
1288 1692 1368 1725 illius
1390 1696 1515 1735 regionis
1549 1692 1719 1724 Sacerdotes
1752 1692 1936 1732 adjuvemus
1961 1717 1968 1724 .
2002 1691 2076 1726 Nec

1184 1742 1299 1776 desunt
1322 1741 1384 1775 alia
1410 1740 1593 1783 hujusmodi
1618 1741 1787 1786 exempla.
1809 1741 2009 1786 Respondeo
2032 1751 2080 1776 ta-

1185 1804 1261 1826 men
1286 1791 1450 1836 Regulam
1476 1792 1618 1827 nostram
1646 1792 1708 1826 esse
1732 1802 1878 1832 certam,
1904 1804 1941 1825 ac
1966 1794 2001 1826 in
2025 1791 2078 1824 lit-

1185 1844 1262 1877 teris
1283 1843 1323 1876 ad
1347 1840 1492 1876 nobilem
1518 1842 1626 1876 virum
1651 1843 1822 1877 Senarium
1837 1840 1963 1876 laudari
1979 1841 2079 1877 eriam

1185 1894 1203 1927 a
1225 1894 1343 1927 Sans'to
1375 1893 1480 1927 Avito
1498 1891 1757 1936 Archiepiscopo
1774 1892 1974 1927 Viennensi:
2002 1895 2079 1924 Cum

1186 1944 1206 1973 ἃ
1231 1942 1471 1976 Provincialibus
1492 1949 1564 1977 meis
1592 1943 1720 1986 consulor
1746 1969 1756 1985 ,
1783 1943 1959 1987 respondere
1985 1950 2080 1976 etiam

1187 2003 1255 2035 ego,
1283 1997 1315 2026 ni
1339 1993 1492 2032 Priorem,
1519 1994 1711 2027 Romanum
1724 1994 1839 2037 utique
1854 1994 2054 2027 Pontificem
2070 2018 2082 2034 ,
2099 1977 2151 2015 EP'
2164 1979 2209 2013 36.

1187 2039 1331 2081 consulam
1355 2063 1367 2079 ,
1405 2053 1462 2074 non
1483 2040 1654 2084 praefiimo.
1699 2042 1807 2076 Etiam
1836 2044 1869 2075 in
1900 2044 2080 2085 quaestioni-

1189 2088 1266 2127 bus,
1293 2098 1373 2130 quas
1397 2088 1464 2130 ipse
1487 2100 1556 2122 non
1577 2090 1756 2132 intelligit,
1783 2093 1829 2125 ait
1847 2093 1865 2125 a
1892 2092 2084 2127 Provincia·

1188 2136 1272 2171 libus
1293 2137 1464 2181 Episcopis
1478 2161 1488 2177 ,
1516 2148 1584 2171 non
1606 2137 1807 2173 Pontificem
1830 2164 1841 2179 ,
1878 2142 1932 2174 sed
1959 2144 1990 2175 se
2012 2143 2083 2176 Me-

1810 2189 1853 2222 Et
1875 2188 1956 2224 hinc
1979 2192 2084 2234 Septi-

237 2244 410 2276 Provinciae
428 2238 653 2278 Sacerdotibus,
668 2244 840 2272 «innumeris
873 2237 1062 2271 relationibus
1074 2236 1145 2281 effe}
1190 2238 1294 2272 mium
1321 2236 1507 2272 Altinatem
1526 2238 1725 2280 Episcopum
1738 2263 1748 2278 ,
1775 2238 1933 2279 quoniam
1959 2242 2082 2284 pericu-

238 2289 421 2334 consultam.
450 2289 649 2332 Apostolicae
670 2288 760 2323 Sedis
773 2287 929 2331 Papalem
942 2286 1126 2321 Primatum

234 2339 390 2377 aei-versus
413 2338 537 2372 Hilarii
563 2337 760 2374 Arelatensis
787 2338 943 2381 Episcopi
981 2338 1126 2381 praesum-

236 2391 371 2435 ptiones
394 2387 527 2433 quidam
553 2388 743 2422 existimant
779 2387 944 2433 praedicari
966 2413 972 2419 .
1013 2386 1126 2421 Male.

238 2442 329 2475 Eum
350 2438 470 2483 quippe
491 2450 551 2473 nec
574 2438 743 2480 Hilarius,
770 2450 830 2473 nec
855 2437 940 2472 ullus
966 2448 1006 2471 eo
1027 2438 1128 2480 usque

235 2490 434 2525 Gallicanus
447 2488 624 2532 Episcopus
634 2489 898 2533 impugnaverat.
928 2486 1126 2528 Arelatensis

235 2539 394 2576 Ecclesiae
417 2539 450 2572 in
471 2538 603 2581 aliquot
626 2538 818 2573 Provincias
849 2537 1033 2572 Primatum
1060 2547 1126 2571 non

240 2589 374 2624 zozimi
387 2587 560 2623 Pontificis
578 2588 613 2621 in
637 2590 728 2624 suum
747 2587 993 2623 Antecerrorem
1016 2585 1126 2621 Patro·

239 2640 333 2675 cium
356 2637 519 2681 beneficio
529 2661 540 2676 ,
567 2636 622 2670 sed
633 2636 739 2672 Sansti
751 2636 943 2681 Trophymi
955 2637 1079 2671 meritis
1090 2649 1127 2671 ac

236 2687 453 2731 *Episcopatui
465 2686 519 2720 ille
529 2686 710 2730 adscripsit:
731 2687 823 2722 Huic
837 2683 1021 2722 Primatum
1035 2687 1127 2721 illum

242 2737 333 2773 dixit
345 2736 456 2771 datum
468 2737 485 2770 a
496 2737 612 2771 Sancto
624 2736 728 2772 Paulo
740 2735 903 2781 Apostolo
913 2762 924 2778 ,
950 2738 968 2770 a
986 2737 1127 2772 Zozimo

240 2788 420 2824 dumtaxat
440 2796 644 2828 reparatum,
671 2788 812 2831 ideoque
834 2786 985 2830 Apostoli
1003 2787 1127 2828 instituss

243 2838 375 2873 tionem
395 2837 412 2870 a
427 2836 544 2869 San&o
555 2837 668 2871 Leone
683 2848 750 2872 non
763 2838 851 2881 posse
861 2836 970 2871 cassari
984 2861 991 2868 .
1019 2837 1128 2881 Repo-

242 2888 311 2923 suit
328 2885 406 2920 vero
428 2884 586 2919 Pontifex
608 2886 800 2922 Viennensis
813 2887 1035 2921 &vicinarum
1049 2886 1128 2921 Pro-

250 2937 436 2972 vinciarum
458 2935 499 2969 ad
523 2935 747 2978 Apostolicam
772 2937 887 2971 Sedem
914 2937 1127 2975 Relationes‚

244 2998 318 3022 non
333 2998 388 3030 per
417 2984 640 3019 Arelatensem
663 2984 956 3034 Archiepiscopum
967 3012 978 3028 ,
1006 2987 1059 3021 se'd
1074 2998 1146 3035 per*

242 3036 397 3081 proprios
418 3035 652 3078 Metropolitas
672 3037 762 3072 fuisse
772 3038 865 3081 antea
877 3038 997 3080 semper
1008 3038 1128 3078 factas,

242 3086 387 3128 ideoque
410 3083 591 3119 Primatum
614 3085 710 3119 istum
735 3089 827 3122 fuisse
850 3088 1001 3132 ignotum
1025 3113 1030 3119 .
1069 3087 1125 3121 Fa-

245 3145 331 3172 tetur
351 3134 546 3168 Relationes
568 3134 723 3177 privative
742 3137 986 3172 adPrimatem
1012 3137 1126 3181 speeta-

245 3198 299 3227 re,
323 3194 423 3228 atque
441 3183 486 3218 ita
508 3184 633 3218 Hilarii
647 3187 888 3229 praetensionetn
908 3187 948 3222 ab
971 3187 1126 3222 anteriori

245 3235 464 3271 Ecclesiarum
499 3233 591 3277 praxi
624 3234 764 3270 subverti
788 3260 796 3268 .
834 3239 982 3286 Qisque
1013 3238 1127 3271 referre

246 3284 362 3321 debuit
382 3283 423 3318 ad
443 3285 536 3318 suum
564 3284 791 3320 immediatum
816 3286 985 3323 Praelatum
1012 3312 1018 3319 .
1045 3288 1127 3333 Qiae

247 3334 379 3381 Regula
402 3331 499 3369 docet
519 3344 688 3377 exemptos
709 3347 746 3369 ac
767 3336 843 3371 Sedi
856 3337 1054 3382 Apostolicae
1072 3337 1127 3370 im-

247 3382 389 3433 mediate
415 3382 570 3427 subjectos
596 3385 797 3429 Episcopos,
824 3398 893 3423 non
918 3388 960 3425 ad
981 3390 1041 3424 suae
1052 3387 1127 3422 Pro·

361 3433 467 3477 Christ.
474 3437 553 3478 Lupi
563 3438 768 3478 oper.Tom.V.

1189 2287 1356 2322 lofiffimos
1369 2285 1552 2330 Pelagianae
1564 2285 1687 2321 haerefis
1703 2288 1798 2322 dolos
1812 2290 1968 2324 referebat
1978 2316 1989 2331 ‚
2011 2291 2084 2325 lau-

1187 2336 1275 2372 davit
1295 2337 1429 2380 quidem
1452 2336 1599 2381 Magnus
1621 2339 1712 2379 Leo,
1738 2349 1881 2373 attamen
1908 2351 1976 2374 non
1998 2341 2054 2384 ipsi
2068 2365 2079 2381 ‚

1188 2388 1241 2423 sed
1263 2387 1331 2430 ejus
1341 2386 1565 2431 Metropolitae
1587 2388 1714 2423 Nicetae
1726 2389 1933 2433 Aquileiensi
1948 2391 2080 2435 Episco-

1190 2451 1232 2483 po
1246 2438 1403 2481 rescripsit
1415 2438 1505 2471 suum
1519 2438 1696 2473 Decretum
1714 2465 1720 2470 .
1748 2439 1917 2480 Praeterea,
1928 2452 1996 2474 non
2008 2451 2082 2476 tan-

1190 2490 1260 2523 tum
1273 2487 1369 2522 dolos
1382 2487 1459 2522 istos
1474 2513 1484 2528 ,
1511 2488 1563 2522 sed
1576 2489 1610 2522 δε
1625 2488 1703 2523 disti
1718 2490 1940 2534 Metropolitae
1968 2491 2013 2524 sui
2039 2491 2080 2525 de

1191 2537 1260 2581 ipsis
1281 2537 1522 2582 negligentiam
1535 2539 1712 2582 Septimius
1732 2541 1903 2576 retulerat.
1933 2539 2080 2575 Porro&

1190 2587 1384 2623 Nestoriana
1403 2612 1413 2626 ,
1450 2588 1484 2621 δε
1509 2588 1721 2631 Eutychiana
1747 2589 1873 2631 haerefi,
1900 2603 1938 2625 ac
1960 2590 2080 2625 exinde

1190 2638 1300 2672 multis
1325 2637 1560 2681 Episcoporum
1588 2639 1762 2674 discordiis
1794 2641 1964 2676 laborabat
1997 2651 2079 2675 tunc

1189 2687 1421 2723 Antiochenus
1442 2687 1680 2723 patriarchatus
1703 2715 1714 2730 ‚
1752 2690 1833 2724 varii
1854 2690 2079 2734 Metropolitae

1189 2748 1282 2773 erant
1307 2739 1546 2781 suspicionibus
1570 2739 1735 2779 obnoxii,
1763 2738 1999 2775 Theodoretus
2025 2752 2079 2774 au-

1190 2800 1255 2822 tem
1279 2791 1313 2822 in
1340 2787 1603 2823 Chalcedonensi
1627 2789 1786 2824 Concilio
1809 2793 1900 2824 suam
1924 2803 1984 2834 pro
2010 2790 2080 2823 Ro-

1193 2850 1288 2873 mana
1308 2837 1394 2877 fide,
1420 2839 1456 2873 &
1478 2838 1678 2882 Apostolicae
1689 2840 1780 2875 Sedis
1792 2841 1988 2875 auctoritate
2000 2851 2079 2874 con-

1188 2888 1344 2924 stantiam.
1364 2889 1534 2933 insigniter
1556 2891 1763 2930 ostenderat,
1791 2890 1950 2933 pleneque
1962 2901 2078 2933 purga-

1188 2950 1278 2973 verat
1299 2940 1393 2973 suum
1416 2940 1450 2972 in
1474 2937 1635 2983 Ephefina
1660 2940 1798 2983 Synodo
1811 2940 1954 2982 lapsum.
1981 2939 2077 2973 Hinc

1190 2988 1328 3024 haerefios
1349 2988 1435 3023 illius
1458 2988 1575 3023 statum
1597 2990 1631 3022 ὅ(
1654 3000 1782 3023 motum
1803 2986 1961 3029 rest-rendi
1985 2999 2078 3032 pote·

1190 3040 1303 3074 statem
1326 3039 1475 3073 laudatus
1487 3039 1645 3073 Pontifex
1657 3039 1705 3072 illi
1719 3039 1796 3073 fecit
1810 3064 1816 3071 .
1844 3037 1910 3073 Pro
1921 3039 2077 3084 singulari

1190 3090 1248 3124 ista
1270 3090 1406 3124 materia
1425 3100 1489 3122 erat
1517 3089 1652 3122 facultas
1676 3089 1905 3132 dispensatoria
1918 3101 1955 3123 ac
1969 3091 2078 3133 singu·

1190 3140 1282 3173 laris.
1307 3139 1497 3183 Eugubium
1515 3164 1525 3178 ‚
1549 3139 1690 3173 Nuceria
1704 3138 1851 3182 ‚Apulia
1864 3164 1875 3180 ,
1901 3138 2076 3180 Calabria,

1189 3189 1222 3222 &
1243 3189 1353 3222 omnis
1374 3189 1432 3223 ista
1458 3189 1551 3222 Italia
1576 3188 1705 3223 nullum
1727 3199 1808 3223 tunc
1837 3188 1976 3222 habebat
2003 3188 2075 3222 Me·

1190 3239 1403 3282 tropolitam,
1431 3240 1487 3272 nisi
1516 3240 1730 3273 Romanum.-
1758 3240 1852 3271 Hinc
1863 3238 1983 3281 praefati
1999 3237 2075 3280 Epi-

1192 3289 1277 3332 scopi
1297 3288 1337 3323 ad
1361 3288 1594 3323 Innocentium
1621 3290 1782 3332 primurn,
1809 3300 1877 3322 non
1889 3288 1941 3322 uti
1962 3287 2002 3322 ad
2017 3287 2075 3321 Pa-

1192 3351 1264 3382 pam
1285 3361 1295 3377 ‚
1332 3338 1382 3372 sed
1424 3340 1471 3373 uti
1495 3339 1534 3373 ad
1556 3338 1810 3382 Metropolitam
1833 3338 2010 3373 retulerunt
2037 3347 2074 3370 ac

1192 3390 1306 3423 referre
1329 3387 1528 3424 debuerunt.
1560 3390 1667 3423 ὃαηξὶί
1692 3388 1847 3433 Exuperii
1867 3387 1907 3423 ad
1930 3386 2073 3421 eundem

1573 3439 1600 3471 F
1626 3437 1645 3469 f
1937 3437 2024 3472 Pon-
