2366 3756
128 924 228 978 &Epist
257 935 281 965 5.

139 976 185 1003 9.]
196 976 219 996 ι.

399 137 497 179 232

330 205 475 241 nachum
488 229 499 245 ‚
526 202 567 237 ad
581 200 661 236 Eliae
673 200 813 240 Abbatis
837 215 944 248 preces
966 204 1000 236 in
1021 202 1211 239 Diaconum

330 253 530 292 consecravit
554 253 699 298 Magnus
720 254 918 298 Gregorius.
946 255 1052 290 Sansti
1070 254 1210 289 Martini

329 305 427 350 primi
440 315 587 347 ternpore
598 304 707 338 omnis
716 303 816 337 ferme
829 303 1056 340 Antiochenus
1083 315 1119 338 ac
1132 304 1168 337 H
1172 306 1212 338 ie-

329 354 586 396 rosolymitanus
606 351 848 390 patriarchatus
870 354 1022 400 gemebat
1046 352 1103 388 sub
1124 354 1211 388 Sara-

329 415 489 438 cenorum
499 403 725 447 Tyrannide,
752 405 930 449 miseraque
943 403 1109 441 laborabat
1134 404 1211 451 Epi-

328 456 503 499 scoporum
529 456 563 490 ὅ(
581 454 787 489 Clericorum
807 456 924 500 inopia
939 481 946 488 .
973 457 1067 490 Hinc
1089 455 1208 498 Joanni

327 503 565 550 philadelphia
593 505 680 549 apud
701 504 830 543 Arabes.
849 507 1014 551 Episcopo
1041 506 1111 540 suas
1138 505 1209 540 istic

325 555 414 590 vices
425 555 590 602 delegavit
601 555 752 591 laudatus
773 555 954 598 Pontifex,
981 556 1123 604 fecitque
1144 556 1209 599 ple-

327 617 405 640 nam
432 606 625 650 potestatem
645 616 716 641 non
746 605 854 642 solum
875 607 1025 644 Clericos
1045 632 1057 648 ,
1093 606 1148 641 sed
1173 607 1207 641 ὅ(

324 655 507 700 Episcopos
520 656 641 705 ubique
657 656 833 692 ordinandi
849 683 857 691 .
884 657 981 692 Istam
993 657 1048 695 fibi
1071 658 1208 692 auetori-

322 715 422 741 tatem
439 718 479 740 ex
492 706 691 750 Apostolico
700 708 809 746 Sancti
822 707 910 744 Petri
923 708 1097 754 privilegio
1118 717 1208 742 com·

320 766 432 800 petere
453 781 463 798 ,
499 757 614 794 multis
636 757 803 793 adversum
826 759 984 802 quosdam
1005 759 1206 793 adversantes

320 805 482 842 ostendit.
513 807 557 842 Et
579 807 621 842 de
642 808 866 845 Constantino
887 809 1054 845 Pontifice
1074 832 1085 848 2
1114 808 1203 842 Con·

319 856 570 903 stantinopolim
581 858 745 902 profecto,
771 859 882 896 scribit
895 860 974 894 item
986 858 1070 896 liber
1091 857 1205 894 Ponti-

318 906 441 942 ficalis:
471 913 528 943 Hic
533 908 611 953 fecit
620 910 821 944 ordinationes
831 909 1041 953 Episcoporum
1068 915 1101 943 in
1110 910 1205 944 eundo

317 958 351 991 ό·
372 960 544 1001 redeundo,
568 968 624 1002 per
645 958 768 1003 diversa
788 961 849 993 loca
861 958 1019 1004 Episcopos
1031 961 1200 995 duodecim.

317 1007 447 1043 Eodem
458 1007 527 1053 jure
538 1009 646 1053 potuit
671 1011 707 1045 &
718 1010 866 1047 ciericos
878 1010 1029 1046 ordinare
1043 1036 1050 1043 .
1078 1011 1122 1045 Et
1135 1011 1198 1044 De-

313 1068 408 1092 creto
423 1060 481 1093 suo
503 1061 638 1096 sanstus
649 1060 708 1097 Ivo
729 1060 938 1096 Carnutensis
949 1061 1131 1106 Episcopus
1154 1061 1201 1094 in-

311 1109 413 1143 seruit
438 1109 622 1153 Epistolam
648 1135 659 1151 ,
696 1122 761 1155 qua
796 1110 969 1146 Walberto
1006 1109 1200 1147 Patriarchae

312 1157 519 1205 Aquiiejenfi
544 1185 556 1202 ‚
581 1170 618 1195 ut
641 1160 800 1196 Cumanae
825 1161 972 1195 Ecclefiae
996 1160 1197 1206 Episcopum

313 1210 470 1251 ordinet,
496 1210 632 1245 mandat
651 1210 834 1255 Stephanus
856 1220 1009 1255 quartu5‚
1033 1211 1067 1247 &
1091 1211 1203 1254 adjun-

315 1261 367 1305 git
380 1272 387 1292 :
416 1261 565 1294 Nolumus
576 1263 703 1302 alicujus
711 1260 845 1303 Ecclefiae
852 1260 1201 1305 privilegiuma'nfringe-

310 1322 345 1343 re
356 1334 367 1350 ‚
394 1311 459 1344 licet
470 1310 629 1353 apostolica
641 1312 993 1355 Praerogativapoffimus
1020 1311 1057 1346 de
1068 1310 1201 1354 qualibet

307 1408 456 1444 Arabum
467 1409 586 1445 Canon
597 1408 713 1445 habet:
741 1415 776 1444 N
779 1412 857 1445 ullus
870 1408 1079 1454 Epist-oporam
1093 1416 1126 1444 in
1136 1413 1197 1444 Pa-

706 119 745 164 S.
784 114 1100 165 GREGORH
1136 135 1376 164 SEPTIMI
1410 120 1776 168 Pon-mucis

1278 214 1379 238 norum
1384 203 1502 245 faciat,
1532 210 1665 246 exceptis
1678 206 1862 240 patriarcha
1891 209 1925 243 &
1939 207 2159 255 archiepiscopo

1275 260 1309 289 in
1330 255 1421 294 locis,
1449 265 1516 299 quae
1529 252 1588 298 sub
1603 253 1745 297 potestate
1766 267 1864 290 eorum
1882 257 1974 302 sunt.
2003 260 2077 295 Ubi
2101 273 2160 305 per

1277 301 1568 349 Archiepiscopum
1587 316 1656 340 non
1678 305 1783 348 quivis
1795 306 2011 350 Metropolita
2038 312 2159 346 intelli-

1274 354 1362 398 gitur
1373 377 1385 394 ,
1410 353 1463 388 sed
1474 355 1561 389 solus
1572 353 1822 399 -Autocephaius
1832 356 1977 392 Primas:
2006 361 2052 396 Ea
2064 363 2156 397 enim

1274 404 1320 438 est
1330 404 1466 447 antiqua
1477 403 1567 442 istius
1579 407 1671 442 vocis
1695 406 1894 452 significatio
1907 433 1914 440 .
1941 408 2154 456 Qinimdin

1273 454 1367 488 tertia
1378 453 1627 503 Carthaginensi
1641 456 1780 502 Synodo
1802 455 1842 490 ad
1855 455 2029 495 Aurelium
2043 483 2053 499 ,
2079 460 2155 497 licet

1271 515 1480 550 nequaquam
1500 505 1770 550 Autocepbalum
1809 530 1821 548 ,
1857 509 1951 542 suum
1976 509 2153 546 primatem

1271 555 1356 589 dixit
1370 555 1570 591 Numidicus
1581 557 1776 601 Episcopus:
1806 561 1879 591 Fuit
1894 557 2009 601 semper
2031 559 2095 594 haec
2120 561 2156 595 Ii·

1270 610 1367 638 centia
1377 607 1451 641 Sedi
1464 606 1694 653 Carthaginensi
1697 632 1707 649 ,
1735 608 1816 643 unde
1829 610 1920 643 vellet
1932 634 1944 651 ,
1967 610 2001 646 <Et
2022 612 2060 645 de
2069 613 2152 652 cujus

1271 655 1494 700 nominefuffl‘et
1503 666 1687 698 conventus,
1712 666 1770 700 pro
1791 657 1929 699 defiderio
1951 659 2154 705 cujuscumque

1271 705 1405 749 Ecclefiae
1415 708 1554 743 ordinare
1567 707 1746 753 Episcopum
1756 733 1763 741 .
1793 708 1872 745 Hoc
1884 710 1928 743 est
1939 734 1951 752 2
1974 711 2044 746 n'on
2058 713 2153 746 dum-

1269 767 1359 792 taxat
1381 757 1552 800 clericos,
1577 758 1741 795 sedetiam
1764 759 1964 803 Episcopos,
1990 761 2040 797 Ita
2063 762 2151 796 lucet

1267 818 1307 840 ex
1327 809 1430 843 totius
1451 808 1542 845 istius
1562 809 1752 846 collationis
1770 819 1950 844 contextu.
1980 811 2025 847 Et
2043 811 2148 846 infra:

1267 862 1340 892 Non
1365 858 1419 893 tibi
1436 858 1609 902 potestatem
1632 860 1762 901 damus,
1782 857 1842 905 sed
1851 869 1934 894 tuum
1955 861 2148 906 affignamus.

1268 908 1318 941 Ex
1332 920 1403 953 quo
1423 910 1525 957 aliqui
1545 910 1662 945 volunt
1681 909 1823 953 amplam
1836 909 1929 946 istam
1949 910 2150 947 ordinando-

1265 969 1334 994 rum
1360 958 1482 1007 ubique
1501 959 1706 997 Clericorum
1717 960 1908 996 facultatem
1926 962 1989 997 effe
2000 973 2150 1002 commu-

1264 1021 1339 1043 nem
1372 1011 1466 1046 omni
1490 1009 1703 1052 Patriarchae,
1729 1011 1889 1053 omnique
1913 1011 2148 1056 Autocephalo

1267 1059 1402 1096 Primati
1418 1086 1426 1096 .
1451 1061 1500 1096 Ita
1511 1060 1552 1097 ad
1564 1063 1691 1099 sextum
1702 1060 1871 1097 decimum
1896 1062 2148 1107 &trigesimum

1261 1110 1403 1152 primum
1425 1110 1659 1153 Apostolicum
1678 1112 1854 1148 Canonem
1878 1112 1994 1148 docere
2017 1113 2149 1148 viderur

1261 1158 1462 1195 Theodorus
1474 1158 1649 1195 Balsamon
1660 1185 1669 1194 .
1697 1161 1822 1202 Verum
1834 1162 1875 1197 ad
1884 1163 2049 1198 decimum
2060 1164 2147 1198 octa-

1261 1220 1336 1243 vum
1364 1209 1570 1245 Trullanum
1592 1235 1603 1251 ‚
1629 1212 1665 1246 &
1686 1210 1727 1246 ad
1750 1209 1982 1256 odiogefimum
2012 1212 2146 1248 tertium

1260 1259 1455 1296 Africanum
1469 1260 1612 1296 affirmat
1623 1261 1658 1295 id
1669 1261 1770 1296 licere
1779 1260 1841 1295 soli
1861 1262 2146 1306 Constantinopo-

1257 1310 1362 1344 litano
1377 1334 1385 1343 .
1412 1309 1630 1347 Antiocheno
1656 1320 1694 1346 ac
1704 1308 2018 1355 Hierosolymitano
2029 1312 2146 1349 diserte

307 1359 435 1401 Ecclefia
446 1360 594 1394 clericum
615 1362 755 1394 ordinare
764 1384 772 1392 .
801 1361 845 1395 Et
871 1361 1056 1404 trigesimus
1067 1362 1198 1395 ockavus
1257 1369 1354 1404 negat
1365 1359 1450 1395 hanc
1462 1362 1655 1407 potestatem
1668 1385 1676 1394 .
1702 1361 1822 1406 Longa
1832 1360 1878 1394 est
1893 1359 1959 1395 haec
1988 1361 2123 1406 quaestio
2137 1385 2146 1394 .

1256 1410 1414 1445 Romano
1424 1410 1583 1446 Pontifici
1596 1410 1789 1455 potestatem
1802 1409 1897 1445 istam
1911 1411 1974 1447 effe
1995 1423 2052 1457 per
2075 1421 2149 1449 om-

131 1465 206 1496 Part.
218 1474 242 1501 5.
265 1476 290 1498 c.
306 1465 397 1495 roecia
408 1460 532 1495 alterius
543 1461 747 1497 ordinationes
763 1460 1002 1502 Presbyterorum
1027 1462 1081 1497 vel
1092 1465 1196 1498 Diaco·
1255 1472 1331 1498 nem
1345 1460 1521 1504 Ecclesiam
1534 1483 1546 1504 ,
1572 1473 1640 1497 non
1653 1461 1698 1497 est
1709 1459 1944 1498 dubitandum.

136 1514 183 1541 ³3·

126 2757 187 2791 Lib·
215 2767 246 2794 4-

113 2796 265 2838 «Epist-30.

132 3219 194 3252 Lib.
223 3228 252 3254 7.

299 2034 449 2176 Q

594 1756 2009 1900 CANONXVs⁴

483 2169 665 2236 gradum
701 2169 922 2236 accipere.

490 2356 986 2403 SenortoN.

398 2503 536 2538 litatum
556 2501 647 2537 hunc
666 2500 847 2546 Gregorius
869 2499 978 2535 noster
1008 2497 1181 2543 desumpsit

421 2565 463 2588 ex
484 2552 605 2598 Magni
627 2553 780 2599 Gregorii
815 2551 931 2585 litteris
952 2550 993 2585 ad
1015 2550 1125 2583 Ellam
1144 2549 1179 2583 in

298 2605 421 2640 Isauria
445 2605 678 2648 Presbyterum
704 2604 739 2637 &
761 2601 924 2637 Abbatem
947 2613 955 2633 ε
1001 2600 1115 2634 Filium
1134 2610 1179 2632 no-

293 2655 391 2697 strum
403 2654 613 2701 Epiphaniam
636 2651 815 2694 mandastis,
845 2659 879 2685 ut
898 2652 941 2684 ad
955 2649 1073 2694 sacrum
1095 2651 1180 2685 Ordi-

299 2717 365 2739 nem
372 2705 536 2748 provehere
546 2704 716 2739 deberemus
729 2729 740 2745 ‚
766 2700 906 2746 vobisque
931 2699 1180 2746 retransmittere.

298 2758 361 2790 Sed
374 2762 406 2790 in
420 2769 478 2790 uno
488 2768 541 2790 vos
554 2757 728 2790 audivimus
742 2777 752 2793 ‚
776 2760 810 2787 in
820 2755 877 2786 alio
885 2762 984 2787 autem
1003 2754 1108 2785 audire
1128 2756 1182 2784 mi-

300 2809 382 2840 nim?
400 2812 573 2848 potuimus.
605 2809 757 2838 Diaconos
778 2804 898 2846 quidem
919 2802 1023 2845 fat‘lus
1044 2801 1081 2842 est
1094 2827 1104 2843 ,
1127 2800 1185 2845 sed

299 2854 441 2899 quisquis
458 2854 553 2899 semel
576 2859 608 2888 in
624 2853 681 2887 hac
693 2853 821 2895 Ecclefia
831 2854 961 2886 ordinem
967 2850 1085 2895 sacrum
1103 2864 1183 2886 acce-

297 2911 383 2949 perit
396 2930 407 2947 ,
432 2905 601 2950 egrediendi
611 2916 649 2938 ex
659 2914 693 2937 ea
702 2905 825 2937 ulteriz'cs
836 2905 987 2938 licentiam
1006 2914 1062 2935 non
1075 2902 1165 2945 babet
1174 2928 1181 2935 .

302 2956 350 2991 Et
369 2955 454 2991 infra
473 2966 482 2989 τ
509 2955 727 2996 Dilet‘lifflmum
744 2953 839 2995 filium
857 2964 952 2986 meum
976 2951 1184 2994 Epiphaniam

303 3010 467 3041 Diaconum
477 3011 549 3050 quia
558 3005 625 3040 huic
647 3002 779 3047 Ecclest'ae
798 3007 961 3038 Diaconatu
985 3007 1185 3036 intervenien-

300 3067 333 3093 te
344 3058 526 3102 ligavimus,
551 3055 750 3090 sanc‘i'itatem
769 3063 852 3088 tuam
863 3065 919 3087 non
940 3053 1024 3086 debet
1035 3053 1184 3093 contrista-

300 3119 354 3142 re.
382 3105 543 3143 Noranda
565 3107 640 3141 sunt
649 3106 785 3150 repetita
813 3105 930 3144 verba,
955 3107 1075 3137 sacrum
1097 3105 1185 3138 Ordi-

301 3169 372 3192 nem
395 3183 404 3191 .
442 3156 578 3192 Etenim
600 3156 641 3191 ad
672 3156 806 3192 Petrum
828 3156 965 3190 Corficae
985 3154 1183 3199 Episcopum

301 3207 418 3244 scribit
436 3207 523 3243 idem
542 3206 740 3251 Gregorius:
768 3211 907 3240 Latorem
916 3204 1183 3247 praes'entiumper

132 3257 220 3298 Epist·
242 3269 270 3290 ²·
304 3259 522 3299 interceffionem
534 3255 711 3302 funditoris
730 3257 837 3296 vestrae
849 3256 1011 3295 acolythum
1028 3254 1158 3298 fecimus
1171 3279 1182 3295 ,

305 3319 392 3353 quem
415 3310 461 3342 ad
470 3307 607 3353 obsequia
625 3305 723 3347 vestra
733 3304 945 3350 transmisimus
959 3331 970 3347 ,
995 3315 1028 3339 ut
1042 3305 1072 3348 fi
1088 3312 1120 3340 in
1139 3307 1183 3339 Iu-

307 3360 429 3396 :randis
449 3357 610 3393 animabus
624 3358 750 3400 amplius
771 3355 913 3400 servierit
925 3381 936 3397 ,
959 3356 1100 3399 proficere
1120 3367 1181 3389 am-

303 3410 473 3455 pliicspoffit
484 3435 493 3444 .
519 3408 614 3446 Hinc
623 3406 723 3454 aliqui
737 3407 853 3443 volunt
864 3407 1050 3453 praesentem
1071 3406 1181 3442 Dista-

453 2030 559 2083 Uod
607 2028 634 2081 ὲ
671 2035 792 2098 Papa
827 2027 1053 2082 ordinatus
1100 2028 1177 2077 alii
1214 2028 1411 2086 Ecclefiae
1447 2025 1621 2097 praecsse
1656 2027 1802 2096 potest
1835 2063 1849 2090 ,
1898 2026 1975 2078 sed
2009 2045 2136 2090 non*

485 2103 676 2150 militare
703 2125 713 2145 .·
751 2104 810 2146 Et
845 2097 970 2164 quod
1004 2098 1063 2147 ab
1095 2099 1249 2164 aliquo
1283 2098 1501 2165 Episcopo
1536 2116 1625 2147 non
1659 2098 1796 2149 debet
1830 2097 2140 2166 superiorem..

1251 2358 1303 2383 tus
1325 2348 1489 2393 Regulam
1509 2345 1551 2382 de
1572 2347 1648 2382 solis
1669 2347 1764 2382 sacris
1786 2346 1971 2383 Ordinibus
1989 2347 2141 2385 sancire-

1248 2399 1391 2433 Firmior
1401 2398 1484 2433 ratio
1494 2398 1540 2434 est
1553 2398 1686 2441 antiqua
1713 2409 1750 2431 ac
1762 2410 1817 2443 per
1827 2397 2136 2435 Chalcedonensem

1248 2447 1420 2492 Synodum
1439 2450 1595 2483 innovata
1607 2449 1661 2482 lex
1673 2473 1685 2489 ‚
1709 2448 1870 2483 mandans
1889 2447 2019 2484 nullum
2041 2449 2137 2486 abso-

1247 2499 1337 2541 lute,
1363 2499 1417 2534 sed
1430 2499 1471 2534 ad
1483 2509 1608 2534 certum
1618 2498 1796 2544 cujuspiam
1819 2497 1965 2534 Ecclefiae
1987 2500 2037 2533 vel
2057 2498 2137 2536 Mo·

1249 2550 1379 2584 nassei-ii
1402 2549 1539 2585 titulum
1552 2549 1720 2591 ordinari,
1747 2559 1848 2593 atque
1867 2549 1915 2584 ita
1931 2548 1975 2583 de
1994 2548 2135 2585 aliarum

1249 2600 1465 2635 Ecclesiarum
1491 2600 1597 2633 titulis
1617 2599 1789 2642 disponere
1814 2598 1932 2632 nolens
1949 2597 2132 2641 Pontifex,

1249 2663 1317 2685 non
1333 2650 1393 2685 nili
1405 2650 1446 2685 ad
1458 2649 1617 2684 Romana
1629 2647 1777 2682 Ecclefiae
1786 2647 1993 2682 matriculam
2014 2649 2131 2692 paffim

1246 2699 1441 2736 ordinabat.
1469 2699 1563 2735 Hinc
1589 2710 1631 2734 ex
1652 2698 1718 2733 illis
1743 2721 1754 2738 ‚
1781 2708 1864 2742 quos
1885 2698 2020 2732 Catanae
2041 2698 2130 2733 ordi-

1248 2761 1402 2791 naverat,
1426 2749 1630 2794 Presbyteris
1654 2760 1693 2784 ac
1704 2748 1911 2783 Diaconibus
1919 2748 2020 2783 etiam
2032 2748 2130 2794 Vigi-

1248 2803 1311 2836 lius
1329 2801 1488 2837 Pontifex
1510 2798 1717 2844 Ampliatum
1740 2797 1970 2840 Presbyterum
1995 2798 2132 2834 retranss

1249 2853 1334 2887 milit
1360 2852 1507 2887 Romam
1527 2875 1539 2892 ‚
1564 2849 1708 2893 reliquos
1728 2848 1769 2883 ad
1788 2850 1880 2883 suum
1902 2847 2130 2884 Ministerium

1251 2903 1375 2937 videtur
1385 2903 1493 2938 secum
1513 2900 1640 2936 duxiffe
1662 2899 2014 2943 Constantinopolim:
2039 2898 2129 2945 Qia

1251 2952 1367 2998 nempe
1389 2963 1504 2988 omnes
1525 2951 1728 2986 ordinaverat
1747 2949 1789 2984 ad
1810 2948 1956 2984 tabulam
1967 2948 2129 2984 Romana

1252 3004 1401 3039 Ecclefiae
1426 3028 1435 3037 .
1472 3001 1565 3036 Hinc
1602 3002 1682 3035 item
1714 3011 1756 3036 ex
1774 2998 1932 3043 ejusmodi
1969 2998 2132 3034 ordinatis

1251 3055 1359 3089 nullus
1369 3061 1494 3099 poterat
1505 3051 1547 3087 ab
1558 3051 1624 3086 alio
1635 3051 1801 3096 Episcopo
1823 3050 2007 3094 promoveri
2025 3048 2067 3084 ad
2090 3049 2133 3083 al-

1249 3104 1366 3139 tiorem
1376 3103 1512 3149 gradum
1526 3114 1533 3134 :
1562 3102 1651 3150 Qia
1662 3099 1780 3145 nempe
1789 3100 1892 3135 alieni
1904 3099 2047 3135 cardinis
2057 3098 2132 3135 Cle-

1248 3156 1316 3190 rico
1330 3165 1428 3190 nemo
1438 3151 1542 3198 potest
1561 3162 1695 3187 manum
1714 3152 1886 3196 imponere
1896 3157 1909 3183 .‘

1297 3204 1401 3253 Qod
1411 3202 1495 3238 adeo
1507 3214 1616 3238 verum
1629 3204 1673 3240 est
1687 3227 1699 3244 ,
1726 3213 1763 3237 ut
1775 3199 1935 3245 ejusmodi
1954 3198 2131 3235 Romanos

1248 3255 1419 3289 ordinatos
1438 3252 1547 3288 nullus
1570 3252 1788 3296 Metropolita
1807 3275 1820 3293 ,
1856 3251 1933 3284 licet
1955 3249 2131 3285 Canonice

1248 3305 1364 3340 eleetos
1391 3329 1402 3346 ,
1428 3303 1523 3348 poffit
1544 3304 1579 3338 in
1610 3303 1754 3347 cujusvis
1777 3300 1928 3337 Ecclefiae
1949 3301 2131 3344 Episcopos

1247 3355 1430 3390 consecrare
1453 3381 1459 3388 .
1497 3354 1591 3401 Qin
1626 3354 1661 3388 &
1680 3353 1761 3397 eligi
1786 3362 1855 3386 non
1883 3350 2015 3394 possunt
2034 3374 2045 3390 ,
2073 3349 2129 3383 sed

1248 3406 1416 3442 dumtaxat
1428 3405 1602 3451 postulari.
1629 3401 1815 3453 Qomodo
1843 3400 1998 3485 masti‘em
2019 3399 2130 3435 adole·

1950 3459 2078 3486 centem

2171 591 2263 627 C·45.
