2366 3756
53 773 127 814 Cap.
143 783 190 808 ιο.

516 92 538 127 ἱ

840 156 1385 202 ΥΒιεττιιτυς.

225 242 401 289 postulavit
419 242 601 278 Canonum
624 239 919 287 praevaricationem
941 263 950 271 .
988 237 1101 272 Etiam

225 295 394 333 Hilarium
420 292 629 328 Monachum
650 316 662 332 ,
693 291 749 336 qui
772 289 929 324 Afrorum
963 288 1104 332 praefide-

226 358 277 387 ret
294 343 456 389 Synodis‚
481 343 605 390 legavit
626 341 713 377 idem
735 339 936 384 Gregorius.
966 339 1009 373 Et
1030 338 1103 383 quis

224 396 326 433 nobis
349 396 384 430 δι
393 393 526 430 Francis
534 392 690 428 omnibus
701 391 821 435 lapsam
831 389 987 433 reparavit
1003 387 1101 423 fidem

224 446 500 489 &disciplinam,
526 444 587 478 nisi
598 443 732 478 &nnus
746 440 940 474 Bonifacius
961 439 1104 484 Legatus

225 497 425 532 Romanus?
450 495 538 532 Eum
549 493 668 538 quippe
683 501 761 526 tunc
772 490 897 524 nullius
916 490 999 524 sedis
1010 491 1104 524 fuisse

225 546 437 583 Cardinalem
444 544 647 588 Episcopum
656 543 775 580 sanetur
782 540 882 576 etiam
891 539 1103 574 Hincmarus.

224 598 255 632 F
255 594 506 632 rancofordienfi
517 594 596 628 item
607 591 745 637 Synodo
755 590 951 635 apostolica
963 590 1103 636 Legatio

222 646 389 692 praesedit.
414 645 459 679 Et
470 641 763 689 SanstiAgobardi
789 641 1019 687 Lugdunensis
1041 641 1107 675 Ar-

217 691 428 740 ⁴chiepiscopi
446 696 582 738 antiqua
603 694 698 728 estin
713 691 799 727 libro
812 691 853 727 de
863 691 1104 736 dispensatione

223 745 373 792 querela:
399 746 475 780 Sunt
493 750 546 788 qui
569 744 737 781 Gallicanos
760 746 926 784 Canones,
950 750 1006 776 aut
1029 742 1105 775 alta-

221 809 292 832 rum
311 800 472 840 Regionum
488 801 597 837 putent
608 805 666 829 nen
684 793 736 837 effe
744 794 927 835 recipiendos
940 817 951 834 ,
976 804 1009 827 eo
1028 791 1107 834 quod

225 850 333 892 Legati
343 849 472 880 Romam·
481 849 514 877 ln
523 855 624 878 eorum
632 843 828 886 constitutine
835 854 894 876 non
903 841 1105 883 interfuerint.

221 897 428 942 Legatorum
437 895 474 928 in
487 893 735 929 provinciarum
746 892 889 937 Synodis
899 891 1105 927 Praefidentia

222 947 310 983 tanti
321 955 403 981 tunc
427 953 497 979 erat
507 943 684 989 ponderis,
709 953 746 978 ut
770 944 838 978 sine
851 944 919 987 ipsa
934 943 1028 980 fastis
1037 943 1106 986 qui·

221 997 301 1032 dam
320 992 571 1031 condendorum
594 994 774 1028 Canonum
796 993 990 1037 abrogarent
1017 1002 1106 1036 pote-

221 1047 338 1088 statem
357 1070 366 1080 .
392 1044 468 1081 Nec
489 1045 557 1079 fine
574 1043 799 1078 fundamentis
822 1069 829 1076 .
858 1044 904 1079 Et
926 1043 1105 1078 Canonum

221 1096 429 1142 peritiffimus
449 1094 648 1141 Agobardus
668 1094 769 1138 ipsam
782 1093 979 1129 Canonibus
1000 1094 1107 1127 adver-

219 1147 284 1181 sari
302 1145 385 1181 adeo
396 1157 459 1181 nec
484 1144 569 1180 dixit
581 1157 643 1180 nec
653 1145 813 1190 cogitavit
826 1168 838 1184 ,
863 1153 902 1178 ut
922 1142 1013 1177 aliud
1037 1154 1105 1177 non

220 1204 361 1232 conetur
371 1206 472 1240 quam
493 1195 664 1231 ostendere
674 1195 776 1230 etiam
794 1193 940 1238 fineipsa
951 1193 1020 1227 fieri
1034 1217 1046 1234 ,
1072 1194 1108 1227 li-

220 1258 275 1283 cet
296 1259 366 1282 non
376 1256 474 1281 tantae
484 1247 705 1285 austeritatis,
730 1244 896 1288 legitimas
917 1253 1026 1278 tamen
1049 1244 1108 1287 Sy-

221 1296 334 1331 nodos
353 1319 361 1328 .
389 1296 501 1330 Etiam
525 1294 584 1328 sub
606 1293 731 1329 Carolo
755 1294 863 1328 Calvo
889 1294 922 1328 &
943 1292 1108 1329 Lothario

218 1345 395 1391 Regibus,
421 1345 631 1389 ipsorumque
651 1343 671 1379 ὲ
689 1344 804 1379 Caroli
815 1344 937 1389 Magni
950 1344 1107 1388 sanguine

218 1394 460 1432 Succefloribus
471 1396 595 1439 semper
604 1394 710 1439 viguit
718 1393 895 1437 Synodalis
906 1394 1107 1438 Legatorurn

219 1445 446 1481 Praesidentia:
472 1445 624 1488 Tempus
634 1445 787 1479 deficeret
809 1443 978 1479 volentem
1000 1444 1107 1490 singu-

218 1495 267 1531 las
278 1494 433 1538 Synodos
442 1504 634 1528 enumerare
645 1519 653 1528 .

269 1545 316 1580 Et
336 1543 506 1579 Afrorum.
523 1542 764 1588 Episcoporum
789 1542 877 1587 apud
901 1550 1105 1578 memoratos

216 1594 395 1629 Romanos
415 1594 596 1628 Pontifices
627 1592 812 1627 interceffio
838 1603 910 1625 non
947 1592 1025 1624 facit
1063 1589 1106 1624 ad

140 1644 145 1648 ’
215 1653 288 1680 rem
299 1668 306 1676 .
333 1643 410 1677 Nec
430 1643 522 1676 enim
532 1641 685 1676 adversus
699 1642 901 1685 Legatorum
914 1640 948 1674 in
960 1639 1027 1674 suis
1045 1640 1107 1683 Sy·

1 2824 5 2827 ²
48 2808 202 2850 Epima-

214 1691 317 1729 nodis
340 1691 578 1727 Praelidentiam
599 1715 611 1732 ‚
638 1689 694 1725 sed
730 1689 901 1725 adversum
944 1689 1106 1725 inferioris

215 1744 266 1778 sui
278 1741 369 1777 Cleri
381 1743 552 1778 Romanas
570 1740 808 1785 appellationes
827 1740 1075 1775 intercesserunt
1096 1765 1104 1772 .

214 1794 385 1831 Africanae
410 1792 557 1827 Ecclesiae
583 1791 700 1826 Clerus
737 1789 875 1826 inferior
909 1801 951 1824 ex
976 1790 1105 1825 vetusto

214 1842 327 1890 gentis
338 1854 430 1878 more
441 1842 588 1877 Romam
598 1840 758 1886 appellare
778 1851 959 1885 numquam
970 1840 1081 1884 potuit
1093 1863 1106 1881 ‚

216 1893 274 1929 sed
298 1893 349 1928 sui
369 1892 591 1927 Provincialis
612 1915 625 1933 ,
648 1901 707 1926 aut
729 1891 815 1926 certe
838 1890 1105 1936 Carthaginensis

213 1942 376 1978 Primatis
399 1941 565 1986 Synodali
584 1941 712 1985 judicio
731 1941 848 1976 debuit
869 1941 1070 1986 acquiescere
1089 1965 1100 1982 ,

213 1993 386 2038 &semper
396 1991 564 2036 acquievit
576 2013 589 2033 ,
613 1990 715 2035 usque
728 1990 770 2025 ad
781 1990 958 2035 Apias-ium
977 1991 1106 2027 Siccen-

214 2043 255 2078 sis
284 2044 321 2078 in
342 2041 547 2077 Mauritania
577 2040 729 2075 Ecclesiae
752 2040 991 2085 Presbyterum
1010 2066 1022 2083 ,
1048 2041 1105 2086 qui

213 2092 259 2128 ab
276 2092 434 2138 Episcopi
459 2092 509 2127 sui
521 2090 658 2127 Urbani
683 2090 912 2135 degradatoria
939 2092 1105 2126 sententia

210 2153 286 2178 uon
311 2140 458 2178 adhunc
484 2150 543 2176 aut
568 2141 668 2173 istum
677 2138 880 2178 Primatem,
905 2139 961 2172 sed
986 2139 1026 2171 ad
1040 2140 1108 2171 Zo-

214 2202 354 2234 zymum
373 2190 548 2233 appellavit
571 2187 773 2223 Pontificem
791 2211 804 2229 ,
831 2187 980 2222 Romam
1000 2188 1106 2221 acces-

215 2240 278 2281 fit,
306 2238 434 2280 fuitque
445 2249 502 2283 per
525 2238 633 2282 ipsum
655 2236 772 2281 gradui
792 2237 975 2272 restitutus.
1001 2237 1105 2272 Hanc

215 2288 401 2324 novitatem
421 2288 564 2332 graviter
585 2288 824 2331 impugnarunt
846 2285 998 2322 Africani
1026 2287 1105 2332 Epi-

215 2339 326 2383 scopi,
354 2337 496 2383 ideoque
507 2336 682 2371 Faustinus
698 2335 898 2370 Potentinus
919 2336 1104 2380 Episcopus

216 2400 296 2424 cum
320 2387 457 2433 Agellio
482 2388 519 2422 &
538 2384 695 2430 Philippo
721 2384 927 2430 Presbyteris
949 2386 992 2422 ad
1018 2386 1104 2430 ipsos

215 2438 236 2472 a
255 2439 407 2482 Zozymo
429 2438 557 2483 legatus
569 2436 615 2470 est
631 2459 643 2476 ,
667 2435 946 2470 demonstraturus
972 2435 1102 2480 Apiarii

215 2488 520 2533 &appellationem
543 2486 579 2521 δε
603 2485 845 2520 restitutionem
866 2486 961 2520 fuisse
986 2485 1103 2521 fastam

214 2537 306 2581 juxta
318 2538 475 2572 Nicaenos
485 2535 644 2571 Canones
658 2560 666 2568 .
693 2534 821 2570 Verum
839 2547 908 2571 non
919 2534 1079 2571 Nicaenos
1091 2560 1102 2576 ,

215 2587 273 2624 sed
297 2586 501 2623 Sardicenses
525 2585 646 2619 detulit
677 2585 834 2619 Canones
852 2609 864 2626 ‚
903 2596 988 2629 quos
1025 2587 1103 2631 quia

215 2636 417 2683 ignorabant
438 2635 536 2677 Afri,
560 2633 603 2669 de
624 2635 784 2670 Romanae
806 2635 953 2670 Ecclesiae
976 2636 1102 2680 privile-

216 2689 278 2733 gio
299 2686 402 2723 multa
412 2697 490 2721 cum
503 2686 578 2730 ipsis
590 2684 764 2719 altercatus
773 2685 817 2720 est
832 2709 844 2726 ,
868 2686 902 2719 &
924 2686 961 2720 in
974 2685 1103 2730 quibus·

216 2738 295 2773 dam
305 2736 466 2772 offendit.
492 2734 636 2770 Acceffit
662 2735 794 2776 &alia,
819 2746 919 2777 quam
932 2735 966 2769 in
986 2736 1102 2770 litteris

216 2787 260 2823 ad
275 2786 490 2822 Caelestinum
498 2785 700 2820 Pontificem
713 2785 861 2829 deplorat
875 2785 1010 2819 Sanetus
1034 2785 1101 2821 Au-

216 2837 391 2884 gustinus,
415 2835 554 2870 offensio
563 2836 732 2871 commissa
754 2836 790 2870 in
812 2835 1018 2872 restitutione
1031 2835 1101 2871 An·

217 2886 306 2924 tonii
318 2886 473 2931 Episcopi
483 2884 694 2921 Fuffalenfis.
721 2886 816 2921 Hinc
842 2885 1100 2922 &Nicaenorum

218 2938 400 2974 Canonum
420 2936 535 2971 litterae
560 2935 767 2979 pertinaciter
792 2935 989 2971 adhaerentes
1023 2936 1099 2972 Afri

218 2988 392 3023 Romanas
403 2987 536 3021 suorum
545 2986 645 3020 etiam
658 2985 894 3031 Episcoporum
912 2986 1100 3031 appellatio-

216 3049 277 3072 nes
288 3036 543 3081 suspenderunt,
568 3035 759 3070 Faustinum
782 3038 946 3082 Legatum
965 3039 1098 3073 aversati

217 3089 295 3124 sunt
315 3110 327 3127 ,
364 3088 399 3121 δε
420 3086 439 3120 a
460 3083 595 3131 laudato
615 3085 788 3121 Caelestino
814 3087 1035 3131 supplicarunt
1061 3089 1096 3123 in

217 3138 350 3173 Italiam
371 3133 537 3170 revocari.
564 3134 639 3170 Nec
661 3135 739 3170 istos
758 3136 902 3182 aPapali
927 3138 1026 3172 latere
1036 3138 1098 3173 Le·

216 3196 334 3234 gatoS,
359 3186 417 3232 qui
437 3186 608 3220 Romanas
630 3186 863 3230 appellationes
889 3190 1096 3224 retrastarent

216 3238 255 3273 in
280 3237 488 3277 Provinciis,
513 3236 669 3270 dixerunt
695 3235 817 3273 laudari
839 3239 857 3273 a
882 3238 1017 3274 Nicaena
1038 3239 1095 3283 Sy-

217 3287 312 3323 nodo
325 3311 337 3328 ,
362 3287 502 3331 ideoque
512 3285 554 3321 ab
570 3285 711 3330 ipsorum
734 3288 892 3323 molestiis
903 3289 935 3324 se
944 3288 1096 3334 deinceps

218 3347 332 3373 eontra
343 3348 535 3382 perpetuum
544 3336 654 3382 gentis
667 3347 789 3372 morem
800 3350 869 3373 non
889 3338 1092 3384 gravandos.

218 3385 304 3422 Non
314 3398 393 3433 ergo
403 3388 627 3432 quoscumque
638 3386 781 3433 Legatos
792 3411 804 3428 ,
828 3388 884 3423 sed
905 3389 981 3424 illos
1001 3390 1098 3425 dum-

218 3445 313 3474 taxat
324 3439 381 3483 qui
392 3438 561 3475 Romanas
571 3436 740 3474 inferiores
748 3439 922 3483 praesertim
933 3439 1023 3476 Cleri
1041 3453 1095 3486 ap-

1883 169 1978 217 179

1165 238 1360 280 pellationes
1380 239 1503 276 vellent
1526 239 1695 276 traducere
1713 240 1748 279 in
1767 239 1917 278 Africam
1929 267 1942 285 ,
1969 241 2046 280 Afri

1167 289 1319 334 Episcopi
1334 291 1523 326 refutarunt.
1550 291 1594 327 Et
1605 289 1740 336 quidem
1754 292 1890 336 peffime.
1917 293 2048 333 Verum

1164 337 1264 384 longa
1277 340 1323 375 est
1335 339 1403 375 haec
1413 341 1545 384 questio
1557 365 1568 382 ‚
1594 343 1652 376 suo
1663 342 1741 377 loco
1763 342 1940 378 enodanda
1953 369 1961 377 .
1992 344 2049 381 Et·

1167 388 1230 423 iam
1259 389 1384 435 Regius
1404 391 1582 425 consensus
1595 403 1663 426 non
1684 392 1761 428 facit
1772 391 1813 426 ad
1824 394 2024 437 propositum
2037 420 2047 428 .

1165 438 1197 472 Si
1211 439 1300 474 enim
1312 442 1514 486 Legatotum
1525 440 1561 474 in
1578 442 1721 483 Synodis
1733 443 1928 485 praesidentia
1939 445 2050 479 adver·-

1167 489 1247 523 setur
1257 490 1471 532 Canonibus,
1496 490 1668 534 quomodo
1688 491 1782 525 Laici
1794 492 1957 539 Principis
1977 493 2051 531 Pla-

1165 540 1269 574 citum
1279 541 1383 575 valeat
1394 540 1480 575 hanc
1491 539 1632 575 scabiem
1640 540 1797 577 ,defricare
1808 541 1822 574 ?
2005 580 2008 585 Ι

1215 590 1328 633 Objici
1352 590 1469 634 poffint
1495 593 1599 624 varia.
1627 589 1763 626 Etenim
1788 590 1990 628 Claudianus
2013 593 2052 628 δε

1167 638 1266 674 Vitus
1277 640 1485 685 Presbyteri,
1511 641 1545 676 &
1560 641 1729 685 Eugenius
1754 650 1854 684 atque
1865 641 2053 687 Cyprianus

1169 689 1335 740 Diaconi,
1362 691 1380 725 a
1402 690 1567 734 Sylvestro
1587 691 1752 726 Pontifice
1779 691 1897 737 Legati
1923 692 1966 728 ad
1992 693 2054 738 pri-

1170 751 1257 775 mam
1283 740 1510 776 Arelatensem
1535 740 1727 784 synodum,
1755 752 1959 786 nequaquam
1981 755 2055 788 prae·

1169 789 1339 833 sederunt,
1365 790 1417 826 sed
1445 791 1595 826 sederunt
1621 792 1707 826 inter
1727 790 1828 825 ltaliae
1851 792 2051 837 Episcopos.

1169 840 1318 876 Primum
1344 841 1456 876 locum
1484 840 1600 876 habuit
1627 838 1783 876 Chrestus
1795 842 1979 885 Episcopus
1998 843 2055 885 Sy-

1169 891 1283 926 racusae
1306 917 1313 924 .
1342 892 1385 925 Et
1413 892 1540 935 Synodi
1568 890 1765 927 Sardicenfis
1792 890 1985 935 subscriptio
2010 892 2055 926 fic

1170 939 1268 976 habet
1295 955 1306 975 .·
1340 940 1438 983 Hostus
1463 941 1504 976 ab
1529 941 1683 986 Hispania*
1702 966 1714 983 ,
1734 943 1847 987 Julius
1873 945 1979 976 Romae
2000 949 2058 984 per

1171 990 1383 1024 Archidamum
1410 994 1445 1026 (v
1471 992 1669 1027 Philoxenum
1696 992 1884 1032 Presbyteros
1897 1017 1904 1025 .
1933 992 2059 1027 Hosius

1169 1042 1187 1075 a
1204 1040 1396 1084 quibusdam
1423 1042 1626 1077 existimatur
1652 1054 1708 1086 per
1735 1044 1853 1078 sacram
1866 1042 2060 1078 Constantii

1170 1093 1203 1127 &
1216 1091 1408 1127 Constantis
1420 1092 1650 1136 Augustorum
1670 1092 1843 1136 jussionem
1862 1092 2037 1137 praesedisse
2048 1115 2060 1125 .

1171 1143 1260 1176 Nam
1286 1143 1321 1177 &
1347 1154 1403 1186 per
1424 1141 1565 1178 similem
1594 1143 1731 1186 junioris
1741 1142 1926 1178 Theodosii
1953 1142 2061 1187 justio-

1171 1205 1247 1227 nem
1269 1193 1450 1236 Dioscorus
1477 1191 1689 1228 Alexandriae
1711 1193 1891 1235 Episcopus
1915 1192 2063 1236 praesedit

1173 1242 1337 1286 Ephesino
1349 1243 1544 1277 Latrocinio
1556 1267 1564 1276 .
1591 1243 1636 1279 Et
1648 1241 1729 1277 hinc
1741 1241 1882 1276 Hilarus
1900 1242 2064 1276 Romana

1171 1294 1319 1327 Ecclefiae
1332 1293 1506 1328 Diaconus
1520 1317 1532 1334 ‚
1557 1304 1596 1328 ac
1606 1293 1715 1328 Sancti
1732 1292 1863 1328 Leonis
1885 1291 2064 1327 Pontifici:

1169 1344 1335 1388 Legatus,
1362 1343 1482 1377 ultimo
1494 1343 1567 1377 istic
1581 1343 1655 1386 post
1670 1352 1788 1381 omnes
1810 1342 1992 1385 Episcopus
2013 1342 2064 1376 lo-

1169 1405 1212 1428 co
1234 1391 1316 1429 sedit
1342 1393 1376 1427 ἀ
1392 1390 1591 1436 subscripsit.
1621 1392 1666 1426 Et
1691 1393 1727 1425 in
1746 1390 1911 1436 Ephesino
1937 1390 2062 1426 Conci-

1169 1444 1217 1478 lio
1229 1468 1240 1485 ,
1266 1442 1343 1477 licet
1356 1442 1521 1477 Arcadius
1536 1442 1718 1487 Episcopus
1743 1454 1781 1475 ac
1801 1441 1893 1477 Sedis
1915 1441 2065 1486 Aposto-

1169 1494 1239 1526 licae
1263 1493 1409 1535 Legatus
1435 1492 1553 1524 sederit
1592 1503 1631 1524 ac
1658 1490 1879 1533 subscripserit
1906 1489 2060 1534 proxime

1169 1540 1241 1583 post
1265 1539 1419 1572 sanetum
1447 1538 1616 1581 Cyrillum
1643 1562 1655 1578 ,
1681 1537 1751 1580 ejus
1775 1548 1887 1573 tamen
1914 1540 2063 1584 Collega.

1169 1588 1337 1632 Proiectus
1357 1587 1542 1631 Episcopus
1563 1588 1635 1631 post
1651 1587 1843 1631 Iuvenalem
1869 1588 2066 1632 Hierosoly-

1170 1640 1354 1678 mitanum,
1378 1637 1554 1681 Philippus
1582 1649 1692 1673 autem
1714 1637 1890 1682 Presbyter
1916 1638 1999 1673 sedit
2025 1649 2066 1674 ac

1169 1689 1349 1734 subscripsit
1358 1689 1459 1723 etiam
1469 1688 1539 1732 post
1556 1689 1755 1723 Flavianum
1769 1689 1971 1733 Episcopum
1985 1687 2068 1724 Phi·

1170 1741 1349 1785 lippensem
1379 1765 1388 1772 .
1415 1738 1564 1784 Julianus
1586 1739 1666 1774 item
1689 1738 1824 1774 Coensis
1850 1738 2032 1783 Episcopus
2049 1762 2065 1780 ,

1170 1790 1293 1825 laudati
1306 1790 1430 1825 Leonis
1439 1791 1584 1835 Legatus
1593 1815 1604 1831 ,
1632 1790 1667 1825 in
1681 1789 1943 1826 Chalcedonenfi
1954 1792 2065 1834 Syno-

1168 1841 1213 1875 do
1227 1840 1311 1876 sedit
1336 1841 1421 1875 inter
1433 1841 1518 1874 alios
1529 1841 1714 1885 Episcopos
1729 1866 1740 1883 ‚
1765 1842 1800 1875 δε
1825 1838 1957 1885 quidem
1983 1850 2065 1876 cum

1169 1890 1234 1925 hoc
1247 1890 1371 1925 titulo:
1391 1894 1424 1936 J
1426 1891 1544 1924 ultanus
1556 1897 1707 1926 Civitatis
1721 1890 1840 1933 Coenfis
1867 1889 2038 1934 Episcopus
2050 1914 2064 1932 ‚

1167 1949 1271 1975 tenens
1298 1941 1333 1975 Θ
1355 1939 1418 1984 ipse
1426 1942 1520 1975 locum
1530 1941 1698 1984 Apostolicae
1721 1942 1808 1976 Sedis
1818 1939 1944 1984 senioris
1957 1945 2064 1977 Romae

1168 1994 1276 2026 Leonis
1290 2015 1298 2024 .
1324 1990 1370 2025 Et
1383 1991 1501 2025 iterum
1517 2004 1524 2024 ε
1543 1993 1698 2037 Julianus
1708 1997 1848 2026 minimus
1873 1991 2063 2036 Epiftopus‚

1169 2046 1301 2086 Legatus
1313 2042 1402 2075 Sedis
1415 2041 1582 2084 Apostolicae
1594 2067 1601 2074 .
1628 2043 1673 2078 Et
1688 2043 1774 2077 sexta
1797 2043 1952 2085 Synodus
1964 2040 2064 2077 habet

1169 2090 1225 2124 has
1235 2090 1507 2133 subscriptiones:
1528 2095 1673 2135 Joannes
1691 2091 1862 2136 Episcopus
1884 2092 2065 2136 Tbeffalonl·

1167 2138 1257 2180 cenfi:
1270 2161 1281 2178 ,
1301 2140 1337 2171 (9¹
1349 2138 1517 2180 Apostolicae
1527 2141 1615 2172 sedis
1624 2145 1727 2174 Romae
1737 2144 1870 2185 Legatus
1883 2166 1891 2174 .
1912 2146 1946 2186 J
1948 2154 2063 2177 oannes

1168 2186 1332 2232 Episcopus
1345 2186 1511 2228 Parmensis
1521 2211 1532 2228 ,
1559 2189 1692 2231 Legatus
1703 2195 1795 2222 tonus
1808 2192 1934 2224 concute
1942 2189 2062 2233 sande

1167 2240 1253 2272 Sedis
1266 2237 1432 2280 Apostolicae
1443 2236 1531 2270 Urbis·
1551 2240 1672 2271 Romae,
1699 2237 1869 2281 stephanus
1894 2238 2061 2283 Episcopus

1165 2286 1328 2326 corinthi,
1353 2289 1389 2320 Θ
1412 2289 1546 2330 Legatus
1569 2286 1734 2328 Apostoltcae
1745 2290 1832 2322 Sedes
1854 2295 1989 2332 antiquae
2001 2294 2060 2324 Ro-

1165 2350 1223 2372 mae
1237 2362 1244 2370 .
1272 2335 1405 2371 Eodem
1416 2336 1520 2370 modo
1533 2335 1713 2381 subscripsit
1729 2338 1870 2381 Joannes
1892 2338 2062 2385 Rhegien·

1165 2389 1205 2422 sis
1226 2387 1424 2431 Episcopus.
1453 2387 1582 2421 Omnes
1601 2386 1639 2420 in
1661 2387 1779 2423 ordine
1791 2388 2031 2433 Episcoporum
2043 2416 2053 2425 .

1166 2438 1210 2472 Et
1233 2438 1268 2471 in
1290 2437 1358 2480 ipsa
1370 2437 1459 2471 sexta
1483 2434 1735 2482 Carthaginensi
1749 2438 1890 2482 Synodo
1912 2439 2057 2483 praesedit

1164 2498 1202 2522 ac
1220 2487 1343 2532 primus
1364 2485 1457 2530 loqui
1477 2486 1602 2530 coepit,
1628 2498 1697 2522 non
1721 2488 1895 2523 Faustinus
1910 2489 2056 2533 zozymi

1165 2537 1310 2583 Legatus
1322 2560 1334 2577 ‚
1360 2537 1416 2571 sed
1439 2535 1596 2572 Aurelius
1615 2535 1743 2573 Primas
1764 2538 2032 2584 Carthaginensis
2045 2566 2054 2574 .

1167 2588 1208 2621 Et
1225 2585 1364 2631 Synodo
1377 2586 1616 2631 pontigonensi
1643 2587 1787 2631 Joannes
1806 2589 1963 2624 Aretinus
1978 2591 2056 2635 Epi-

1165 2639 1278 2681 scopus
1292 2660 1303 2677 ,
1329 2647 1367 2670 ac
1375 2636 1469 2671 Sedis
1482 2636 1680 2680 Apostolicae
1691 2639 1838 2682 Legatus
1849 2664 1861 2680 ‚
1873 2640 2054 2684 subscripsit

1163 2687 1233 2731 post
1246 2685 1444 2731 Ansegisum
1460 2687 1714 2731 Metropolitam
1736 2690 1959 2725 Senonensem
1970 2715 1978 2723 .
2006 2691 2052 2726 Et

1164 2737 1241 2772 talia
1254 2737 1402 2780 exempla
1413 2735 1572 2772 habemus
1582 2738 1674 2781 plura
1686 2764 1694 2771 .

1211 2787 1410 2831 Respondeo
1430 2786 1546 2822 Sedem
1572 2785 1805 2832 Apostolicam
1832 2788 1889 2824 hic
1909 2801 1979 2825 non
1999 2790 2052 2827 uti

1160 2838 1231 2882 jure
1240 2837 1415 2884 singulari.
1440 2838 1544 2873 Lucet
1566 2848 1609 2872 ex
1631 2839 1771 2883 septimo
1795 2840 1937 2875 Canone
1948 2840 2053 2875 Trul-

1163 2890 1238 2922 lano
1261 2901 1271 2922 .·
1295 2889 1461 2922 statuimus
1482 2897 1517 2923 ut
1537 2890 1707 2930 Diaconut,
1733 2890 1848 2932 etiamsi
1870 2897 1902 2924 in
1939 2896 2051 2933 quovis

1160 2936 1290 2980 officlofit
1299 2938 1493 2982 Ecclefiastico
1505 2964 1516 2981 ,
1540 2948 1613 2973 ante
1634 2940 1839 2979 Presbyterum
1851 2953 1910 2975 non
1919 2940 2048 2983 sedeat,

1155 2996 1357 3032 praeterquam
1375 2988 1406 3032 fi
1423 2994 1541 3033 proprii
1568 2991 1761 3025 Patriarchae
1786 2993 1840 3025 vel
1846 2992 2048 3033 Metropolim

1159 3045 1252 3074 vicem
1266 3051 1375 3084 gerens
1397 3039 1472 3082 adfit
1485 3046 1518 3073 in
1531 3041 1594 3073 alia
1602 3045 1727 3076 civitate
1732 3040 1824 3084 super
1845 3042 1946 3084 aliquo
1963 3047 2048 3084 capi-

1160 3099 1188 3123 te
1201 3114 1209 3122 .
1234 3091 1315 3123 Tunc
1327 3095 1406 3124 enim
1418 3099 1452 3124 ut
1466 3091 1558 3125 locum
1570 3092 1652 3124 illius
1674 3093 1804 3133 implens
1827 3091 2023 3125 honorabitur
2034 3115 2044 3123 .

1163 3140 1204 3172 Et
1219 3139 1266 3173 ita
1277 3139 1313 3174 in
1323 3141 1417 3175 omni
1431 3142 1554 3185 semper
1564 3141 1710 3185 generali
1729 3142 1869 3185 Synodo
1894 3142 1958 3175 fuit
1983 3142 2043 3175 ser-

1162 3199 1272 3223 vatum
1309 3215 1317 3222 .
1355 3190 1489 3226 Etenim
1529 3192 1564 3225 in
1602 3190 1862 3227 Chalcedonensi
1901 3190 2043 3234 Synodo

1160 3238 1346 3287 Qintillus
1380 3240 1548 3276 Heracleae
1581 3244 1616 3276 in
1648 3241 1784 3286 Illyrico
1821 3240 2044 3275 Provincialis

1163 3290 1340 3333 Episcopus
1358 3291 1481 3327 adsedit
1493 3292 1663 3336 proximus
1683 3292 1829 3336 juvenali
1847 3290 2043 3336 Hierosoly-

1159 3339 1284 3374 mirano
1314 3350 1390 3376 ante
1417 3342 1647 3378 Caesariensem
1681 3343 1829 3378 Ponticae
1855 3341 2042 3375 Dioeceseos

1159 3391 1334 3424 Primatem
1353 3414 1364 3431 ,
1390 3393 1482 3435 quod
1507 3402 1629 3427 teneret
1656 3393 1769 3428 locum
1797 3391 1955 3426 Anastafii
1979 3389 2042 3423 Ar-

1156 3439 1355 3486 chiepiscopi
1381 3441 1683 3478 Theffalonicenfis
1705 3467 1714 3477 .
1749 3441 1917 3477 Lucianus
1946 3439 2042 3495 l}yzae

1957 3499 1994 3522 in
