2366 3756
44 386 160 425 επις.

30 1595 68 1629 C.
84 1597 129 1628 ιθ.

34 2324 110 2359 Cap·
130 2329 174 2357 17.

40 2849 181 2889 'Lex-ca.

45 3427 103 3459 tn.
112 3439 140 3465 4.

868 141 1358 187 chrnrus.
1858 158 1951 203 203

207 236 258 263 m
273 224 461 262 continebat
471 240 485 264 ι
509 223 650 268 tabulis,
661 223 703 259 de
712 224 831 270 quibus
844 224 877 257 in
891 221 1008 258 litteris
1019 220 1089 265 post

214 273 520 313 chalcedonensem
544 274 718 318 Synodum
741 271 943 312 exstantibus
968 272 1088 316 scripsit

212 326 267 362 nd·
280 323 479 362 Anatolium
513 320 922 367 Constantinopolitanum
950 320 1089 365 ‘Episco-

213 383 294 423 pum
312 372 514 419 AEgyptiaca
527 374 700 423 Synodusz
725 371 896 411 Venerabile
906 371 1068 414 Dypticbon
1078 396 1088 412 ,

213 429 320 469 mque
332 430 564 468 piae‘memooiae
582 422 741 472 naifitano·
759 424 806 457 ad
823 421 1089 459 coelonbabennum

214 474 426 519 Episcoporum
450 475 592 510 vocabula
615 471 801 512 commeatur
826 496 837 512 ‚
868 482 941 516 quae·
962 480 1089 515 tempore

210 525 382 570 sant‘lorum
407 523 601 569 Merinum
623 522 780 574 [Μὴ
799 522 926 571 sandius
961 524 1087 572 Regulus

212 578 273 613 rele
292 584 399 611 untur.
419 586 423 596 ··
497 601 499 604 -
582 599 585 601 -
629 593 632 598 ⁷
853 596 855 599 v

263 586 357 662 gum
374 623 559 662 taciendam
583 635 660 662 cum
676 623 775 662 nobis
786 624 918 660 Latinis
929 624 1089 659 unionem

212 674 590 722 constantinopolitanae
609 675 756 713 Eccleliae
778 675 878 712 Clero
899 675 994 709 suafit
1010 699 1023 715 ,
1049 673 1090 709 dc

211 725 418 763 admittenda
451 724 582 770 Papalis
616 726 760 763 nominis
784 725 979 764 recitatione
1003 723 1088 759 dixit

211 774 393 818 Imperator
414 774 561 812 Michael
581 775 798 822 Paleologus:
824 777 915 820 ‚Quid
928 772 1016 818 pona
1036 773 1092 807 ha·-

210 824 261 859 bet
271 825 445 866 canonibus
466 827 631 862 adversum
643 827 774 869 prolatio
790 830 917 867 nominis
929 828 1026 867 Papae
1032 832 1088 866 pu·

211 875 285 912 blica
304 880 343 910 in
356 873 485 920 Ecclefia
499 882 691 916 pronuntiati
711 878 723 910 ?
747 879 853 919 Utique
873 886 938 911 cum
959 875 1065 909 multos
1077 896 1087 913 ,

209 930 264 969 qui
277 927 374 969 Papae
393 934 450 958 non
459 923 533 970 fiant
544 948 555 965 ,
582 937 644 961 mos
654 926 784 962 obtineat
809 928 891 964 &ex
903 924 954 968 usu
965 923 1088 962 tnduda

209 975 355 1016 neceffitas
377 976 574 1016 mpartiendi
596 975 654 1011 tali
657 986 767 1019 genere
783 979 1014 1015 communionis,
1040 984 1089 1006 no·

208 1029 349 1063 minutim
358 1025 550 1066 exprimendo
569 1024 635 1060 illos
649 1049 660 1066 ,
685 1025 756 1067 dum
765 1023 926 1068 presentes
944 1030 978 1058 in
990 1026 1088 1060 Eccle-

205 1073 260 1119 fiae
279 1083 426 1111 conventu
443 1072 556 1122 adsunt
564 1074 729 1113 celebrante
742 1076 896 1112 sacerdote
908 1098 920 1115 ‚
944 1085 981 1107 ac
991 1077 1088 1107 Trini-

134 1154 144 1164 .
210 1127 288 1159 tatis
302 1123 440 1169 gratiam
458 1124 592 1158 mrbus
615 1125 710 1161 dante
726 1130 917 1163 communiter
932 1148 940 1156 .
969 1124 1021 1158 Ita
1036 1122 1087 1157 ha·

146 1200 154 1212 .
211 1173 268 1210 bes
287 1174 374 1219 apud
409 1175 593 1220 Georgium
619 1172 857 1219 Pachymerem
885 1199 893 1211 ,
920 1174 1089 1213 Faciendae

208 1223 333 1261 unioni
351 1222 514 1262 hostiliter
533 1224 759 1263 adversabatur
781 1224 897 1261 Clerus.
914 1248 925 1266 ,
950 1223 1087 1268 ideoque

206 1272 299 1308 hunc
318 1273 407 1311 inter
427 1273 590 1310 tresillius
604 1275 761 1312 articulus
785 1275 981 1320 praecipuum
994 1273 1089 1318 dimi-

205 1323 329 1358 nuebat
354 1322 495 1367 prudens
521 1321 678 1367 Princeps
698 1346 710 1363 ‚
734 1324 873 1363 suaviter
898 1326 933 1360 &
960 1325 1088 1363 fortiter

204 1371 345 1408 conatus
366 1371 522 1410 inducere
543 1372 585 1407 ad
608 1374 712 1417 ipsum
736 1375 994 1421 acceptandum.
1024 1374 1090 1409 Ve-

203 1423 279 1457 rum
301 1421 404 1472 long&
423 1422 487 1458 alia
511 1423 575 1458 fuit
602 1423 691 1460 Cleri
717 1425 877 1462 sententia
900 1450 908 1460 .
935 1424 990 1459 De
1016 1425 1087 1467 ipso

203 1473 297 1507 enim
317 1473 353 1507 in
362 1473 468 1507 varias
483 1473 662 1516 opiniones
679 1473 813 1509 differto
836 1475 941 1519 pergit
960 1473 1089 1517 Pachy-

205 1530 308 1557 meres
323 1534 330 1553 :
359 1524 463 1558 Erant
476 1524 609 1559 nonnulli
621 1529 695 1569 ,qut
705 1525 762 1559 duo
769 1530 875 1566 priora
885 1530 1005 1568 capita„
1031 1523 1087 1559 Pa-

204 1581 253 1614 poe
275 1573 468 1612 Primatum,
493 1573 780 1606 &Provocationem
803 1573 844 1607 ad
868 1574 972 1616 ipsum
995 1596 1006 1612 ,
1025 1570 1088 1612 fine

204 1631 313 1666 magno
322 1622 434 1653 damno
443 1623 577 1655 relaxari
585 1623 662 1663 peffe-
673 1623 802 1654 dicerent
813 1633 822 1662 3
842 1624 954 1663 quippe
965 1631 1086 1663 quorum

203 1677 342 1704 neutrum
362 1669 442 1703 ultra
460 1679 565 1702 nomen
587 1667 754 1711 &speciem
776 1671 820 1703 ad
822 1669 945 1711 fadum
952 1671 1087 1711 procede-

203 1729 268 1758 ret,
288 1716 347 1762 sed
362 1716 418 1760 sub
430 1718 550 1754 obtentu
562 1730 655 1754 vanae
670 1717 887 1764 subJeEionis‚
912 1720 1086 1762 ostentam,

202 1779 264 1802 non
271 1767 414 1801 exhibita
423 1766 523 1810 reipsa
536 1792 547 1809 ,
566 1774 714 1812 integram
725 1792 736 1808 ,
755 1780 808 1803 nec
820 1771 878 1806 ullo
887 1775 1086 1812 interruptam

203 1816 257 1861 usu
268 1842 279 1858 ,
304 1820 420 1852 Graecis
426 1816 568 1860 J‘ervaret
573 1819 659 1857 juris
676 1817 820 1855 bac‘lenus
840 1818 977 1863 usurpati
985 1818 1087 1863 poffefl

200 1864 306 1909 finem
319 1892 328 1900 .
356 1868 457 1911 Longe
478 1867 518 1900 ab
535 1866 585 1903 his
607 1867 761 1912 diversum
782 1870 882 1904 videri
906 1875 1028 1905 tertium
1049 1871 1087 1904 de

202 1924 472 1952 commemoratione
482 1920 578 1959 Papae
598 1923 632 1951 in
643 1920 745 1952 sacro.
774 1922 835 1953 Per
845 1922 882 1955 id
895 1927 977 1954 enim
987 1920 1088 1954 induci

196 1967 254 2009 jus
274 1971 309 2000 in
329 1965 411 2011 usum
423 1990 434 2006 ,
460 1968 494 2003 Cb·
507 1966 604 2000 verba
618 1968 709 2013 fallo
722 1967 851 2011 sanciri.
882 1970 1088 2004 Censuerunt

200 2013 294 2051 hunc
312 2016 376 2051 esse
402 2016 684 2053 fundamentalem
710 2018 745 2052 &
767 2020 942 2062 capitalem
970 2019 1087 2054 articu-

201 2065 273 2101 lum
283 2089 295 2106 ,
320 2065 462 2110 ideoque
474 2066 661 2103 nullatenus
671 2066 915 2104 admittendum
927 2093 936 2101 .

254 2115 299 2149 Et
315 2116 461 2151 omnino
484 2116 698 2152 conformiter
719 2116 760 2152 ad
772 2119 916 2153 rationes
928 2117 975 2151 sui
986 2116 1086 2149 schis-

205 2165 303 2200 matis
321 2189 330 2198 .
356 2167 445 2200 Haec
459 2166 550 2200 enim
571 2166 848 2200 commemoratio
870 2166 916 2198 est
937 2166 1083 2206 suprema

205 2213 499 2248 &honoratisfima
522 2213 771 2247 communionis
792 2213 933 2257 species,
957 2211 1042 2249 adeo
1052 2222 1086 2247 ut

205 2261 248 2295 de
260 2259 400 2306 Josepho
419 2262 528 2306 primo
540 2260 728 2298 Patriarcha
747 2262 1087 2306 Constantinopolita-

206 2322 254 2347 no
275 2311 392 2345 scribat
413 2311 501 2345 idem
515 2311 750 2356 pachymeres:
770 2311 926 2356 Josepbus
949 2315 1088 2346 Patrius»

208 2360 287 2394 ebali
311 2362 431 2395 Palatio
450 2361 569 2404 egreffiss
594 2384 606 2401 ,
632 2360 849 2404 diversabatur
871 2367 903 2395 in
924 2362 1088 2404 Periblepn·

208 2409 401 2454 monasterio,
425 2409 525 2455 salvis
536 2415 562 2445 ei
566 2411 787 2452 proventibus,
812 2413 847 2448 6·
859 2411 964 2447 honore
973 2411 1088 2459 consue-

209 2468 240 2493 to
249 2466 526 2496 commemorationis
549 2466 582 2493 in
594 2463 695 2494 sacro.
723 2461 921 2496 Faciendam
933 2474 1010 2496 cum
1025 2463 1089 2501 La.

208 2509 289 2543 tinis
304 2510 463 2545 unionem
483 2509 613 2553 peffime
623 2511 735 2545 oderat
745 2511 923 2555 Josephus‚
949 2511 1090 2556 ideoque

208 2558 407 2604 dignitatem
426 2559 591 2602 deponere
612 2560 750 2601 maluit,
775 2572 873 2604 quarn
894 2561 989 2598 nobis
1000 2573 1089 2599 com·

210 2609 376 2643 municare
390 2633 397 2640 .
427 2607 590 2651 Deposuit
608 2620 678 2643 non
703 2619 809 2646 totam
831 2634 843 2652 ,
869 2611 923 2646 sed
943 2623 1088 2650 comme-

212 2658 407 2694 morationis
430 2656 592 2693 honorem
612 2660 771 2700 retinuit,
798 2661 904 2696 sciens
927 2658 1015 2696 hunc
1024 2664 1087 2700 esse

213 2719 368 2753 magnam
387 2708 477 2743 istius
499 2710 703 2752 portionem.
730 2710 774 2744 Et
783 2710 826 2744 de
837 2709 960 2745 Alexio
973 2712 1085 2749 Melis-

213 2760 292 2794 seno
303 2758 428 2792 Caesare
439 2782 451 2799 ,
475 2760 532 2802 qui
553 2758 650 2793 nobis
661 2759 809 2795 Flandris
819 2761 958 2804 eripuit,
982 2761 1086 2797 &Im-

214 2809 352 2854 peratori
366 2806 527 2841 Michaeli
548 2808 732 2855 Paleologo
744 2810 884 2845 reddidit
897 2812 1086 2848 Constanti·

212 2858 364 2903 nopolim
379 2881 390 2897 ‚
415 2856 526 2891 scabit
554 2858 717 2904 Georgius
735 2858 898 2897 Phranzes
919 2873 927 2893 τ
954 2864 1085 2905 Impera-

213 2917 282 2948 tor,
308 2917 408 2943 omnes
426 2909 619 2949 Provincia,
645 2910 827 2944 Patriarcba
839 2935 849 2951 ,
875 2911 1016 2958 universa
1027 2915 1083 2947 Ec.

213 2956 292 2998 ciefia
312 2963 345 2990 in
365 2969 412 2991 ore
428 2956 599 2999 habebant,
624 2959 659 2993 ὀ·
674 2961 739 2993 coelo
758 2961 897 2995 laudibus
918 2962 1083 3004 aequabant

217 3005 384 3050 casarem.
411 3011 447 3040 In
470 3012 595 3042 Divinis
614 3013 761 3050 praterea
782 3010 916 3055 acsacrts
936 3013 1083 3056 liturgiis,

214 3063 248 3090 in
267 3056 399 3090 omnibus
424 3062 496 3090 item
517 3058 627 3091 ritibus
640 3082 651 3099 ‚
677 3060 804 3101 &officio
815 3060 972 3105 sacrarum
983 3063 1082 3097 Eccle-

210 3105 322 3147 fiarum
334 3131 344 3147 ,
368 3107 450 3140 clara
471 3117 538 3140 voce
549 3109 613 3148 ejus
636 3115 745 3142 mentio
760 3111 873 3153 fiebat.
899 3111 1022 3154 Insuper
1039 3124 1081 3146 or-

217 3167 360 3190 namenta
381 3154 442 3197 lt‘ve
466 3155 588 3201 infignia
613 3156 745 3201 Caesaris
774 3160 908 3206 gestabat
932 3163 1081 3205 quotidie,

215 3213 327 3248 quavis
352 3205 425 3239 bora
446 3208 479 3240 t&
491 3208 570 3246 loco,
596 3208 685 3241 donec
704 3213 773 3243 vita
788 3209 974 3256 suppeteret.
1002 3212 1081 3247 Haec

215 3256 355 3290 clausula
367 3278 377 3294 ‚
404 3260 499 3291 Donec
509 3263 576 3291 vita
581 3255 767 3300 suppeteret,
793 3262 899 3308 tangit
912 3263 978 3296 sola
989 3274 1083 3297 orna.

216 3316 327 3341 menta
340 3307 478 3341 Caesarea
490 3332 500 3348 ‚
519 3318 721 3352 nequaquam
730 3311 874 3345 nominis
886 3323 1082 3347 commemo-

215 3356 378 3391 rationem
399 3382 406 3389 .
434 3357 539 3392 Lucet
560 3366 602 3392 ex
619 3358 653 3393 N
658 3357 810 3402 icephoro
831 3360 1000 3407 Gregora,
1025 3364 1081 3407 qui

216 3405 311 3440 refert
334 3406 446 3443 eadem
472 3407 587 3444 omnia
612 3432 623 3450 ,
658 3409 692 3443 &
717 3407 866 3456 adjungit
887 3423 896 3444 ι
921 3415 1082 3457 Imperator

1148 223 1295 263 praterea
1307 223 1472 257 mandavit
1481 246 1492 264 ‚
1513 229 1549 256 ut
1556 233 1662 257 nmen
1671 221 1805 268 caesaris
1811 232 1868 268 per
1876 231 2024 272 integrum

1153 282 1264 304 annum
1285 275 1347 306 una
1355 284 1421 307 cum
1442 277 1658 315 Imperatorum
1676 279 1709 307 in
1728 275 1861 309 omnibus
1878 280 2026 313 Romanis

1155 323 1322 360 Provinciis
1347 348 1359 369 ‚
1383 327 1506 366 numnis
1532 347 1543 368 ‚
1569 321 1691 372 aliisque
1716 326 1874 363 Laudibus
1902 327 2027 363 celebra·

1150 380 1244 408 Velm,

1203 421 1411 461 Universalis
1429 420 1550 466 quippe
1572 423 1606 456 ὅ(
1618 434 1767 467 perpetua
1791 425 1936 463 nominis
1950 426 2029 462 reci-

1153 471 1236 506 tatio
1257 473 1303 508 est
1325 473 1501 516 privativus
1520 471 1556 507 1&
1576 471 1897 510 incommunicabilis
1918 475 2031 512 chara-

1153 521 1218 558 §ler
1239 520 1399 568 Augustae
1420 520 1602 564 Maiestatis
1616 545 1624 553 .
1651 522 1746 556 Hinc
1757 523 1896 566 Joannes
1906 526 2030 561 Canta·

1150 582 1297 609 cuzenus
1311 597 1323 617 ,
1335 573 1414 607 dum
1426 573 1459 609 se
1468 571 1701 615 Imperatorem
1712 573 1887 610 ostentaret
1904 577 1938 613 ἃ
1949 574 2030 610 Phe·

1152 632 1289 657 ranorum
1310 621 1471 666 obsideret
1494 622 1660 656 civitatem
1678 647 1690 663 ,
1716 623 1781 658 illis
1802 623 2031 661 liberationem

1152 672 1283 710 &varia
1304 672 1474 719 privilegia
1491 672 1614 708 obtulit
1635 672 1694 706 sub
1720 671 1781 710 hac
1803 674 1901 710 unica
1918 675 2032 711 condi-

1152 722 1266 757 tione:
1293 723 1548 760 &tantummodo
1569 725 1658 756 Anna
1682 725 1894 765 Imperatrice,
1919 726 2031 766 &ejus

1147 771 1211 818 filio
1223 776 1402 815 Imperant
1422 777 1584 806 nominatis
1596 796 1608 812 ,
1627 770 1662 817 se
1672 783 1782 817 quoque
1799 774 1905 807 eadem
1915 773 2031 809 ,honoris

1151 824 1349 864 appellatione
1367 833 1434 856 cum
1454 824 1518 856 illis
1537 823 1731 865 dignarentur
1752 846 1763 863 ,
1785 825 1967 865 perinquue
1982 823 2032 867 sui

1151 877 1184 907 in
1208 870 1385 915 solemnibus
1408 870 1562 917 sacrificiis
1589 872 1783 916 meminiffent
1810 898 1817 905 .
1844 872 1971 906 Verum
1997 873 2032 906 δε

1151 922 1295 959 civitatis
1309 922 1507 967 Episcopus,
1532 923 1567 957 δε
1579 922 1819 957 Constantinus
1831 921 2029 967 Paleologus

1152 972 1293 1015 ejusdem
1318 973 1487 1008 PraefetIIus
1543 972 1800 1010 constantiffime
1834 974 2032 1007 refutarunt.

1152 1023 1280 1060 Omnes
1299 1021 1389 1057 enirn
1410 1033 1473 1059 tres
1493 1032 1611 1057 norant
1632 1023 1726 1059 istam
1748 1023 2035 1058 commemoratio-

1155 1083 1230 1110 nem
1252 1074 1314 1111 effe
1334 1083 1434 1110 unam
1454 1071 1472 1109 ὲ
1491 1072 1646 1120 ‚supremis
1670 1073 1827 1123 Augusta
1853 1071 2035 1116 Maiestatis

1153 1122 1393 1169 dignitatibus,
1417 1122 1510 1159 &ita
1533 1133 1829 1161 commemoratum
1851 1123 1986 1169 agnosci
2000 1122 2036 1156 in

1153 1175 1402 1217 Imperatorem.
1429 1170 1542 1210 Habes
1564 1171 1632 1207 haec
1653 1171 1739 1215 apud
1761 1174 1927 1215 praefatum
1949 1172 2038 1206 Can-
2051 1179 2113 1210 Lib.
2136 1187 2164 1217 3.

1153 1233 1367 1260 tacuzenum.
1392 1222 1448 1260 De
1469 1222 1577 1257 fractis
1597 1222 1698 1267 longa
1719 1222 1853 1259 tandem
1866 1220 2037 1257 obfidione
2052 1229 2169 1259 cap-55·

1156 1272 1295 1309 Pheraeis
1316 1273 1404 1311 idem
1432 1273 1577 1315 Scriptor
1608 1268 1715 1318 pergit
1738 1284 1746 1307 :
1774 1278 1985 1309 Cantacuzeno
2003 1279 2037 1305 ut

1155 1329 1331 1366 Imperatori
1344 1321 1482 1366 faustum
1503 1322 1738 1362 adclamarunt,
1764 1323 1875 1365 ⁴&eius
1893 1326 1927 1357 in
1938 1324 2037 1357 sacris

1151 1379 1347 1408 meminerunt
1362 1397 1370 1405 .
1397 1372 1442 1408 Et
1452 1371 1495 1409 de
1511 1372 1683 1418 semetipso
1697 1371 1904 1416 Bizyenfium
1927 1370 2037 1407 civita-

1150 1434 1217 1458 tem
1242 1430 1425 1466 occupante
1444 1421 1667 1466 prosequitur:
1693 1420 1749 1457 Ubi
1771 1422 1815 1456 ad
1830 1421 2036 1464 pertusant,

1146 1474 1279 1515 primum
1300 1473 1419 1517 quidem
1434 1475 1531 1505 Annae
1552 1475 1759 1512 Imma-atrici,
1785 1472 1894 1505 deinde
1904 1470 1961 1510 filio
1970 1473 2036 1510 ejus

1150 1526 1348 1564 Imperatori,
1369 1519 1513 1563 pstremo
1531 1518 1590 1559 fibi
1608 1519 1643 1551 &
1665 1521 1764 1551 Irenae
1784 1526 1869 1553 uxori
1880 1518 1945 1562 suae
1962 1519 2037 1560 fau·

1142 1570 1221 1609 stum
1243 1569 1408 1603 adclamari
1423 1568 1525 1607 juffit.
1554 1569 1670 1599 Eodem
1693 1568 1777 1601 modo
1786 1574 1842 1609 per
1862 1568 1941 1602 alias
1952 1568 2037 1602 urbes
2054 1564 2131 1602 0²1⁷·
2153 1573 2198 1601 ¹9·

1146 1619 1235 1661 fieri,
1261 1619 1388 1654 &inter
1406 1615 1638 1660 sacrificandum
1653 1616 1792 1660 simliter
1816 1622 2037 1660 Imperatorum

1150 1675 1323 1704 memoriam
1340 1665 1480 1703 celebrari
1499 1668 1612 1701 voluit.
1642 1668 1752 1703 Etiam
1775 1667 1817 1702 de
1840 1670 1985 1704 exaltato
2000 1669 2035 1703 in

1150 1721 1384 1761 Imperatorem
1396 1716 1468 1753 filio
1481 1718 1539 1753 suo
1551 1714 1713 1752 Matthaeo
1734 1717 1864 1754 scribit:
1892 1718 2037 1752 Mattbaei
2053 1722 2085 1753 Ι..
2095 1731 2123 1757 4.
2134 1730 2197 1762 cap.

1147 1768 1272 1811 pedibus
1293 1766 1425 1802 induHae
1444 1767 1573 1809 crepidae
1590 1775 1774 1810 purpure-e,
1801 1769 1836 1802 ὰ
1847 1773 1928 1802 tiara
1947 1770 2037 1810 lapil-
2054 1771 2103 1798 3¹·

1148 1821 1170 1853 li
1191 1819 1224 1851 (a
1239 1822 1416 1861 margaritis
1437 1825 1546 1851 ornata
1566 1824 1624 1860 pro
1645 1828 1721 1851 more
1743 1823 1834 1859 capiti
1854 1821 1920 1859 ejus
1946 1824 2038 1860 imp·-

1143 1868 1201 1910 fita
1214 1893 1225 1909 ,
1244 1867 1358 1910 faussae
1380 1867 1600 1903 acclamationes
1626 1865 1818 1910 insonuerunt
1844 1892 1855 1908 ,
1881 1870 1916 1902 Θ
1929 1873 1962 1901 in
1986 1870 2039 1902 Sa·

1149 1924 1208 1952 cris
1228 1919 1296 1959 ejus
1331 1925 1365 1949 ut
1389 1918 1567 1961 reliquorum
1602 1921 1815 1959 Imperatorum
1846 1917 2038 1961 frequentari

1150 1975 1245 2010 coepta
1254 1972 1393 2000 memoria
1407 1991 1414 1999 .
1436 1970 1470 2012 J
1470 1973 1577 2000 oannis
1591 1976 1690 2001 autem
1710 1979 1815 2002 nomen
1832 1975 1864 2002 in
1876 1971 2039 2003 acclaman-

1150 2019 1186 2050 do
1198 2041 1210 2057 ,
1235 2027 1327 2060 atque
1345 2021 1423 2050 inter
1463 2019 1553 2050 sacra
1567 2015 1650 2060 socer
1669 2024 1761 2051 taceri
1765 2019 1847 2060 juffit
1861 2044 1870 2058 ,
1898 2021 1932 2053 o·
1944 2024 2040 2054 Annae

1152 2071 1333 2108 imperatrici
1358 2091 1371 2107 ,
1405 2078 1441 2100 ac
1483 2073 1581 2108 nepoti
1607 2069 1771 2102 Andronico
1806 2070 1974 2103 adclamari
2006 2078 2040 2104 ut

1146 2116 1234 2156 prius
1259 2138 1272 2153 ,
1311 2116 1347 2146 ‘S'
1371 2120 1404 2146 in
1432 2115 1528 2155 Miffae
1548 2114 1698 2156 sacrificio
1716 2118 1830 2159 eosdem
1868 2125 2039 2152 nominari.

1152 2163 1289 2210 Qanto
1300 2161 1374 2198 zelo
1388 2161 1535 2198 Romani
1549 2185 1561 2201 ,
1586 2163 1621 2196 δι
1632 2164 1773 2207 gentiles
1783 2167 1817 2198 ἀ
1831 2166 2012 2201 Christiani
2027 2191 2038 2207 ,

1151 2214 1364 2257 Imperatores
1375 2212 1496 2256 semper
1509 2211 1672 2246 voluerint
1685 2223 1858 2257 purpuram
1870 2217 1933 2249 effe
1945 2218 2037 2259 peni-

1149 2263 1203 2298 tus
1237 2260 1587 2297 incommunicabilem
1611 2285 1623 2301 ,
1649 2264 1850 2298 unanimiter
1888 2266 2033 2301 clamant

1150 2322 1266 2347 omnes
1292 2309 1521 2347 Romanarum
1545 2311 1670 2345 Rerum
1691 2313 1873 2358 Scriptores
1897 2338 1903 2346 -
1932 2316 2033 2359 Apud

1150 2371 1391 2408 quemcumque
1412 2360 1462 2394 vel
1487 2361 1649 2396 vetustum
1671 2373 1814 2407 purpurae
1825 2366 2033 2409 segmentum

1152 2410 1385 2458 reperiebatur,
1410 2419 1478 2445 erat
1498 2412 1659 2455 suspettus
1679 2411 1720 2447 de
1745 2413 1905 2449 adfectato
1930 2417 2035 2460 impe·

1152 2462 1225 2502 rio,
1250 2461 1363 2496 &laesa
1385 2460 1573 2504 Maiestate.
1600 2462 1728 2497 Similis
1751 2464 1924 2511 dignitatis
1946 2465 2032 2510 apud

1153 2511 1356 2547 Christianos
1376 2511 1590 2555 Imperatores
1616 2514 1679 2547 fuit
1700 2514 1760 2548 ista
1785 2516 1933 2550 nominis
1943 2527 2033 2551 com·

1151 2561 1362 2598 memoratio.
1390 2560 1434 2595 Et
1453 2558 1533 2595 hinc
1558 2561 1736 2607 Imperator
1754 2564 1896 2608 Ioannes
1911 2565 2033 2602 Canta·

1150 2623 1290 2648 cuzenus
1314 2611 1427 2645 volens
1451 2612 1577 2649 cunetis
1611 2611 1834 2650 demonstrare
1868 2615 2031 2662 collegam

1153 2663 1244 2696 suum
1265 2663 1425 2705 Ioannem
1436 2660 1654 2707 Paleologum
1667 2663 1733 2706 jam
1744 2666 1807 2699 effe
1828 2666 1864 2698 in
1877 2667 1930 2699 sua
1942 2677 2033 2701 men·

1151 2721 1183 2746 te
1192 2709 1399 2756 degradatum
1413 2734 1425 2751 ,
1447 2711 1516 2759 ejus
1527 2724 1650 2749 nomen
1661 2713 1748 2756 juffit
1759 2715 1878 2749 taceri.
1906 2715 1950 2749 Et
1960 2713 2029 2750 haec

1148 2763 1192 2799 est
1204 2761 1346 2798 omnino
1357 2760 1460 2807 prima
1470 2761 1563 2796 radix
1575 2764 1642 2798 nati
1656 2763 1741 2797 inter
1752 2764 1838 2808 ipsos
1850 2764 1927 2799 belli
1939 2789 1948 2798 .

1198 2811 1348 2846 Eandem
1360 2822 1508 2845 normam
1522 2811 1622 2847 hodie
1635 2814 1813 2860 sequuntur
1823 2814 2027 2850 Francorum

1148 2861 1299 2896 Proceres
1316 2861 1515 2905 &Episcopi
1528 2885 1536 2894 .
1561 2861 1668 2896 Lucet
1687 2874 1729 2896 ex
1753 2861 1908 2907 Stephani
1929 2864 2025 2899 Baiu-

1145 2912 1186 2946 zii
1197 2910 1238 2946 ad
1247 2910 1629 2957 Sanctum-Agebardum
1641 2913 1897 2958 Lugdunensem
1909 2913 2025 2951 Archi-

1144 2962 1329 3006 episcopum
1351 2960 1488 2996 Scholio
1513 2986 1525 3004 ,
1552 2962 1645 3006 cujus
1670 2963 1749 3000 volo
1771 2964 1935 3009 integrum
1957 2974 2025 2999 tex-

1145 3022 1214 3047 tum
1224 3011 1401 3048 adducere.
1429 3011 1573 3057 Augusti
1587 3013 1733 3048 nominis
1749 3013 1789 3047 ad
1800 3015 1896 3049 Sacra
1913 3015 2024 3048 recita·
2051 3014 2056 3020 '

1146 3062 1271 3097 tionem
1305 3060 1505 3106 Agobardus
1538 3063 1573 3097 in
1599 3062 1715 3098 litteris
1741 3062 1782 3098 ad
1807 3063 2021 3102 Ludovicum

1145 3111 1242 3147 Pium
1261 3111 1493 3154 Imperatorem
1513 3112 1554 3146 de
1575 3112 1716 3156 Judaicis
1739 3112 2021 3157 superstitionibus

1144 3160 1281 3206 appellat
1287 3158 1404 3206 solitam
1410 3170 1466 3204 pro
1477 3165 1613 3204 Principe
1623 3163 1841 3204 interceffionem
1852 3188 1862 3203 ‚
1876 3165 1909 3197 &
1923 3163 2023 3197 Balu—

1145 3213 1214 3247 zius
1225 3220 1480 3248 commentatur:
1506 3212 1642 3248 solebant
1655 3215 1803 3255 Principis
1826 3224 1929 3246 nomen
1950 3217 2023 3246 reci·

1145 3272 1208 3296 tare
1218 3266 1295 3296 inter
1304 3260 1432 3301 mysteria
1443 3287 1450 3296 .
1473 3263 1672 3296 Tertullianus
1681 3270 1778 3306 capite
1791 3261 1932 3306 trngefimo
1942 3266 2016 3304 Apo-

1147 3314 1256 3355 logetici
1267 3324 1278 3345 .·
1294 3310 1367 3346 Nos
1378 3312 1466 3346 enim
1480 3324 1538 3356 pro
1548 3313 1648 3348 salute
1658 3314 1893 3357 Imperatorum
1906 3312 2018 3346 Deum

1147 3363 1331 3396 invocamus
1351 3370 1523 3398 aeternum.
1549 3362 1655 3405 Infra:
1681 3364 1822 3398 Oramus
1843 3373 1901 3407 pro
1913 3362 2020 3395 omni-

1147 3412 1205 3448 bus
1229 3411 1479 3456 Imperatotibus
1496 3437 1507 3456 ,
1533 3413 1634 3449 vitam
1659 3411 1708 3448 illi
1734 3414 1905 3492 prolixan}
1921 3433 1932 3449 2
1958 3411 2016 3444 im·

1839 3471 1879 3504 pe
1897 3469 1965 3494 ium

2270 1789 2287 1811 τέ
