2366 3756
78 317 130 350 Lib
158 325 182 354 3.
202 327 221 348 c

83 367 148 390 ποι·

71 1691 142 1731 Cap.
167 1701 192 1728 5.

71 2411 133 2445 Lib.
153 2422 177 2442 ι·
194 2420 220 2443 c-

72 2461 86 2488 3

540 137 1074 201 Concilium
1144 147 1791 199 Τι-ιοιοεΛΝυΜ.

243 238 334 275 niam
355 235 532 272 celebravit
550 236 724 279 synodum
744 261 756 278 ,
784 236 819 270 δε
842 235 931 271 hunc
958 235 992 269 in
1013 233 1123 270 Sancti

241 289 358 332 §vonis
367 287 514 322 Decreto
522 286 724 322 custoditum
737 286 832 320 nobis
843 286 1019 321 Canonem
1044 283 1122 321 emi-

240 339 280 373 fit
293 352 305 373 .-
331 339 428 382 ,Quid
439 341 583 378 Decima,
610 347 679 379 quae
696 338 718 370 ἇ
736 335 875 378 fidelibus
895 337 989 369 datur
1013 360 1026 377 ,
1063 339 1120 369 Dei

242 386 343 432 eenfics
361 390 581 431 nuncupandus
602 386 665 427 est,
691 387 726 421 (5·
746 389 807 419 Deo
816 397 855 420 ex
864 391 978 430 integro
999 387 1123 420 redden-

240 439 287 474 da
298 464 305 471 .
331 439 432 480 cujus
448 443 539 473 tertia
553 444 630 479 paers
642 459 653 476 ,
674 434 834 478 siccandum
845 439 996 471 canonem
1007 437 1122 470 Toleta-

242 500 338 530 num,
363 484 575 533 Episcope'rum
591 485 643 529 effi
652 484 756 519 debet.
785 491 852 520 Nos
875 490 949 521 vera
970 486 1027 520 bac
1041 494 1122 529 pote-

238 538 316 580 state
324 544 370 573 uti
392 539 547 577 nolumus,
568 534 626 579 sed
643 537 764 569 tantum
777 536 902 581 fingulis
922 543 1014 571 annis
1033 547 1123 580 quar-

242 597 311 623 tam
323 595 442 632 partem
452 589 553 629 Juxta
567 584 651 630 usum
661 589 860 620 Romanorum
870 590 958 622 Ponti
956 587 1045 630 ficum
1057 610 1069 626 ,
1089 587 1123 621 θ

243 638 466 682 observantiam
487 637 607 671 SanHae
625 639 771 671 Romame
782 637 913 680 Ecckfiae
925 662 936 678 ‚
960 639 999 671 de
1020 637 1123 670 eadem

242 688 351 725 babere
361 688 510 723 volumus.
536 687 657 722 Canon
676 685 787 722 lucide
810 688 929 724 clamat
942 687 1122 732 Episcopos

242 737 285 774 ab
295 739 382 774 avita
393 739 493 773 suain
503 737 649 774 Ecclefiae
660 736 871 774 substantiam
896 738 1055 782 potestate
1074 737 1123 771 in·

243 790 331 824 vitos
349 787 500 823 receffiffe
511 811 523 828 ‚
545 787 737 832 quibusdam
754 788 909 831 placuisse
932 786 1121 832 tripartitio-

242 849 323 874 nem
341 837 574 881 Hispanicam,
598 849 637 873 ac
655 849 772 873 omnes
792 839 926 874 tandem
948 839 984 872 in
1001 838 1123 872 Roma-

243 899 322 925 nam
343 885 672 932 quadripartitionem
692 888 901 924 consensisse.
923 888 1121 929 canonem,

243 947 411 982 tamquam
432 938 491 971 suo
503 947 650 983 tempore
661 939 824 974 famosum
836 940 869 974 δε
892 939 1123 974 fundamenta-

240 988 310 1022 lem
331 1011 343 1028 ,
362 987 421 1022 suo
443 986 629 1031 Capitulari
654 988 788 1023 inseruit
804 1013 816 1030 ,
837 990 895 1032 qui
917 987 975 1024 sub
998 989 1122 1023 Carolo

240 1037 375 1083 Magno
395 1036 507 1072 floruit
525 1062 538 1079 ,
565 1038 675 1074 Hatto
700 1038 882 1074 Basileenfis
914 1039 1099 1083 Episcopus
1114 1064 1125 1080 ,

242 1098 343 1132 atque
367 1087 413 1122 ita
442 1088 570 1124 constat
591 1089 697 1133 ipsum
718 1097 799 1124 tunc
825 1090 919 1125 fuisse
947 1090 1122 1134 antiquum

241 1138 278 1173 ἀ
288 1137 544 1173 Bonifaeianum
557 1164 565 1172 .
585 1138 694 1183 Ipsum
704 1139 892 1175 executioni
903 1151 941 1175 ac
952 1139 1123 1176 observan-

241 1187 296 1222 tiae
315 1187 538 1225 mandandum
549 1189 686 1225 credidit
705 1188 766 1225 hae
781 1190 835 1226 via
852 1191 963 1226 Hatto
976 1215 988 1233 ,
1010 1189 1122 1225 verum

242 1236 300 1273 illa
320 1238 383 1273 fuit
404 1236 572 1274 difficilior
591 1265 599 1273 .
624 1239 730 1278 Lucet
748 1251 791 1276 ex
818 1241 997 1277 Canonum
1014 1241 1124 1275 conse-

240 1288 394 1332 quentia.
420 1288 557 1324 Etenim
579 1300 642 1324 nec
661 1289 912 1333 Cabssonenfis,
934 1302 995 1326 nec
1014 1291 1123 1326 Turo-

241 1337 372 1378 nensis,
392 1348 455 1373 nec
476 1338 649 1375 Remenfis
670 1366 681 1383 ,
710 1352 772 1376 nec
801 1341 1007 1387 Moguntina
1027 1365 1039 1382 ‚
1061 1352 1124 1376 nec

241 1386 307 1423 ulia
327 1386 387 1423 sub
408 1387 522 1423 Caroli
543 1389 664 1434 Magni
685 1390 808 1433 Regno
826 1401 883 1424 aut
893 1390 1035 1434 Imperio
1045 1391 1126 1424 eele-

241 1436 335 1473 brata
353 1437 529 1480 synodus,
550 1438 679 1473 nullum
702 1438 781 1473 item
798 1438 943 1482 ejusdem
964 1438 1126 1482 Principis

243 1485 459 1528 Capitulare',
481 1487 607 1520 nullam
627 1488 727 1520 etiam
754 1487 812 1520 sub
837 1488 906 1529 ejus
922 1488 996 1521 filio
1013 1488 1126 1522 Ludo-

240 1532 316 1567 vico
332 1543 392 1566 aut
409 1542 500 1575 patre
521 1532 668 1576 Pippino
689 1536 758 1567 asta
768 1534 922 1574 synodus
937 1535 1125 1569 Romanam

238 1580 571 1626 quadripartitionem
586 1580 839 1618 Cathedralibus
859 1582 1010 1619 Ecclefiis
1021 1584 1127 1627 impo-

237 1633 291 1669 ‚nit
314 1656 323 1664 .
351 1630 500 1666 Primum
521 1632 687 1667 Ludovici
715 1632 907 1677 Capitulare
929 1634 972 1668 fic
1007 1632 1125 1668 habet:

237 1683 390 1717 statutum
407 1681 448 1722 est
468 1705 479 1722 ,
504 1683 657 1725 quidquid
678 1691 811 1726 tempere
834 1688 958 1726 Imperii·
982 1684 1073 1726 nostri
1098 1685 1120 1717 ἃ

235 1731 372 1776 fidelibus
392 1731 527 1774 Ecclesiae
544 1731 647 1776 sponte*
667 1734 806 1768 collatum
818 1733 920 1775 fuerit
933 1758 945 1775 ,
970 1740 1003 1768 in
1011 1735 1127 1768 ditiori·

237 1781 291 1816 bus
310 1782 378 1816 locis
399 1783 476 1817 duas
490 1791 598 1825 partes
620 1789 653 1816 in
675 1782 745 1827 ufic:
765 1792 934 1827 pauperum
955 1810 967 1827 ,
1004 1790 1127 1819 tertiam

238 1838 273 1867 in
285 1831 438 1875 stipendia
455 1835 557 1867 cedere
579 1835 756 1869 elericorum
773 1844 828 1868 aut
840 1835 1070 1879 Monacborum,
1092 1840 1127 1869 in

239 1882 403 1916 minoribus
425 1886 497 1917 vera
515 1886 584 1921 locis
609 1886 694 1927 aeque
713 1890 794 1919 inter
805 1885 926 1919 clerum
936 1887 1126 1928 &pauperes

234 1932 305 1977 J‘ore
323 1934 541 1967 dividendum.
569 1934 641 1976 Nzfi
650 1934 736 1976 forte⁷
758 1938 779 1968 ἃ
798 1937 953 1970 datoribus
965 1961 977 1977 ‚
1001 1935 1054 1969 ub}
1061 1935 1126 1980 spe-

238 1982 355 2016 cialiter
374 1983 487 2017 dandae
504 1983 588 2026 sint,
605 1984 706 2027 fuerit
724 1986 929 2026 constitutum.
957 1983 1056 2021 Nihil
1082 1986 1125 2020 E-

239 2032 396 2077 piscopo,
422 2032 509 2068 nihil
529 2034 659 2070 fabricae
674 2034 826 2070 adscribit
848 2050 860 2071 :
885 2036 961 2071 Nec
982 2036 1025 2071 de
1049 2047 1126 2082 qua·

238 2082 289 2117 vis
309 2083 421 2119 statuit
442 2084 642 2126 substantia,
669 2084 723 2122 sed
747 2086 789 2120 de
809 2084 876 2121 sola
902 2086 961 2121 sub
983 2087 1043 2121 suo
1063 2087 1128 2122 lm·

237 2134 331 2176 perio
349 2134 546 2181 acquirenda
559 2161 567 2168 .
594 2136 639 2170 Et
657 2136 784 2170 videtur
804 2136 846 2170 de
873 2137 950 2170 solis
960 2136 1126 2171 Monaste-

237 2183 296 2217 riis
315 2184 430 2229 loqui,
455 2197 494 2220 ac
506 2185 656 2220 Ecclesiis
669 2183 934 2220 parochialibus.
963 2185 1056 2218 Nam
1067 2185 1126 2217 sub

238 2231 383 2273 ejusdem
403 2232 548 2276 Imperio
568 2232 727 2267 celebrata
753 2234 842 2267 sexta
860 2230 1043 2267 Parifienfis
1068 2233 1129 2276 Sy-

239 2280 350 2315 nodus
370 2281 413 2316 de
431 2282 672 2326 Episcoporum
685 2282 819 2316 avaritia
830 2281 1012 2324 graviffime*
1022 2284 1128 2324 queri·

238 2339 315 2370 tur,
339 2330 554 2375 &adjungit:
582 2333 779 2374 ,Quamquam
788 2329 951 2363 meoritas
974 2335 1127 2364 Canonica

237 2380 340 2413 doceat
350 2404 362 2420 ,
387 2387 421 2413 ut
431 2386 542 2423 quarta
547 2380 627 2422 pars'
638 2381 828 2413 Dec-imarum
838 2381 873 2414 δ’
892 2380 1068 2414 reddituum
1086 2392 1126 2415 ex

236 2428 431 2464 oblationibus
439 2429 574 2471 fidelium
582 2433 616 2463 in
628 2427 700 2473 usus
710 2427 925 2472 Eplfhoporum
936 2431 1022 2464 cedat
1033 2453 1043 2469 ,
1062 2430 1124 2465 uba·-

237 2490 359 2522 cumque
368 2487 471 2513 tamen
490 2477 656 2522 Epiftopus
672 2478 731 2523 sua
753 2479 865 2521 Ira-bet,
886 2478 954 2523 suis
974 2488 1125 2515 contentus

233 2528 294 2574 [ὰς
319 2528 372 2562 ubi
391 2537 493 2563 autem
503 2528 582 2563 nibil
589 2541 688 2563 rerum
707 2529 841 2571 Ecclefiae
858 2528 921 2572 suae
941 2529 1030 2564 babet
1042 2556 1054 2572 ,
1079 2542 1126 2565 ac·

237 2584 332 2621 aptat
350 2579 388 2613 de
407 2587 570 2619 memorata
592 2589 703 2622 quarta
720 2587 811 2621 parte
822 2579 881 2622 fibi
894 2578 1016 2624 suffque
1027 2604 1038 2621 ,
1064 2592 1124 2615 non

239 2629 322 2671 quod
338 2635 477 2664 avaritia
490 2627 620 2674 suaserit
640 2653 652 2670 ,
683 2627 743 2674 sed
756 2631 855 2672 potius
873 2632 956 2674 quod
974 2632 1123 2672 neceffitaes

239 2679 410 2721 compulerit
425 2705 439 2727 Ι.
475 2680 627 2714 Caeten'cm
639 2678 669 2721 si
683 2681 846 2723 amitiendi
865 2681 951 2715 nulla
973 2682 1123 2724 mceffitas

240 2727 369 2772 ursertt',
393 2729 471 2764 nibil
489 2731 527 2764 de
546 2739 710 2765 memorata
729 2738 840 2773 quarta
858 2739 950 2773 parte
972 2737 1125 2774 accipiat,

238 2777 297 2823 sed
313 2779 408 2822 ufibus
427 2779 622 2822 Ecclesia-um
641 2782 676 2814 Θ
692 2780 877 2823 pauperum
887 2781 999 2822 christi
1014 2788 1123 2826 imper-

241 2829 380 2863 tiendam
386 2828 547 2874 secundum
557 2829 634 2864 banc
642 2828 857 2874 dispofittonem
867 2832 1021 2875 relinquat
1032 2857 1040 2864 .
1058 2832 1123 2868 Lu·

240 2876 319 2913 cide
335 2881 405 2924 agit
427 2880 469 2915 de
489 2880 566 2915 solis
589 2880 742 2915 Ecclesiis
763 2881 967 2926 Pagenfibus
989 2906 1001 2923 ‚
1025 2883 1061 2917 &
1082 2883 1124 2917 ab

241 2928 319 2974 ipsis
338 2928 565 2975 Episcopalem
585 2940 732 2974 quartam
753 2942 822 2967 non
846 2931 916 2966 vult
946 2932 1003 2967 nisi
1029 2933 1123 2977 iuxta

240 2980 392 3024 praecisos
416 2978 525 3026 rigidae
548 2980 741 3016 necessitatis
765 2981 885 3016 limites
908 2984 1097 3026 extorqueri
1116 3008 1123 3015 .

242 3030 294 3064 Et
311 3029 347 3064 iu
358 3029 537 3065 Canonicis
555 3029 597 3065 ad
608 3031 859 3067 Laudunensem
884 3031 1058 3068 Ecclesiam
1082 3033 1124 3068 de

239 3078 399 3115 ordinato
423 3078 648 3124 Hedenulpho
673 3081 838 3126 Episcopo
864 3082 980 3118 litteris
1014 3083 1123 3118 scribit

241 3129 447 3165 Hincmarus
469 3128 684 3176 Metropolita
725 3131 893 3167 Remensis
916 3145 924 3165 ε
959 3134 1123 3179 Regulam,

239 3190 312 3224 quae
335 3180 374 3213 de
393 3187 503 3221 quarta
523 3186 611 3221 pane
635 3182 808 3216 reddituum
832 3181 964 3225 Ecclefiae
985 3208 997 3225 ,
1022 3185 1123 3225 'juxta

238 3228 474 3273 consuetudinem
494 3230 622 3264 altarum
630 3234 814 3276 Reginum,
839 3235 887 3266 mi
896 3242 931 3268 ut
952 3232 1120 3277 elisor-gata,

239 3278 407 3325 Epiftopus
426 3279 578 3324 intelligat
601 3303 614 3320 ,
651 3283 686 3316 (tt
714 3293 771 3316 non
791 3284 893 3326 prave
918 3285 1004 3318 illam
1026 3290 1119 3319 inter·

237 3337 368 3374 pretam
380 3354 392 3372 ,
414 3330 544 3372 perinde
562 3335 596 3363 in
614 3328 664 3364 his
685 3333 861 3376 Regiontbus
872 3344 942 3377 quae
949 3333 1022 3378 sunt
1034 3333 1118 3378 Pres-

239 3379 401 3419 bstaorum
424 3388 527 3414 contra
548 3378 655 3424 sacras
680 3382 797 3416 litteras
823 3384 968 3427 diripiat,
995 3383 1120 3420 Lucide

237 3428 389 3478 {oquitur
405 3440 450 3465 ex
472 3428 608 3468 laudato
632 3429 799 3467 Parifienfi
833 3434 979 3471 Decreto
995 3458 1004 3469 .
1038 3434 1117 3470 Ver-

1940 167 2000 212 55

1184 235 1224 270 ba
1238 260 1249 277 ,
1267 239 1377 281 Juxta
1398 234 1633 281 consuetudinem
1652 240 1781 272 aliarum
1802 241 1965 284 Regionum
1987 262 2000 279 ,
2014 243 2075 276 res-

1183 286 1310 329 piciunt
1322 285 1462 321 omnino
1470 286 1601 322 Italiam
1611 299 1620 320 τ
1644 287 1791 329 Edicunt
1800 289 2075 326 consuetudinem

1183 335 1321 371 hanc-ex
1334 337 1404 380 ipsa
1417 338 1537 372 venisse
1549 337 1742 381 iuGalliaS,
1769 341 1923 383 atqueita
1948 339 2077 385 Pageu·

1182 386 1261 420 fium
1280 385 1496 420 Ecclesiarum
1516 398 1668 430 quartam
1677 389 1777 423 etiam
1789 388 1859 423 illic
1871 389 1913 424 ad
1936 389 2074 434 Episco

1182 447 1260 479 pum
1281 434 1460 478 pertinere.
1488 434 1593 484 Qod
1617 437 1722 480 ipsum
1736 439 1824 473 infra
1840 438 1953 475 statim
1966 439 2075 475 audio

1184 497 1255 520 mus
1272 483 1290 518 ὲ
1312 483 1472 520 Ratherio
1495 485 1663 528 Episcopo
1685 486 1882 523 Veronensi.
1913 489 2076 524 Attamen

1183 545 1307 570 morem
1318 534 1460 570 istumin
1471 535 1589 570 Sansto
1601 534 1733 569 Gelasio
1757 535 1849 571 hunc
1872 539 1976 583 usque
2002 551 2073 575 non

1183 586 1306 630 reperi,
1327 596 1388 620 nec
1410 585 1446 619 in
1467 584 1600 630 Magno
1623 584 1791 630 Gregorio
1808 609 1817 619 .
1857 587 1950 623 Solas
1974 588 2076 626 e'tiam

1182 635 1345 681 pagenses
1367 634 1527 670 Ecclefias
1546 636 1702 679 exprimit
1729 636 1767 670 in
1800 637 1861 671 suo
1890 637 2081 681 Capitulari

1182 683 1371 729 Riculphus
1380 684 1611 720 Sueffionenfis
1626 685 1806 732 Episcopus
1816 694 1834 720 :¹
1854 685 1975 726 Unam
1986 699 2082 731 quat-

1184 747 1251 771 tam
1272 734 1426 772 adscribit
1450 736 1613 780 Episcopo
1634 759 1646 777 ,
1683 735 1839 781 additque
1866 761 1878 778 ‚
1913 739 1946 771 51
1981 739 2084 779 velit,

1182 786 1248 822 hoc
1266 785 1312 821 est
1348 810 1360 827 ,
1386 786 1408 819 si
1433 786 1582 831 indigeat
1605 810 1617 827 ‚
1650 785 1744 829 juxta
1782 789 1967 822 Decretum
1993 787 2084 823 Pari·

1183 837 1307 872 fiense.
1335 835 1486 873 Eandem
1512 836 1705 872 divisionem
1732 836 1941 872 solis-etiam
1953 838 2082 883 Pagen-

1183 887 1269 924 sibus
1293 884 1446 922 Ecclefiis
1456 886 1741 932 diserteimponit
1763 886 1920 932 Synodus
1932 886 2083 924 Namne-

1183 937 1279 971 tensis
1296 961 1304 969 .
1344 936 1510 985 Qiocirca
1530 938 1566 972 in
1589 935 1846 975 cathedralibus
1876 938 2081 975 Francorum

1185 986 1334 1022 Ecclesiis
1357 997 1537 1029 numquam
1560 987 1696 1024 admiffa
1726 988 1791 1025 fuit
1817 988 1976 1026 Romana
2005 999 2083 1033 qua-

1184 1036 1388 1082 dripartitio,
1414 1046 1472 1072 aut
1492 1036 1580 1075 certe
1593 1049 1662 1073 nou
1673 1039 1913 1083 perseveravit.
1942 1038 2082 1073 Etenim

1183 1097 1396 1124 communem
1408 1087 1445 1122 in
1455 1086 1609 1126 Claussro
1620 1090 1724 1124 vitam
1737 1114 1748 1131 ,
1774 1100 1876 1134 quam
1886 1087 1922 1124 in
1938 1086 2088 1124 Remen-

1185 1139 1207 1172 si
1232 1137 1416 1182 Metropoli
1437 1138 1616 1182 incoeperat
1641 1138 1700 1174 ssib
1711 1139 1826 1175 Caroli
1840 1138 1993 1174 Martelli
2014 1139 2089 1173 Du·

1185 1198 1261 1224 catu
1271 1189 1407 1225 Sanctus
1430 1187 1657 1233 Rigobertus,
1682 1189 1839 1224 omnibus
1864 1190 1929 1223 suae
1950 1188 2090 1224 Monar-

1186 1238 1268 1274 chiae
1289 1236 1541 1274 Cathedralibus
1569 1238 1722 1274 Ecclesiis
1745 1239 1974 1284 imposuerunt
1987 1238 2089 1272 Caro-

1187 1289 1238 1325 lus
1264 1288 1412 1335 Magnus
1423 1301 1462 1324 ac
1485 1288 1677 1326 Ludovicus
1697 1289 1803 1330 Pius,
1829 1288 1972 1332 ideoque
1994 1287 2091 1332 juxta

1189 1340 1309 1384 Magni
1323 1339 1480 1385 Gregorii
1490 1338 1532 1375 ad
1542 1340 1697 1375 Sanctum
1710 1338 1938 1385 Augustinum
1949 1349 2010 1383 pro
2020 1336 2092 1372 An-

1187 1387 1322 1434 glorum
1345 1388 1492 1423 Ecclesia
1518 1389 1553 1424 δε
1575 1389 1751 1432 disciplina
1776 1387 2006 1423 instructiones
2027 1387 2090 1427 ista

1188 1436 1424 1482 quadripartita
1445 1436 1607 1472 divisione
1641 1435 1857 1473 Cathedrales
1879 1438 2086 1478 Francorum

1191 1487 1343 1520 Ecclesiae
1364 1496 1435 1520 non
1457 1484 1648 1520 habuerunt
1674 1498 1780 1529 opus.

1238 1531 1397 1567 Africana
1417 1532 1561 1567 Ecclesia
1582 1533 1778 1570 divisionem
1802 1531 1890 1569 hanc
1915 1535 2040 1579 semper
2064 1535 2093 1570 i-

1188 1581 1342 1626 gnoravit
1367 1595 1380 1616 .-
1416 1582 1461 1616 Et
1479 1580 1678 1626 tripartitam
1712 1583 1749 1619 &
1780 1583 2054 1628 quadripartitam
2074 1610 2087 1618 ,.

1190 1631 1293 1680 Quod
1315 1632 1407 1668 enim
1428 1632 1537 1667 Sancti
1561 1633 1746 1679 Augustini
1768 1643 1919 1679 tempore
1946 1635 1982 1671 cc
2010 1634 2091 1679 Epi·

1188 1682 1303 1726 scopus
1325 1682 1359 1717 &
1380 1682 1499 1718 Clerici
1518 1707 1530 1723 ‚
1554 1683 1589 1717 δε
1619 1695 1773 1728 pauperes
1793 1695 1836 1719 ex
1860 1684 1975 1720 eadem
1987 1685 2091 1724 massa

1191 1732 1364 1774 viverent,
1389 1733 1483 1777 supra
1503 1732 1720 1769 audivimus&
1741 1736 1863 1770 Sancto
1873 1734 2090 1771 Poffidonio.

1190 1782 1237 1816 Et
1270 1785 1362 1818 suam
1393 1784 1722 1828 quadripartitionem
1756 1785 1914 1820 Romana
1946 1784 2093 1820 Ecclefia

1189 1841 1269 1867 tunc
1287 1832 1430 1868 necdum
1451 1834 1646 1870 induxerat.
1673 1833 1766 1868 Ante
1787 1834 1956 1869 indueram
1977 1835 2092 1870 invasa

1188 1882 1252 1917 fliit
1272 1883 1292 1918 a
1314 1883 1488 1918 Wandalis
1510 1885 1649 1926 Africa,
1677 1884 1782 1920 &sub
1795 1884 1858 1921 isto
1869 1882 1991 1920 crudeli
2007 1885 2091 1930 jugo

1189 1932 1328 1978 spoliata
1350 1945 1388 1968 ae
1416 1936 1619 1979 pauperrima
1630 1935 1760 1980 gemuit
1773 1937 1871 1979 usque
1884 1935 1924 1970 ad
1937 1934 2092 1979 Iustinia-

1190 1994 1272 2018 num
1293 1983 1483 2028 Augustum
1497 1999 1508 2019 .·
1535 1986 1580 2020 Et
1603 1997 1659 2030 per
1683 1986 1790 2031 ipsum
1802 1985 1937 2021 liberata
1951 1985 2007 2021 vix
2019 1997 2093 2021 um-

1188 2045 1289 2080 quam
1311 2035 1417 2069 caruit
1441 2034 1607 2071 intestinis
1629 2036 1776 2071 motibus
1802 2035 1954 2071 &bellis.
1983 2036 2090 2080 Repa-

1189 2084 1299 2120 randae
1322 2084 1391 2129 ejus
1414 2083 1592 2130 disciplinae
1627 2087 1833 2133 singulariter
1859 2085 1984 2121 studuit
2011 2086 2088 2122 Ma·-

1189 2145 1274 2178 gnus
1295 2133 1498 2179 Gregorius:
1525 2136 1632 2183 Qod
1654 2147 1764 2173 tamen
1780 2136 1948 2173 laudatam
1961 2136 2093 2179 quadri-

1190 2182 1407 2224 partitionem
1428 2183 1479 2216 illi
1502 2182 1714 2225 imposuerit,
1740 2186 1832 2220 nulla
1849 2185 2091 2224 docetmemo-

1189 2230 1260 2273 ria,
1287 2231 1418 2266 nullum
1438 2231 1667 2266 testimonium
1692 2257 1699 2265 .
1737 2233 1806 2268 Sub
1831 2233 2018 2276 justiniano
2045 2236 2091 2269 se-

1188 2279 1301 2314 cundo
1319 2280 1339 2313 a
1363 2278 1531 2314 Saracenis
1543 2280 1651 2315 invasa
1662 2281 1735 2322 est,
1756 2283 1902 2326 &usque
1914 2282 1980 2317 huc
1994 2295 2090 2319 num·

1188 2339 1287 2372 quam
1314 2328 1409 2373 plene
1428 2328 1585 2371 liberata,
1611 2339 1710 2375 atque
1722 2331 1768 2366 iti
1783 2330 1835 2369 his
1849 2333 2087 2376 partitionibus

1186 2380 1393 2424 pauperrima
1420 2390 1489 2414 non
1522 2378 1642 2414 habuit
1674 2392 1759 2426 opus
1778 2406 1787 2415 .
1829 2381 1934 2430 Quod
1960 2376 2088 2426 etiam,

1188 2429 1268 2464 dum
1282 2428 1339 2464 sub
1352 2428 1512 2464 Romano
1521 2429 1665 2474 Imperio
1676 2431 1806 2467 floreret
1818 2458 1829 2474 ,
1856 2433 1926 2476 ejus
1940 2432 2088 2469 Ecclefiae

1188 2481 1292 2515 esseut
1305 2478 1697 2523 substantiamediocres‚
1721 2482 1839 2517 diserte
1850 2483 1985 2518 testatur
2010 2484 2088 2519 San·

1188 2532 1258 2565 stus
1268 2529 1493 2574 Augustinus.
1521 2529 1710 2575 illyriciana
1732 2532 1813 2568 item
1835 2533 1994 2569 Dioecefis
2018 2536 2087 2570 sine

1187 2579 1539 2624 divifionibussemper
1566 2580 1651 2616 vixit
1673 2582 1767 2625 juxta
1792 2583 1948 2629 antiffios
1974 2584 2083 2619 Cano·
2107 2570 2163 2609 ΕΡ·
2194 2582 2259 2611 ²25·

1190 2642 1243 2666 nes
1254 2655 1262 2664 ,
1276 2630 1371 2666 Licet
1396 2630 1489 2665 enim
1499 2630 1542 2666 ad
1555 2631 1752 2669 Romanum
1763 2634 1917 2677 spectaret
1939 2634 2080 2671 Patriar-

1186 2680 1343 2722 ebatum,
1369 2682 1490 2718 Graecae
1509 2691 1619 2717 tamen
1637 2683 1759 2727 linguae
1781 2685 1876 2718 causa
1898 2684 2081 2719 Graecos&

1187 2731 1371 2767 Orientales
1390 2741 1496 2766 mores
1507 2732 1630 2775 semper
1640 2732 1780 2772 dilexit,
1810 2732 1897 2777 apud
1910 2744 1994 2777 quos
2005 2745 2083 2769 om-

1188 2782 1239 2817 nis
1256 2778 1324 2817 haec
1341 2781 1460 2816 divisio
1481 2781 1544 2817 fuit
1557 2783 1683 2826 semper
1694 2782 1811 2829 ignota
1823 2806 1831 2815 .
1857 2782 1965 2827 Ipsam
1979 2784 2015 2819 in
2031 2796 2080 2820 re-

1185 2841 1336 2876 cuperata
1358 2843 1414 2876 per
1435 2830 1658 2868 Godefridum
1679 2831 1905 2878 Lotharingiae
1944 2833 2078 2870 Ducem

1187 2892 1267 2917 terra
1276 2882 1391 2919 Sancta
1406 2881 1570 2919 Urbanus
1587 2881 1769 2924 secundus,
1796 2894 1835 2918 ac
1847 2884 1883 2918 in
1896 2883 2010 2919 invaso
2020 2896 2079 2929 per

1184 2932 1342 2968 Flandros
1365 2931 1896 2978 Constantinopolitanolmperio
1915 2934 2078 2978 plantavit

1185 2983 1400 3019 Innocentius
1425 2983 1540 3019 tertius
1558 3007 1570 3024 ,
1608 2983 1721 3018 verum
1746 2993 1822 3019 cum
1847 2983 1991 3026 ipsorum
2017 2996 2077 3029 po-

2101 919 2174 958 CaP·
2194 927 2238 954 loq

1162 3060 1164 3070 2
1184 3032 1400 3078 sterispostea
1423 3043 1477 3078 per
1498 3034 1674 3068 Saracenos
1695 3042 1753 3067 aut
1775 3034 1905 3069 Graecos
1915 3033 2024 3078 ejectis
2038 3036 2074 3071 &

1183 3083 1249 3127 ipsa
1270 3084 1336 3119 fuit
1354 3083 1472 3128 ejesta-.
1499 3083 1601 3121 Avita
1619 3083 1791 3128 disciplina
1813 3108 1824 3125 ‚
1859 3095 1930 3129 quae
1952 3086 2069 3120 omnia

1183 3133 1217 3168 δε
1237 3132 1431 3180 pagensium
1449 3133 1550 3168 etiam
1570 3133 1788 3169 Ecclesiarum
1800 3134 2072 3171 &Monasterio-

1183 3194 1257 3218 rum
1275 3184 1363 3221 bona
1383 3183 1526 3229 ponebat
1547 3183 1590 3218 ad
1611 3195 1750 3221 manum
1767 3184 1803 3221 ὅ(
1826 3184 1925 3219 fidem
1937 3184 2073 3230 Episco-

1184 3232 1239 3277 pi,
1263 3234 1298 3270 δι
1321 3246 1421 3280 quam
1446 3234 1611 3270 labentem
1631 3235 1696 3270 suis
1715 3234 1911 3270 Canonibus
1937 3245 2069 3270 revoca·

1183 3291 1258 3320 runt
1279 3283 1492 3321 Antiochena
1502 3284 1657 3330 synodus
1676 3285 1712 3322 &
1736 3283 1886 3330 vulgares
1910 3284 2068 3320 Canones

1184 3332 1387 3378 Apostolici:
1413 3336 1520 3377 Haec,
1545 3336 1705 3379 inquam,
1729 3336 1813 3379 apud
1826 3335 1958 3371 Graecos
1974 3332 2071 3368 disci·

1182 3385 1273 3428 plina
1294 3384 1335 3419 ad
1361 3386 1483 3430 Magni
1519 3382 1707 3421 Theodosii
1744 3396 1893 3429 tempora
1919 3386 1974 3419 vix
1999 3393 2069 3426 1²²1·

1181 3434 1314 3470 mansit.
1339 3433 1440 3483 Qod
1465 3436 1500 3472 ὰ
1526 3435 1727 3472 Monasteria
1747 3434 1860 3481 passim
1880 3457 1894 3476 ,
1919 3430 2067 3516 &Edistae

1985 3493 2017 3518 ς.
