2366 3756
60 349 122 383 I-ib.
147 361 172 389 5.

496 189 1033 234 CONCILIUM
1105 189 1843 239 A.NDEGAVENSE.'

234 286 336 313 annes
358 274 457 318 Cytri
479 275 514 308 in
542 271 826 309 Theffalonioenfi
844 269 1020 304 Provincia
1043 269 1121 314 Epi-

236 328 350 370 scopus
373 338 381 358 ε
424 331 601 367 Praeponere
620 328 732 367 aliquos
759 322 933 356 Diaconos
948 329 1006 362 per
1024 325 1121 362 pitta-

234 380 301 417 cia,
329 375 444 417 etiamsi*
465 377 565 417 Officia
576 375 723 412 babeant,
748 369 843 414 suprt?
864 382 913 405 eos
925 394 935 411 ,
962 377 1013 414 qui
1022 375 1119 413 priori

236 428 294 464 loco
315 427 426 470 ingreffi
442 424 535 468 sunt,
562 426 639 459 nullo
659 424 742 457 modo
762 421 799 459 est
819 429 964 462 receptum
978 445 988 461 ,
1025 430 1060 454 ut
1084 421 1119 455 ὁ·

237 476 394 518 manifesti?
413 482 562 518 iniquum.
591 475 670 508 ordo
681 473 804 507 enim&
826 474 954 505 conditio
975 477 1118 504 introitus

238 532 437 561 Diaconorum
455 534 582 567 tempore
604 529 805 567 componitur,
825 522 1027 565 firmaturque
1046 544 1056 560 ‚
1081 522 1116 555 ὁ·

237 578 277 618 est
298 578 475 611 immobilis.
501 580 561 609 Eis
573 585 692 614 autem,
717 572 824 616 quibus
845 571 934 605 honor
949 581 1020 614 prae
1044 573 1118 605 aliis

237 628 376 670 concessus
386 626 426 667 est
435 650 445 666 ‚
470 623 577 668 sufficit
583 624 766 669 sacrificante
781 623 921 662 Antistite
934 646 946 663 ,
972 628 1004 654 in
1016 626 1120 655 introi·

236 685 270 711 tu
291 679 326 711 o·
344 683 377 710 in
397 682 650 709 communicatione
660 684 728 708 tunc
739 674 860 706 tantum
867 673 1014 715 praeferri
1024 673 1094 705 aliis
1108 694 1118 710 ‚

235 733 288 771 qui
305 732 420 768 priores
437 725 510 769 sunt
529 725 640 770 ingreffi
650 749 661 765 ‚
686 735 744 757 non
755 723 789 756 ob
801 723 886 756 aliud
895 748 905 764 ‚
931 725 1023 765 quam
1037 723 1119 766 quod

234 778 346 819 Officiis
370 778 500 810 decorati
515 775 593 816 sint.
620 777 689 808 sine
712 773 848 811 Antistite
869 783 968 807 autem
983 775 1062 807 nullo
1072 770 1117 815 us·

234 840 327 870 quam
347 828 431 859 modo
451 825 507 858 bac
526 827 700 866 praelatione
712 823 858 866 fruentur?
880 838 891 858 .-
918 828 996 858 Cum
1017 822 1048 865 fi
1066 833 1116 857 nec

234 879 331 920 Offiii
341 872 417 918 ,iura
439 874 591 916 babeant,
622 877 719 914 major
722 874 762 916 fit
774 880 939 917 iniquitas.
967 877 1029 909 Cur
1038 878 1115 908 em'm

230 927 352 969 li‘mplex
376 929 529 959 Diaconus
547 926 601 961 alii·
618 924 800 968 praeferetur
816 924 943 966 fimplici
966 926 1096 958 Diacono
1109 946 1119 962 ‚

233 983 286 1020 qui
308 982 449 1010 introitus
472 978 715 1020 Praerogatlvam
735 975 874 1008 habuit?
896 973 1118 1018 Nisiiniqut'ta-

231 1037 293 1062 rem
313 1035 393 1060 amet
428 1024 550 1068 Praesul
559 1050 571 1067 ,
599 1026 688 1068 idque
704 1024 809 1067 facere
830 1025 1039 1066 inconfiderati
1061 1036 1118 1057 non

232 1077 368 1112 dubitet.
395 1075 643 1110 ltieGraeooin
660 1075 820 1110 Latinum
835 1076 1000 1110 transtulit
1020 1076 1116 1119 Joan-

231 1136 288 1161 nes
301 1126 536 1161 Leunclavius:
566 1125 690 1161 Verum
713 1137 782 1161 non
805 1137 861 1170 per
881 1126 995 1159 omnia
1019 1126 1118 1160 reste.

230 1176 367 1211 Etenim
380 1178 414 1210 in
426 1177 541 1211 Graeco
553 1175 711 1211 habetur-z
725 1177 814 1211 ‘Non
827 1175 874 1210 ob
884 1176 974 1210 aliud
987 1200 997 1216 ‚
1019 1175 1117 1221 quarn

229 1227 321 1270 quod
343 1226 537 1260 Archonsictis
559 1228 689 1261 decorati
694 1226 772 1268 fini.
799 1226 848 1260 Et
862 1226 1010 1260 rursum:
1041 1227 1118 1261 Cum

230 1288 282 1310 nec
304 1276 487 1310 Archonticia
508 1276 655 1311 babeant.
688 1275 763 1311 Ubi
785 1288 840 1321 pet
850 1276 1037 1310 Archonticia
1048 1287 1122 1310 non·

229 1327 462 1371 intelliguntur
485 1326 606 1360 Officia
627 1335 684 1362 aut
707 1327 906 1362 Officiorum
926 1326 995 1369 jura
1018 1351 1029 1368 ‚
1065 1325 1120 1360 sed

229 1376 391 1411 solemnes
411 1374 625 1411 Ecclefiastici
648 1376 813 1420 Principis
833 1376 978 1411 codicilli
992 1378 1044 1410 seu
1060 1376 1118 1410 Ar·

230 1425 484 1470 ehiepiscopalia
506 1426 663 1469 pittacia,
689 1437 745 1469 per
768 1437 841 1470 quae
862 1425 982 1469 Juniori
997 1427 1118 1460 Diaco-

229 1475 396 1511 nodatur
414 1486 493 1510 ante
513 1475 672 1510 seniorem
695 1476 763 1510 loci
786 1475 1018 1520 Praerogativa.
1048 1476 1122 1510 Hu-

227 1525 368 1568 iusmodi
391 1526 482 1558 enim
500 1525 634 1567 pittacia
649 1547 660 1563 ‚
676 1524 768 1566 quod
779 1523 928 1558 dentur&
941 1525 1013 1558 solo
1024 1525 1121 1556 Prin-

228 1575 321 1618 cipe,
350 1574 428 1608 recte
448 1573 624 1607 titulantur
644 1572 844 1606 Archonticia.
874 1573 1032 1606 Attamen
1057 1571 1119 1605 Le·

228 1624 373 1657 unciavii
397 1624 502 1666 lapsus
524 1634 592 1656 non
619 1631 706 1657 caret
742 1622 950 1656 fundamenti
982 1621 1118 1655 colore.

226 1673 361 1707 Etenim
383 1674 416 1707 &
443 1673 683 1707 Constantinus
705 1671 946 1716 Metropolita,
971 1672 1005 1706 δε
1020 1672 1117 1715 Joan-

225 1734 285 1757 nes
307 1723 486 1767 Episcopus
505 1732 608 1768 agunt
629 1722 670 1757 de
692 1721 837 1766 simplice
862 1722 1019 1756 Diacono
1042 1733 1117 1765 prae-

225 1771 382 1817 ponendo
405 1769 481 1808 ante
496 1773 678 1816 simplicem
702 1773 895 1807 Diaconum
928 1773 1090 1806 seniorem
1105 1795 1115 1811 ,

225 1824 368 1868 ideoque
386 1823 606 1858 Leunclavius
626 1823 751 1858 censuit
775 1822 815 1857 ab
847 1821 912 1857 hoc
953 1822 1112 1866 distingui

224 1874 312 1908 inter
332 1874 508 1916 simplicem
532 1873 723 1908 Diaconum
746 1874 780 1907 ὅ(
812 1872 1006 1907 Diaconum
1031 1872 1116 1905 Offi-

224 1923 361 1958 cialem.
389 1923 539 1958 Credidit
562 1923 748 1959 officialem
772 1925 859 1967 posse
885 1948 894 1963 ‚
934 1922 1113 1967 {implicem

223 1984 294 2008 non
307 1974 394 2016 poffe
406 1973 547 2017 praeponi
562 1983 616 2017 per
629 1973 819 2018 pittacium.
856 1974 898 2007 Et
910 1974 950 2007 fio
963 1974 997 2007 in
1012 1972 1114 2007 alium

223 2023 343 2058 incidit
362 2023 502 2067 lapsum.
529 2024 616 2070 Qis
629 2025 719 2058 enim
734 2023 854 2058 nesciat
880 2023 936 2057 sex
960 2023 1116 2067 Crucige-

221 2084 277 2109 ros
298 2073 676 2117 Constantinopolitanae
699 2074 848 2108 Eccleflae
871 2072 1002 2108 acalios
1016 2073 1117 2115 majo-

227 2124 317 2158 sibus
337 2125 466 2158 Officiis
486 2125 656 2168 insignitos
667 2124 839 2158 Diaconos
852 2124 922 2166 ipso
934 2125 992 2156 suae
1006 2123 1116 2165 digni*

228 2174 305 2207 tatis
325 2174 390 2215 jure
400 2174 492 2206 fuisse
502 2174 603 2206 etiam
616 2172 818 2214 Presbyteris
829 2173 994 2213 praelatos,
1021 2171 1116 2203 adeo-

230 2234 295 2265 que
310 2223 455 2265 gratioso
473 2231 588 2255 contra
609 2222 767 2257 Canones
789 2220 925 2262 pittacio
950 2230 1019 2253 non
1034 2219 1118 2252 indi-

231 2271 358 2315 guisie?
385 2271 527 2313 Joannes
547 2282 627 2315 ergo
638 2270 734 2312 Cytri
747 2270 927 2313 Episcopus
939 2269 1113 2312 respondet

231 2319 408 2363 [implicem
431 2320 626 2353 Diaconum
644 2318 806 2362 juniorem
831 2319 971 2361 simplici
995 2318 1114 2352 seniori

231 2371 386 2404 Diacono
410 2379 467 2402 nec
479 2380 533 2413 per
544 2369 738 2412 Episcopale
750 2367 886 2402 verbum
901 2392 912 2408 ,
934 2378 993 2401 nec
1007 2378 1064 2411 per
1076 2367 1117 2400 E·

231 2419 393 2463 piscopale
406 2419 578 2463 pittacium
599 2419 734 2462 praeferri
745 2419 851 2461 posse:
879 2417 1030 2452 Etistum
1042 2429 1115 2461 prae-

231 2468 354 2504 ferendi
375 2467 513 2502 modum
532 2470 594 2503 effe
616 2467 680 2503 hoc
701 2468 869 2512 posteriori
893 2468 1114 2512 iniquiorem.

229 2520 276 2554 Et
297 2519 372 2563 quia
392 2517 482 2552 hunc
503 2530 544 2553 ex
558 2518 774 2553 Ecclefiarum
792 2518 1005 2552 conniventia
1017 2528 1117 2553 atten-

228 2569 345 2603 tabant
371 2569 505 2612 quidam
519 2569 672 2612 Episcopi
687 2593 697 2608 ‚
724 2568 815 2602 addit
828 2568 885 2601 ista
899 2568 1032 2611 pittacia
1047 2580 1114 2604 non

228 2617 373 2662 operari,
401 2618 458 2651 nili
487 2619 521 2651 in
548 2617 737 2652 pontificali
760 2618 879 2652 Misia:
908 2619 946 2651 In
970 2618 1037 2652 sola
1052 2630 1115 2652 ma-

231 2669 289 2713 gni
312 2669 466 2704 introitus
495 2668 697 2711 processione
716 2693 727 2710 ,
761 2679 799 2701 ac
834 2668 869 2701 in
905 2668 1116 2711 perceptione

231 2717 460 2755 Eucharistiae.
487 2718 565 2765 Qo
588 2718 630 2752 ad
651 2718 734 2753 alios
754 2719 841 2752 actus
863 2720 969 2752 censet
980 2719 1115 2762 pittacia

232 2768 418 2803 nullatenus
440 2767 643 2803 admittenda
657 2794 664 2801 .

284 2818 339 2851 Ad
359 2818 492 2851 alteram
513 2818 724 2858 Constantini
737 2819 1114 2863 Metropolitaequaestio·

226 2879 308 2904 nem
325 2866 392 2901 haec
411 2868 595 2910 respondit:
623 2868 893 2903 archidiaconum
915 2871 1043 2912 Officium
1055 2884 1113 2905 non

231 2918 271 2958 est
293 2917 505 2961 Magister-lale,
531 2928 581 2951 nec
601 2930 638 2952 ex
656 2919 839 2953 liberalitate
862 2920 1029 2963 Pontificali
1043 2947 1054 2963 ‚
1079 2931 1112 2955 ut

233 2967 432 3012 Magisiertale
443 2993 454 3009 ‚
477 2966 534 3010 [od
549 2967 588 3007 ost
609 2971 868 3005 circumvolutionis
882 2972 1038 3007 multorum
1050 2974 1111 3007 die-

233 3030 301 3052 rum
323 3023 465 3051 terminus
485 3041 496 3057 ‚
522 3019 641 3061 ideoque
660 3027 692 3052 ur
711 3026 851 3063 temporis
876 3022 911 3055 (5
926 3028 1040 3064 proprii
1067 3023 1111 3055 la-

233 3069 311 3102 boris
331 3068 441 3102 donum
464 3067 689 3103 Archidiaconus
710 3069 799 3104 babet
811 3077 889 3105 inter
900 3082 995 3105 omnes
1008 3075 1110 3106 Diaco-

233 3130 288 3155 nos
310 3120 554 3162 Praerogativ'am
573 3142 584 3159 ,
612 3118 677 3160 five
700 3122 807 3162 Officiis
832 3120 991 3165 quibusvis
1012 3130 1110 3158 ornati

227 3167 309 3209 fini,
331 3167 393 3212 live
414 3180 471 3206 non
482 3166 543 3210 fint
564 3192 571 3199 .
599 3171 645 3205 Et
667 3179 732 3206 tam
751 3177 784 3207 in
808 3174 927 3215 Templo
948 3174 982 3211 <fs
1002 3174 1110 3210 saneto

233 3219 332 3251 Altari
344 3242 355 3258 ‚
381 3221 473 3261 quum
483 3223 514 3250 in
537 3220 714 3252 Divinorum
725 3223 976 3256 sacramentorum
991 3231 1111 3267 percep·

230 3273 326 3304 tione.
355 3268 393 3304 ln
418 3278 531 3312 quarta
552 3269 725 3312 quaestione
735 3271 950 3311 Constantius
959 3275 1015 3308 sex
1028 3274 1110 3310 Cru-

230 3319 359 3364 cigeros
381 3318 754 3362 Constantinopolitanae
777 3321 926 3358 Ecclefiae
939 3323 1110 3358 Diaconos

233 3368 363 3403 vocavit
380 3369 482 3411 OfficIa
509 3368 703 3402 Archontica.
742 3371 811 3406 Hic
837 3383 945 3408 autem
968 3374 1109 3417 J0annes

234 3417 413 3461 Episcopus
435 3416 750 3455 Archidiaconatum
769 3423 875 3457 arserit
895 3435 962 3457 non
982 3425 1043 3458 effe
1055 3424 1107 3466 Of-

228 3467 331 3511 ficium
344 3467 557 3502 Archonttcium
567 3493 578 3509 ‚
605 3470 637 3503 δε
650 3468 725 3504 hinc
736 3472 877 3508 interum
888 3472 993 3517 lapsus
1003 3474 1110 3511 Leun-

333 3515 525 3563 c'brassssupi
538 3522 737 3563 Oper.Tom.V.

1182 271 1306 306 clavius
1329 271 1422 307 vertit
1447 273 1549 314 officia
1565 275 1752 316 principalia
1768 300 1778 315 ‚
1805 276 1983 318 &Officium
2004 280 2069 313 Ma-

1178 322 1323 365 gisteriale
1333 348 1340 355 .
1369 321 1603 359 Archonticon
1617 325 1779 360 Officium
1791 325 1825 360 &
1839 326 1997 365 Officium
2009 328 2072 365 Ar-

1183 371 1377 406 chonticion
1391 372 1530 406 credidit
1541 374 1748 409 effeidem&
1776 386 1898 411 unum.
1926 378 1970 412 Et
1991 377 2071 415 hinc

1184 421 1335 456 natusest
1348 422 1427 455 item
1440 422 1524 455 alius
1535 423 1660 465 lapsus,
1690 436 1758 467 quo
1783 424 1989 461 Archontica
2015 429 2073 465 seu

1183 471 1421 516 Magisterialia
1434 471 1557 505 Officia
1571 471 1738 507 credidita
1761 475 1952 512 Pontificali
1974 476 2073 512 liber-

1182 531 1248 555 tate
1272 521 1412 565 pendere
1435 547 1442 554 .
1472 519 1702 555 Archonticon
1725 524 1815 558 enim
1839 527 2000 561 Officium
2026 527 2073 562 est

1183 571 1270 605 idem
1295 572 1385 614 quod
1408 571 1626 605 Hierarchica
1652 571 1799 607 Eccleliae
1810 573 1978 619 dignitas,
2005 588 2075 622 quae

1184 633 1252 656 non
1265 620 1306 656 ab
1317 622 1471 665 Episcopi
1495 619 1641 659 Placito,
1670 622 1723 657 sed
1747 621 1765 655 ὲ
1788 622 1929 659 Canone
1950 627 1984 660 &
2007 627 2076 670 jure

1184 671 1281 705 habet
1304 672 1378 705 suos
1403 672 1547 708 limites.
1575 672 1732 706 Tertium
1756 673 1880 715 lapsum
1895 676 2075 712 continent

1184 720 1249 756 haec
1272 720 1312 755 de
1332 721 1494 756 Diaconis
1519 721 1614 756 verba
1640 734 1647 753 :
1676 725 1743 755 sive
1766 724 1871 764 Officiis
1895 724 2076 769 quibuscum-

1183 784 1240 815 que
1261 777 1358 805 ornati
1373 770 1456 813 fini,
1477 771 1542 814 five
1554 784 1627 805 non.
1654 773 1692 805 In
1707 772 1822 807 Graeco
1833 775 1924 808 enirn
1937 775 2006 809 est:
2032 777 2077 812 5}-

1184 834 1223 856 ve
1250 821 1445 858 Archonticiis
1459 829 1569 859 vornati
1587 822 1649 864 fint
1667 845 1677 861 ‚
1696 821 1761 866 five
1788 834 1847 856 non
1871 848 1878 855 .
1906 826 2074 872 roirca

1186 872 1401 908 Archonticia
1427 872 1646 918 Praerogativa
1659 873 1704 906 est
1720 873 1788 908 sola
1802 873 2007 918 Episcopalis
2018 888 2074 919 per

1184 923 1357 966 pittacium
1375 925 1427 957 seu
1456 922 1646 959 codicillum
1665 921 1735 957 dari
1763 925 1920 958 consueta
1947 926 2075 968 gratia,

1185 973 1325 1016 ideoque
1348 973 1443 1017 plene
1466 974 1609 1018 pendens
1635 974 1653 1008 a
1676 973 1865 1009 pontificali
1899 973 2075 1009 liberalita-

1185 1033 1238 1057 te.
1266 1024 1308 1056 Et
1332 1024 1396 1057 tale
1417 1023 1496 1065 quid
1520 1024 1613 1063 nullo
1639 1023 1740 1063 modo
1752 1025 1797 1059 est
1811 1023 2078 1060 Archidiacona-

1185 1084 1237 1108 tus
1257 1099 1265 1106 .
1303 1074 1359 1107 Est
1382 1074 1690 1110 circumvolutionis
1724 1075 1907 1111 multorum
1945 1074 2076 1110 dierum

1184 1125 1363 1163 terminus,
1389 1125 1443 1159 seu
1452 1136 1510 1168 pet
1519 1126 1626 1162 multa
1637 1126 1818 1164 multorum
1832 1138 1996 1161 annorum
2010 1137 2076 1161 tne-

1185 1175 1245 1210 rita
1257 1174 1474 1218 acquirendus
1494 1174 1634 1220 gradus,
1662 1177 1718 1218 qui
1744 1177 1856 1215 locum
1877 1176 1999 1220 ubique
2020 1177 2076 1210 tri-

1185 1225 1262 1259 buat
1284 1225 1361 1260 ante
1383 1236 1499 1260 omnes
1517 1227 1689 1260 Diaconos
1712 1250 1724 1267 ‚
1767 1227 1832 1261 five
1855 1225 2078 1266 Archonticia

1185 1275 1404 1320 praecedentiae
1415 1277 1547 1319 pittacia
1560 1275 1726 1318 habeant,
1753 1276 1819 1310 five
1833 1287 1900 1311 non
1914 1301 1921 1308 .
1949 1276 2078 1324 Qilo-

1185 1337 1260 1360 cum
1274 1325 1369 1360 istum
1382 1325 1504 1361 tribuat
1515 1351 1526 1366 ‚
1551 1337 1619 1362 non
1631 1326 1761 1361 tantum
1777 1325 1811 1360 in
1825 1337 1950 1372 magno
1963 1325 2080 1362 introi-

1185 1383 1220 1410 tu
1246 1385 1302 1409 aut
1324 1376 1586 1417 communione,
1627 1377 1681 1410 sed
1699 1376 1735 1410 in
1757 1376 1852 1410 omni
1875 1377 2021 1410 consessu
2042 1376 2080 1413 δε

1185 1434 1376 1465 conventu,
1401 1424 1435 1460 δε
1458 1437 1513 1469 per
1537 1424 1745 1471 Episcopalia
1765 1425 1899 1470 pittacia
1920 1437 1990 1460 non
2027 1437 2080 1469 pa-

1185 1476 1284 1509 tiatur
1306 1475 1424 1510 auferri
1445 1484 1502 1508 aut
1522 1475 1614 1508 laedi.
1642 1475 1713 1509 Hic
1723 1475 1768 1510 est
1784 1476 1922 1519 loannis
1936 1476 2082 1518 Cytren-

1185 1525 1220 1556 sis
1239 1523 1394 1564 Episcopi
1417 1523 1583 1565 legitimus
1608 1524 1716 1556 sensus
1738 1547 1749 1563 ,
1782 1524 1868 1559 circa
1894 1535 1993 1567 quem
2016 1525 2080 1559 ali·

1184 1571 1239 1614 qui
1260 1570 1347 1604 foede
1372 1570 1637 1605 hallucinantur.
1667 1571 1835 1615 Loquitur
1858 1573 1899 1607 de
1910 1573 1985 1606 solis
1998 1574 2080 1608 Dia-

1184 1621 1297 1655 conis:
1326 1620 1426 1666 Qdd
1444 1620 1561 1664 nempe
1574 1629 1653 1655 tunc
1668 1620 1934 1657 Archidiaconus
1950 1623 2016 1657 illis
2030 1625 2080 1657 so-

1185 1671 1244 1711 lis,
1272 1682 1478 1715 nequaquam
1502 1670 1706 1715 Presbyteris
1728 1674 1961 1709 anteferretur.
1989 1673 2080 1707 Mar-

1183 1734 1224 1756 co
1246 1720 1475 1755 Alexandrino
1504 1721 1700 1756 Patriarchae
1737 1747 1748 1764 ,
1775 1735 1819 1757 an
1840 1723 1987 1758 Diaconi
2010 1725 2079 1758 fine

1185 1770 1421 1805 Archidiaconi
1438 1772 1531 1805 venia
1544 1772 1671 1814 possent
1685 1775 1871 1816 promoveri
1884 1773 1919 1807 in
1942 1773 2080 1818 Presby-

1183 1833 1269 1855 teros
1293 1845 1303 1860 ,
1342 1821 1521 1864 postulanti
1545 1822 1710 1865 respondit
1731 1835 1772 1857 ex
1795 1823 1910 1858 eadem
1946 1825 2078 1870 Regula
2095 1840 2147 1879 Qu

1183 1869 1386 1905 Theodorus
1400 1871 1594 1905 Balsamon:
1618 1876 1714 1914 Hujus
1736 1877 1779 1906 rei
1799 1875 1998 1915 providentia
2022 1884 2079 1917 per

1181 1921 1362 1965 sacrosancyt'
1386 1922 1516 1962 spiritus
1536 1928 1670 1966 gratiam
1697 1922 1854 1966 Episcopis
1881 1924 1995 1958 tributa
2016 1924 2054 1966 est
2068 1950 2078 1965 ³.

1182 1973 1407 2014 Quare&cum
1420 1984 1515 2008 eorum
1544 1971 1680 2016 consensu
1704 1977 1829 2011 Diaconi
1846 1973 2049 2017 sacrabuntur
2064 2001 2076 2017 ,

1183 2023 1413 2064 Archidiamno,
1444 2032 1477 2056 ut
1497 2023 1645 2064 confratre
1666 2049 1675 2065 ,
1702 2023 1794 2068 solum
1811 2024 1963 2068 praeftnte
1986 2051 1993 2058 .
2022 2027 2076 2062 De

1182 2073 1256 2106 solis
1281 2074 1442 2108 Diaconis
1462 2074 1494 2108 &
1509 2073 1756 2110 Archidiacono
1769 2076 1899 2120 rogavit
1917 2076 2050 2111 Marcus
2063 2102 2077 2118 ‚

1181 2123 1214 2155 ὃ(
1233 2121 1436 2157 Theodorus
1457 2125 1623 2165 respondit
1645 2137 1652 2155 :
1694 2124 1797 2171 Qod
1823 2126 1898 2162 solis
1921 2127 1990 2161 istis
2020 2126 2076 2162 hic

1182 2180 1260 2202 tunc
1275 2171 1471 2211 praefideret,
1499 2171 1638 2213 ideoque
1650 2172 1919 2214 presbyterorum
1945 2187 2078 2218 promo-

1182 2220 1231 2252 tio
1253 2217 1337 2252 nihil
1361 2219 1487 2261 abipso
1511 2218 1642 2254 haberet
1664 2220 1887 2264 dependentiae
1910 2247 1917 2254 .
1945 2225 2074 2259 Graeco-

1184 2279 1253 2301 rum
1267 2268 1421 2311 Episcopi
1436 2270 1508 2302 suos
1522 2269 1785 2306 Archidiacouos
1798 2273 1999 2314 pedetentim
2025 2275 2074 2311 ita

1181 2318 1356 2352 castrarunt
1373 2343 1383 2358 ,
1410 2319 1509 2351 etiam
1533 2319 1947 2363 Constantinopolitanum
1962 2349 1970 2356 .

1232 2367 1279 2400 At
1301 2367 1378 2401 vero
1404 2379 1458 2411 per
1470 2369 1652 2414 Georgium
1665 2369 1834 2406 Codinurn
1846 2370 1998 2415 produc'ta
2013 2386 2074 2409 no·

1178 2417 1252 2452 titia
1276 2417 1401 2451 nullum
1428 2417 1538 2453 laudat
1563 2418 1872 2462 Archidiaconum‚
1897 2423 1950 2457 sed
1972 2422 2070 2460 habet

1180 2466 1246 2502 haic
1259 2467 1375 2502 verba:
1403 2470 1551 2503 Secundus
1574 2473 1771 2506 Diaconorum
1790 2471 1826 2512 est
1846 2478 1966 2514 primus
1988 2479 2068 2509 inter

1178 2530 1341 2551 communes
1370 2520 1529 2553 Diaconos.
1562 2520 1689 2568 Qaerit
1703 2521 1757 2558 hic
1785 2522 1927 2565 Joannes
1954 2523 2065 2560 Goar:

1178 2570 1264 2611 ,Quid
1289 2568 1339 2601 boc
1363 2576 1406 2602 rei
1431 2569 1470 2610 est
1496 2595 1505 2610 ‚
1546 2580 1579 2604 ut
1616 2571 1664 2604 hic
1701 2574 1897 2607 Diaconoram
1918 2572 2066 2617 secundus

1173 2619 1348 2662 scribatur,
1372 2630 1406 2652 ac
1425 2619 1513 2660 simul
1536 2622 1677 2664 afferatur
1698 2629 1820 2665 primus
1845 2631 1924 2657 inter
1942 2636 2064 2658 commu-

1178 2682 1229 2704 nes
1258 2671 1427 2710 Diaconos?
1455 2670 1675 2713 Referendum
1702 2671 1839 2713 affirmat
1862 2675 1896 2708 in
1921 2675 1987 2718 jam
2011 2687 2067 2716 ept-

1177 2721 1310 2762 positam
1346 2719 1619 2757 Archidiaconici
1652 2724 1755 2758 officii
1795 2725 2063 2759 mutilationem.

1178 2770 1302 2817 Verum
1329 2771 1428 2816 longe
1453 2774 1547 2810 aliter
1572 2771 1743 2817 respondet
1770 2773 1806 2809 in
1834 2773 2065 2810 palatinorum

1177 2821 1358 2862 officiorum
1383 2823 1538 2867 catalogo
1561 2823 1627 2867 ipse
1654 2824 1827 2862 Codinus:
1865 2826 1945 2858 Olim
1970 2830 2064 2859 etiam

1176 2871 1302 2913 Ecclefia
1324 2871 1454 2907 habebat
1469 2872 1559 2917 suum
1579 2872 1824 2908 Archidiaconum
1845 2900 1855 2916 ,
1884 2885 1962 2908 nunc
1988 2878 2062 2909 vero

1174 2932 1376 2964 nequaquam.
1402 2925 1462 2957 Sed
1485 2923 1575 2958 babet
1601 2925 1684 2959 illum
1711 2926 1819 2959 clerus
1842 2929 2058 2967 Imperatoris.

1173 2970 1274 3015 Causa
1307 2980 1453 3019 quaerirur
1473 2999 1481 3010 ,
1523 2975 1618 3022 Qin
1659 2973 1729 3011 imo
1757 2976 1851 3010 causa
1876 2974 1922 3015 est
1948 2976 2034 3009 clara
2054 3001 2064 3011 .

1174 3022 1306 3058 Etenim
1334 3023 1709 3068 Constantinopolitana
1738 3025 1878 3064 Ecclesia
1905 3024 2063 3069 posterio-

1172 3072 1259 3107 ribus
1283 3073 1486 3118 temporibus
1513 3075 1590 3109 fecit
1614 3075 1706 3119 quod
1732 3075 1831 3110 etiam
1849 3074 2060 3118 &coloniens

1170 3123 1192 3156 fi
1218 3123 1339 3164 fastum
1368 3125 1475 3160 laudat
1502 3126 1536 3159 in
1564 3126 1682 3169 scripta
1709 3125 1858 3167 adversus
1895 3126 2056 3169 Ioannem

1173 3172 1479 3220 Archidiaconum‚
1504 3176 1538 3209 δε
1566 3174 1651 3219 apud
1679 3175 1874 3212 Anselmum
1902 3174 2052 3210 Canoni-

1169 3234 1245 3257 cum
1272 3224 1419 3260 exstante
1447 3225 1591 3269 Epistola
1621 3226 1824 3261 Venerabilis
1849 3227 1956 3259 Wazo
1981 3224 2058 3268 Epi·
2072 3226 2146 3265 Cap.
2166 3234 2211 3266 85.

1171 3275 1284 3316 scopus
1305 3273 1514 3313 Leodienfis:
1542 3276 1803 3316 archidiaconatus
1828 3280 1872 3309 tui
1901 3276 2054 3315 moderare

1163 3324 1341 3368 gloriolam,
1379 3330 1450 3368 quia
1474 3330 1592 3360 Divina
1614 3327 1731 3362 bonitas
1751 3326 1886 3369 pluribus
1911 3335 1940 3359 te
1966 3325 2050 3358 bonis

2148 1861 2156 1872 ι
2189 1850 2238 1877 40·

2077 2796 2151 2837 Cap.
2182 2809 2228 2835 ιγ.

1170 3425 1346 3464 diaconatu,
1375 3428 1508 3460 Decretis
1552 3427 1752 3469 Ecclefiasticis
1774 3427 1904 3469 instituto
1923 3448 1933 3464 2
1977 3424 2050 3466 quid

1171 3474 1316 3510 extolleris
1338 3475 1356 3507 ἔ
1392 3477 1424 3510 Si
1444 3478 1593 3510 Diaconus
1631 3488 1662 3510 es
1684 3500 1697 3516 ‚
1735 3477 1784 3511 dic
1817 3475 1897 3512 unda?
1923 3472 1980 3505 tibi
2005 3484 2048 3509 co·

1566 3524 1608 3561 Μ
1926 3534 2000 3572 gno,

1151 3373 1286 3535 &ditavit
1302 3397 1313 3414 ‚
1339 3374 1444 3417 quibus
1467 3377 1684 3411 rationabiliter
1706 3376 1877 3414 honoreris,
1901 3380 1938 3408 In
1951 3374 2049 3407 Archi-
