2366 3756
75 1701 130 1733 ΑΒ.
165 1701 235 1737 883.

538 203 1114 246 ‘CONCILI'UM
1185 200 1717 246 [tonsu-unt·

251 285 335 321 libus
359 284 541 325 presbyteris
565 294 620 319 aut
646 289 786 317 Draconis
812 282 1031 327 consecraretur
1052 307 1060 315 .
1099 283 1144 316 Et

250 336 349 370 hunc
370 335 602 379 Apostolicum
616 335 787 369 Canonem
802 334 945 377 praesenti
959 334 993 366 in
1005 333 1142 375 Synodo

258 386 436 421 innovavit
458 386 618 420 Nicolaus
640 384 813 418 secundus.

309 435 399 480 Eligi
421 446 549 480 oportet
570 446 613 467 ex
635 433 864 468 cardinalibus
877 432 1075 476 Presbyteris
1085 441 1140 467 aut

258 485 438 521 Diaconis.
466 485 680 528 Nequaquam
703 495 745 518 ex
767 483 935 526 Episcopis
956 509 963 516 .
1006 483 1140 517 Etenim

252 536 361 571 ‘etiam
384 534 573 570 Cardinales
598 533 775 577 Episcopos
796 533 838 567 ad
859 533 975 568 Sedem
1001 532 1142 576 Aposto-

259 587 359 621 licam
382 585 545 620 transferri
571 582 653 618 adeo
674 582 839 630 ignoravit
861 584 947 617 olim
975 583 1138 623 Ecclefia,

258 646 297 670 ut
329 636 371 669 de
401 632 537 668 Marino
572 635 632 670 suo
662 634 873 668 Anteceffore
905 634 946 667 ad
986 633 1141 666 Bafilium

258 686 490 728 Imperatorem
512 684 628 718 scribat
647 682 830 726 Stephanus
853 684 979 718 sextus.
1009 685 1076 726 ‚Qui
1097 684 1142 715 oli—

255 743 331 769 cunt
351 739 506 768 Marinum
526 738 616 768 antea*
637 733 817 777 Episcopum
837 732 923 777 fuiffe
946 759 957 775 ,
992 744 1080 776 eoque
1100 734 1144 765 ad

258 785 352 818 aliam
370 786 472 818 sedem
490 797 548 818 non
575 784 695 827 potuiffe
728 783 896 825 transferri
923 809 934 825 ,
969 783 1140 824 ostendant.

257 835 410 869 Marinus
436 834 597 869 Romanae
624 834 768 868 Ecclefiae
803 833 911 869 adhuc
956 833 1142 868 Cardinalis

257 884 453 924 Diaconus,
478 885 513 918 ὅ(
534 883 672 918 Adriani
696 883 828 918 secundi
850 884 1025 919 Pontificis
1039 883 1141 928 Lega-

250 944 310 968 tus
329 958 340 975 ,
365 935 514 968 octavam
549 934 722 978 synodum
745 934 920 968 celebrarat
939 959 951 975 ,
980 934 1143 976 factusque

255 983 418 1021 Pontifex
445 983 545 1027 ipsam
573 984 680 1019 valide
704 985 889 1019 muniverat
916 997 923 1016 ε
950 984 1000 1018 Ea
1026 982 1140 1017 omnia

254 1034 419 1068 eversurus
440 1033 460 1067 ὲ
480 1032 608 1069 Photio
628 1034 888 1078 circumscriptus
908 1033 1043 1067 Bafilius
1054 1032 1142 1076 obje-

248 1084 304 1118 ·cit
325 1085 494 1118 Marinum
515 1096 584 1119 non
607 1085 700 1119 fuisse
720 1084 909 1130 legitimum
920 1083 1140 1123 Pontificem,

254 1134 333 1178 quia
359 1146 399 1168 ex
426 1135 493 1168 alio
510 1135 709 1180 Episcopatu
736 1135 928 1170 translatus.
957 1134 1064 1168 Fuisse
1087 1132 1132 1167 do

254 1184 359 1218 lofam
384 1182 500 1218 Photii
523 1184 689 1229 stropham
715 1186 889 1220 affirmavit
917 1185 953 1219 in
978 1184 1142 1218 litterisad

255 1234 425 1268 laudatum
460 1234 663 1278 Stephanum
712 1236 881 1277 stylianus
921 1234 1140 1278 Metropolita

255 1284 539 1318 Neocaesarienfis.
569 1285 677 1320 Unde
697 1285 731 1318 &
751 1287 857 1330 ipsum
881 1285 915 1319 in
938 1285 1079 1320 laudatis
1101 1285 1141 1318 ad

255 1332 445 1377 Principem
468 1333 583 1368 litteris
604 1335 691 1369 idem
715 1335 876 1370 Pontifex
889 1335 1077 1369 constanter
1090 1346 1130 1368 ne

255 1384 366 1428 gavit.
395 1384 448 1418 Ex
469 1385 614 1418 Diaconi
625 1384 728 1428 gradu
739 1386 894 1418 Marinus
903 1384 1142 1418 Pontificatum

249 1431 483 1467 adscenderat.
511 1433 592 1476 Ejus
619 1434 655 1467 in
672 1433 740 1466 vita
761 1432 926 1477 perperam
939 1433 971 1467 id
986 1432 1136 1477 negatli-

256 1482 306 1516 bri
329 1482 535 1516 pontificalis
553 1493 595 1515 ex
615 1483 710 1516 variis
727 1481 944 1523 Scriptoribus
980 1482 1136 1524 compila-

254 1540 326 1564 tum
348 1530 630 1572 supplementum.
666 1530 774 1561 Fuiffe
798 1529 959 1565 Romanae
989 1530 1141 1562 Ecclefiae

253 1575 540 1613 Archidiaconum
572 1601 584 1618 ,
609 1575 727 1612 diserte
752 1578 917 1612 affirmant
941 1577 1042 1612 etiam
1067 1577 1141 1611 Ful-

253 1628 368 1663 denses
388 1629 587 1663 Francorum
611 1626 776 1662 Annales.
805 1628 934 1661 Primus
945 1638 985 1661 ex
998 1627 1062 1661 alia
1081 1626 1140 1661 Ca-

252 1677 370 1714 thedra
393 1678 564 1714 translatus
585 1677 744 1713 Pontifex
776 1677 839 1714 fuit
861 1678 1039 1715 Formosus
1059 1676 1138 1713 Por·

251 1730 373 1764 tuenfis
398 1728 604 1774 Episcopus,
631 1730 746 1767 eadem
758 1729 900 1767 decausa
916 1730 986 1775 post
997 1740 1138 1765 mortem

252 1779 466 1825 degradatus.
487 1780 602 1824 Iniqua
619 1782 653 1816 δε
675 1782 879 1819 latrocinalis
900 1781 963 1818 fuit
985 1781 1141 1830 degrada‘

252 1831 335 1873 tio·,
374 1830 485 1865 statuit
515 1829 648 1866 interim
677 1833 711 1867 in
743 1836 797 1869 ssia
822 1835 974 1870 Romana
1001 1834 1139 1879 Synodo

252 1880 397 1925 Joannes
424 1893 530 1916 nonus
544 1894 551 1914 :
578 1884 665 1926 ,Quia
677 1886 844 1925 neceffitatis
856 1884 945 1929 causa
954 1886 990 1919 de
1001 1888 1135 1919 Portuen-

246 1929 278 1971 fi
290 1930 418 1972 Ecclesia
439 1931 596 1978 Formosus
613 1942 672 1975 pro
698 1941 778 1969 vitae
806 1942 910 1971 merito
929 1937 974 1969 ad
994 1935 1135 1978 Apostoli-

251 1991 316 2014 cam
335 1982 439 2015 Sedem
455 1981 617 2024 provebius
639 1983 696 2025 est,
716 1984 874 2024 statuimus
902 1988 937 2021 δ
952 1987 1073 2019 omnino
1086 1987 1135 2020 de-

249 2035 394 2066 cernimus
417 2056 427 2072 ‚
462 2041 496 2065 ut
531 2033 567 2065 id
590 2039 623 2066 in
659 2036 828 2078 exemplum
862 2038 959 2070 nullus
985 2036 1110 2080 assumat
1126 2060 1137 2076 ,

243 2079 416 2124 praesertim
441 2082 504 2115 cum
530 2085 624 2117 sacri‘
641 2089 776 2119 Canones
803 2086 853 2120 boc
874 2087 996 2129 penitus
1010 2088 1135 2120 interdi-

249 2140 341 2170 cant,
364 2133 399 2165 ό·
422 2132 636 2175 praesumentes
662 2145 751 2168 tanta
779 2136 904 2178 feriant
930 2137 1038 2169 ultione
1060 2159 1072 2174 ,
1100 2143 1134 2168 ut

249 2186 342 2213 etiam
367 2187 399 2214 in
407 2181 469 2222 fine
489 2184 598 2216 laicam
623 2190 666 2216 eit
688 2185 867 2225 prohibeant
891 2190 1132 2216 communionem.

250 2229 384 2272 Utique
411 2232 533 2271 primus
557 2241 596 2263 ae
615 2232 774 2265 secundus
786 2233 902 2266 Canon
918 2232 1113 2266 Sardicenfis
1128 2256 1135 2265 .

249 2277 407 2312 Clemens
440 2280 618 2322 secundus,
644 2281 805 2315 Damasus
832 2282 991 2314 secundus
1014 2305 1025 2321 ,
1063 2281 1135 2315 Leo

248 2337 378 2367 norrun,
406 2338 444 2361 ac
471 2327 586 2361 Victor
611 2327 788 2370 secundus,
813 2340 855 2363 ex
883 2329 1066 2366 Germaniae
1093 2330 1135 2363 E-

248 2375 388 2421 piscopis
413 2387 515 2420 nuper
553 2375 784 2413 adscenderant
823 2378 941 2413 Sedetn
969 2379 1135 2423 Apostoli·

246 2437 336 2460 cam.
364 2427 465 2460 Hanc
491 2428 669 2462 novitatem
697 2428 907 2472 proscriptam
934 2430 1070 2470 volens,
1097 2429 1133 2462 li-

247 2476 299 2510 eet
324 2487 367 2509 ex
392 2475 588 2511 Florentino
614 2478 779 2522 Episcopo
805 2477 962 2513 Pontifex
974 2478 1134 2514 Nicolaus

248 2524 408 2559 secundus
434 2522 539 2561 hocce
565 2529 700 2571 propriae
725 2528 927 2571 promotioni
965 2528 1133 2564 adversum

247 2575 429 2618 Decretum
455 2576 581 2611 emisit.
607 2576 646 2610 In
674 2578 993 2620 Ecclefiasticarum,
1032 2579 1133 2614 Cura-

245 2634 354 2659 tarum
380 2627 548 2669 praesertim
575 2638 613 2661 ac
639 2627 905 2673 Episcopalium,
931 2629 1132 2675 dignitatum

246 2675 402 2709 eleskione
426 2688 483 2711 aut
508 2677 690 2712 collatione
714 2677 882 2723 digniores
910 2681 1032 2723 semper
1059 2692 1130 2724 prae-

248 2725 324 2759 ferri
349 2726 508 2761 mandant
534 2727 568 2762 ὃς
594 2738 711 2763 aeterna
739 2740 861 2763 naturae
887 2729 962 2771 lex,
987 2730 1022 2763 ἃς
1047 2732 1133 2764 avita

248 2775 383 2810 Parrum
409 2776 538 2821 Regula
559 2803 567 2810 .
607 2778 731 2813 Verum
770 2780 855 2814 intra
882 2780 968 2815 solos
992 2779 1132 2823 ejusdem

247 2824 395 2860 Ecclefiae
419 2837 476 2860 aut
504 2827 704 2872 Episcopalis
735 2828 905 2864 parochia·
929 2830 1076 2865 Clericos
1099 2832 1133 2866 &

246 2874 435 2910 Monachus
462 2876 508 2911 est
534 2878 683 2913 facienda
706 2882 928 2923 comparatio.
954 2880 1133 2927 Qousque

245 2925 316 2960 illie
340 2927 495 2969 reperitur
520 2927 663 2975 dignus,
690 2929 824 2974 dignior
850 2930 928 2964 soris
953 2933 1130 2974 quaerinon

246 2974 363 3010 debeat
390 2987 450 3009 nec
469 2978 587 3020 poffit.
616 2978 775 3026 Qisqvis
801 2981 959 3025 quaesierit
982 3005 993 3021 ,
1026 2982 1131 3027 digno

248 3025 297 3060 illi
324 3037 457 3071 gravem
483 3027 605 3073 irrogat
630 3029 782 3071 injuriam
804 3055 812 3063 .
849 3031 922 3080 Qi
957 3030 1133 3076 antiquissi-

248 3087 322 3110 mus
348 3087 385 3110 ac
412 3076 694 3113 universaliffimus
722 3079 868 3115 Ecclefiae
895 3076 1014 3116 Canon
1039 3081 1130 3117 estin

243 3126 351 3161 nostra
380 3135 524 3170 tempora
550 3129 691 3162 omnino
716 3130 933 3166 revocandus.

293 3174 424 3210 Primus
435 3175 612 3220 Imperator
626 3203 637 3219 ‚
663 3178 808 3215 Romani
821 3181 993 3217 Pontificis
1003 3181 1131 3218 eleffio·

242 3227 278 3260 ni
306 3227 338 3259 se
364 3227 497 3260 miscere
525 3228 637 3267 ausus,
662 3230 725 3263 suit
750 3231 965 3271 Constantius
986 3256 996 3273 ,
1024 3233 1132 3267 fautor

243 3275 434 3313 Eusebianae
459 3277 608 3310 fafflonis
627 3303 637 3318 ‚
673 3279 714 3313 de
740 3292 805 3323 quo
832 3283 867 3316 in
896 3282 1129 3317 Ecclefiastico-

241 3337 315 3360 rum
335 3326 537 3368 Scriptorum
558 3327 722 3372 Caralogo
734 3332 866 3366 Sanetus
878 3332 1107 3375 Hieronymus
1121 3346 1126 3364 ι

243 3379 366 3410 Aeacius
395 3375 509 3419 Luscus
534 3376 720 3420 Caesarienfis
746 3381 880 3423 Ecclefiae
905 3389 938 3416 in
965 3381 1126 3423 Palaestina

243 3424 403 3468 Epifitopus
428 3432 461 3459 in
494 3435 615 3461 tantum
647 3426 701 3470 sub
739 3431 909 3470 constantio
946 3436 1127 3475 Imperatore

242 3475 347 3509 claruit
361 3499 372 3515 ‚
398 3485 434 3511 ut
460 3482 492 3509 in
513 3477 625 3516 Liberti
651 3479 742 3513 locum
768 3484 870 3514 Romae
890 3483 1017 3519 Felicem
1042 3487 1125 3518 Aria-

340 3523 530 3569 chrisi.Lupi
542 3529 708 3572 Oper.Tom.
719 3532 752 3563 V.

1957 218 2019 265 75

1205 295 1274 317 num
1297 284 1475 328 Episcopum
1494 283 1672 325 constitueret
1696 308 1705 317 .
1729 285 1850 322 Felicis
1872 285 2087 321 intrusionem

1207 334 1348 368 Aeacius
1374 336 1487 374 suasit,
1518 335 1845 371 Constantiusfecit.
1872 336 2004 371 Exinde
2016 336 2089 370 nul-

1203 383 1252 417 lus
1276 384 1446 417 audaciam
1474 385 1620 419 imitatus
1644 385 1691 419 est
1718 388 1818 430 usque
1842 385 1884 420 ad
1909 385 2090 420 Odoacrim

1205 432 1378 466 Erulorum
1404 433 1438 466 in
1466 433 1560 467 ltalia
1586 436 1737 479 Regem,
1762 436 1853 480 cujus
1872 435 2026 470 Edictum
2053 436 2091 471 in

1202 494 1316 525 quarta
1344 481 1535 526 Symmachi
1562 482 1737 519 Pontificis
1766 485 1904 528 Synodo
1940 486 2091 520 recitavit

1204 533 1383 566 Hormisda
1411 532 1570 566 Romanae
1596 531 1744 567 Ecclefiae
1771 535 1942 570 Diaconus
1966 550 1978 571 s
2013 535 2092 568 cum

1203 588 1234 614 in
1259 594 1352 615 unum
1376 584 1462 624 apud
1484 585 1614 616 Beatum
1642 585 1764 617 Petrum
1791 585 1951 626 Apostolum
1973 583 2094 629 resedifi-

1198 630 1264 674 sent
1300 643 1376 668 cum
1401 633 1571 676 Simplicio
1609 632 1696 676 Papa
1722 634 1924 677 synodaliter
1959 635 2096 678 adunati

1205 682 1358 725 Episcopi
1382 707 1393 723 ,
1413 681 1552 725 sublimis
1579 684 1614 717 (9·
1639 685 1875 725 eminentiffmus
1901 689 1952 717 vis
1980 685 2094 726 Praefe-

1204 732 1269 764 llus
1296 735 1439 766 Praetorio
1463 743 1554 776 atque
1580 737 1754 774 Patrium,
1779 747 1872 779 agens
1900 740 1993 768 etiam
2013 741 2094 769 vices

1207 783 1466 823 Praecellenttffimi
1492 788 1584 829 Regis
1611 786 1755 817 odoacris
1778 809 1790 825 ,
1826 783 1955 825 Bafilius
1981 787 2067 819 dixit
2077 798 2094 827 ;

1204 835 1395 875 ‚Quamquam
1417 833 1508 875 studii
1534 833 1622 874 nostri
1648 836 1683 868 (5
1707 834 1870 877 Religionis
1899 835 2034 877 intersit,
2060 844 2094 869 ut

1203 890 1236 915 m
1271 882 1470 926 Episcopatus
1508 884 1659 918 Elec‘lione
1692 885 1842 917 concordia
1886 887 2094 926 principaliter

1197 932 1336 975 servetur
1364 932 1516 976 Exhfiae,
1545 947 1582 968 ne
1602 944 1662 978 per
1686 933 1855 977 occafionem
1869 933 2096 979 seditionis-sta-

1203 990 1252 1016 tus
1279 987 1427 1017 Civitatis
1451 994 1571 1019 vocetur
1597 991 1630 1018 in
1656 985 1776 1020 dubium
1789 1011 1800 1027 ,
1836 994 1936 1019 tamen
1962 986 2097 1018 admoni-

1204 1038 1280 1066 tione
1303 1035 1465 1074 Beatiffimi
1491 1042 1554 1069 viri
1581 1039 1679 1078 Papae
1703 1036 1790 1077 nostri
1814 1037 1978 1079 Simplicii,
2003 1046 2096 1079 quam

1204 1092 1274 1117 ante
1298 1084 1388 1116 oculos
1415 1084 1533 1128 semper
1570 1085 1680 1120 babere
1716 1086 1854 1121 debemus
1873 1112 1885 1128 ‚
1922 1086 1975 1120 boc
2009 1085 2096 1119 nobis

1203 1133 1375 1172 meministis
1395 1133 1453 1177 ficb
1478 1136 1663 1176 obtestatione
1680 1137 1781 1181 feciffe
1818 1138 1995 1172 mandatum
2014 1161 2026 1178 ‚
2062 1136 2096 1169 6·

1201 1192 1323 1226 propter
1362 1185 1445 1218 illum
1474 1184 1632 1228 strepitum
1668 1188 1703 1219 Θ
1740 1187 1923 1221 venerabilis
1960 1184 2097 1227 Ecclest'ae

1204 1235 1433 1273 detrimentum,
1452 1235 1484 1277 fi
1501 1247 1567 1269 eum
1591 1238 1630 1270 de
1655 1235 1712 1269 hac
1734 1239 1795 1271 luce
1821 1241 1951 1281 migrare
1976 1241 2099 1279 contige-

1204 1289 1246 1316 rit
1270 1309 1280 1324 ,
1315 1295 1374 1317 non
1403 1284 1467 1326 fine
1491 1286 1588 1326 nofha
1612 1285 1822 1330 consultatione
1846 1286 2003 1330 cujuslibet
2028 1286 2099 1319 cele-

1205 1334 1306 1368 bretur
1331 1335 1445 1368 eIeHio.
1472 1334 1627 1378 Turbas‚
1655 1347 1733 1380 quas
1758 1337 1777 1371 a
1802 1336 2021 1381 quorumdam
2033 1346 2099 1370 am·

1206 1383 1274 1416 bitu
1302 1384 1490 1423 metuebat,
1518 1387 1553 1417 in
1579 1387 1628 1419 sui
1640 1387 1825 1420 successoris
1838 1387 1999 1421 elestione
2009 1385 2102 1421 comi

1206 1432 1290 1476 pesci
1316 1433 1490 1468 dumtaxat
1517 1445 1649 1479 rogarat
1675 1435 1884 1479 Simplicius:
1913 1435 2099 1471 Neminem

1203 1482 1356 1523 deinceps
1385 1482 1452 1515 fine
1480 1483 1535 1515 sua
1572 1484 1816 1518 consultatione
1851 1486 1906 1523 seu
1944 1486 2098 1528 approba·

1205 1528 1296 1562 tione
1323 1529 1390 1562 fieri
1419 1529 1620 1564 Pontificem
1646 1531 1801 1566 Odoacer
1819 1532 1861 1567 de
1877 1534 1935 1568 suo
1945 1534 2097 1569 addidit.

1204 1578 1296 1611 Hinc
1324 1578 1475 1611 adversus
1501 1579 1587 1614 istud
1616 1580 1770 1615 Edistum
1806 1582 2042 1625 pronuntiavit⁴
2060 1585 2098 1618 in

1203 1627 1324 1661 laudati
1350 1628 1543 1671 Symmachi
1571 1630 1710 1674 Synodo
1737 1631 1938 1667 Cresconius
1965 1632 2106 1668 Turien-v

1201 1678 1289 1713 tinus
1317 1677 1517 1724 Episcopus:
1545 1683 1781 1723 Hit-perpendat
1805 1683 1918 1717 santia
1942 1685 2097 1725 synodus,

1199 1735 1244 1763 uti
1265 1730 1463 1773 praetermtffls
1486 1729 1620 1773 personis
1646 1731 1794 1776 Religiffls
1811 1758 1821 1773 ,
1845 1733 1950 1775 quibus
1962 1737 2096 1769 maxima

1198 1792 1271 1815 cura
1294 1781 1331 1822 est
1355 1783 1394 1816 de
1418 1788 1503 1817 tanto
1528 1781 1672 1827 Pontifice
1699 1809 1710 1826 ,
1744 1783 1912 1818 eleaeionem
1951 1787 2036 1818 Laici
2061 1791 2096 1819 in

1194 1834 1282 1880 suam
1307 1834 1472 1878 redegerint
1493 1835 1665 1877 potestatem
1686 1860 1696 1876 ‚
1724 1835 1805 1877 quod
1828 1845 1929 1869 contra
1955 1840 2096 1869 Canones

1198 1886 1248 1930 effe
1275 1885 1457 1927 manifestum
1481 1885 1533 1927 est.
1563 1885 1717 1920 Edistum
1743 1886 1841 1920 cassat
1868 1894 1968 1929 atque
1993 1885 2098 1919 exsuf-

1197 1936 1273 1971 flat.
1301 1935 1428 1971 Verum
1454 1948 1523 1971 non
1551 1937 1595 1971 it&
1623 1936 1748 1971 dudum
1777 1935 1847 1980 post
1875 1936 1980 1980 ipsum
2008 1935 2095 1971 resti·

1198 1986 1262 2021 tuit
1288 1997 1326 2021 ac
1354 1988 1517 2030 resumpsit
1553 1986 1787 2022 Theodericus
1825 1985 2019 2021 Gothorum
2057 1987 2096 2022 in

1197 2037 1292 2071 Italia
1319 2037 1394 2071 Rex
1409 2062 1420 2078 ,
1445 2037 1486 2071 de
1513 2049 1582 2082 quo
1607 2038 1648 2073 ad
1678 2037 1785 2073 Urbis
1799 2039 1956 2073 Senatum
1971 2036 2098 2081 scripsit

1197 2085 1282 2130 apud
1309 2087 1537 2122 cassiodorum
1564 2089 1661 2133 ipsius
1688 2100 1792 2133 nepos
1820 2088 1895 2123 Rex
1924 2087 2098 2182 Λῑὴειὲῖἱῐὲ
2114 2081 2166 2158 {fist
2177 2081 2274 2156 {³³:⁴³⁰

1196 2147 1268 2170 cus:
1298 2138 1495 2176 Gratissimum
1523 2139 1614 2178 nostro
1636 2140 1812 2181 profitemur
1839 2146 1939 2173 animo
1967 2164 1978 2179 ,

1191 2184 1307 2228 gloriosi
1330 2188 1451 2218 Domini
1478 2189 1539 2218 Avi
1565 2187 1654 2226 nostri
1679 2187 1870 2229 respondistis
1910 2195 1943 2220 tn
1970 2188 2095 2231 Episto-

1193 2242 1286 2275 patus
1311 2233 1443 2267 eleHione
1467 2236 1579 2272 iudicio
1594 2259 1601 2266 .
1646 2235 1810 2278 oportebat
1847 2242 1927 2270 enim
1963 2238 2093 2271 ‘arbitrio

1196 2283 1263 2315 boni
1289 2285 1440 2323 Principis
1464 2283 1603 2325 obediri,
1638 2291 1691 2327 qui
1713 2285 1846 2327 sapienti
1882 2286 2092 2322 deliberatione

1191 2331 1404 2373 perti-allans,
1430 2338 1575 2374 quamvis
1601 2339 1634 2366 in
1660 2336 1721 2367 alia
1733 2336 1903 2379 Religione,
1930 2338 2021 2370 talem
2036 2344 2086 2372 vi·

1190 2380 1245 2424 sus
1267 2379 1305 2420 est
1326 2381 1499 2424 Pontificem
1517 2383 1648 2428 delegisse
1661 2409 1672 2425 ,
1700 2394 1732 2417 ut
1752 2387 1827 2418 nulli
1854 2390 1958 2420 merito
1982 2388 2090 2422 debeat

1196 2429 1365 2474 displicere:
1392 2434 1432 2466 Ut
1449 2431 1619 2476 agnoscatis
1633 2434 1717 2468 illum
1730 2433 1782 2468 boc
1797 2437 1904 2479 optasse
1910 2441 2064 2480 praecipue
2075 2464 2087 2480 ,

1195 2489 1342 2524 quatenus
1368 2481 1451 2514 bonis
1487 2483 1689 2517 sacerdotibus
1728 2485 1924 2528 Ecclesiarum
1959 2493 2089 2522 omnium

1198 2532 1306 2575 Religio
1325 2533 1506 2573 pullularet.
1534 2534 1691 2577 Recepistis
1719 2541 1820 2579 itaque
1832 2542 1931 2571 vitum
1945 2563 1956 2579 ‚
1984 2540 2018 2573 <5
2037 2543 2091 2572 Da·-

1197 2588 1271 2614 vina
1290 2587 1394 2624 gratia
1414 2581 1608 2624 probabiliter
1634 2585 1798 2626 institutum
1811 2613 1821 2628 ,
1852 2590 1886 2622 Θ·
1899 2590 2004 2632 Regali
2014 2600 2091 2623 exa-

1194 2636 1356 2666 nunatione
1381 2632 1556 2667 laudatum.
1584 2634 1663 2669 Post
1688 2636 1888 2672 exstinaum
1911 2640 2086 2674 incarcere

1196 2682 1345 2715 San-stum
1371 2683 1529 2726 loannem
1559 2685 1701 2728 primum
1721 2685 1942 2728 Pontificem,
1969 2690 2002 2722 dc
2017 2689 2088 2722 Ro-

1196 2743 1324 2766 manam
1352 2733 1552 2768 Cathedram
1579 2734 1757 2769 Catholico
1785 2736 1950 2781 Episcopo
1977 2740 2083 2781 priva·

1196 2793 1227 2815 re
1248 2805 1258 2820 ,
1284 2783 1317 2816 dt
1342 2783 1383 2817 ad
1410 2783 1428 2816 a
1455 2794 1548 2818 tanto
1572 2783 1668 2827 ipsius
1687 2786 1759 2820 zelo
1781 2787 1988 2832 dogmaticas
2006 2788 2082 2825 lites

1195 2831 1346 2867 sustinere
1367 2834 1519 2878 deinceps
1541 2833 1656 2868 nolens
1680 2835 1823 2871 Asianus
1857 2837 1932 2872 Rex
1963 2836 2085 2874 Theo-

1192 2880 1321 2917 doricus
1341 2907 1351 2922 ‚
1388 2882 1537 2929 eligendi
1566 2883 1740 2920 pontificis
1767 2887 1939 2930 personam
1964 2889 2082 2923 statuit

1193 2931 1383 2977 designare,
1410 2935 1444 2968 ὅ(
1467 2945 1525 2978 pro
1548 2935 1651 2978 prima
1674 2937 1744 2971 vice
1766 2937 1948 2981 designavit
1972 2939 2082 2974 virum

1193 2984 1354 3026 optimum
1367 3008 1377 3023 ,
1402 2983 1429 3017 a
1447 2984 1547 3019 Clero
1571 2985 1605 3019 ἀ
1623 2985 1742 3021 Senatu
1766 2987 1831 3021 fine
1849 2987 2083 3024 contradictio-

1192 3043 1232 3067 ne
1260 3033 1433 3068 admissum
1455 3059 1466 3076 ,
1492 3035 1637 3070 Felicem
1665 3046 1816 3079 quartum
1836 3062 1843 3070 .
1882 3038 2001 3074 Hocce
2026 3039 2082 3074 avi

1193 3083 1237 3116 sui
1265 3084 1383 3121 fastum
1410 3085 1520 3119 laudat
1542 3085 1577 3118 in
1602 3085 1751 3120 adductis
1772 3088 1890 3122 litteris
1912 3111 1923 3127 ‚
1950 3087 2081 3124 eodem-

1192 3143 1254 3174 que
1278 3134 1346 3177 jure
1367 3135 1416 3169 uti
1446 3135 1616 3179 praetendit
1651 3136 1809 3171 successor
1841 3137 2049 3173 Athalaricus
2067 3163 2079 3172 .

1194 3183 1236 3215 Et
1256 3194 1434 3228 utcumque
1462 3186 1532 3229 ipso
1555 3185 1648 3219 fuisse
1678 3188 1772 3221 usum
1794 3186 1973 3222 ostendunt
2007 3188 2077 3231 ejus

1190 3232 1229 3266 ad
1248 3232 1404 3275 Ioannem
1423 3235 1602 3269 secundum
1621 3234 1820 3271 Pontificem
1852 3238 1982 3272 litterae:
2011 3242 2081 3282 Νιι·ι

1188 3290 1241 3324 per
1267 3284 1311 3316 ad
1324 3296 1376 3317 nos
1400 3284 1543 3329 Defensor
1567 3289 1711 3321 Romana
1734 3286 1868 3328 Ecclefiae
1893 3287 1987 3329 flebili
2005 3290 2076 3322 alle·

1185 3337 1304 3376 gatione
1328 3340 1471 3376 pervenit
1488 3360 1500 3376 ‚
1530 3335 1595 3369 ct'tm
1636 3336 1798 3379 apostolica
1824 3338 1892 3371 sedi
1923 3347 2079 3394 peteretis-t·
2098 3358 2129 3390 L
2156 3370 2183 3395 9·
2220 3360 2254 3392 E-

1763 3387 1868 3435 Qo'd
1899 3390 1988 3422 enim
2019 3387 2077 3421 eli·
2096 3397 2158 3435 pist,
2182 3407 2227 3435 15·

1191 3382 1316 3422 Antistes
1338 3408 1346 3416 .
1386 3385 1476 3420 Dico
1498 3410 1511 3426 ‚
1540 3390 1699 3429 Utcumque
1721 3399 1730 3419 ε

1190 3433 1329 3476 gendam
1353 3436 1520 3476 personam
1545 3448 1614 3471 non
1638 3435 1814 3481 defignarit
1835 3461 1847 3478 ,
1877 3437 1932 3476 sed
1951 3436 2078 3480 eligent»

1189 3484 1222 3517 di
1254 3483 1426 3521 dumtaxat
1454 3485 1624 3526 licentiam
1646 3486 1664 3518 a
1695 3488 1726 3521 se
1751 3486 1819 3530 peti
1839 3509 1853 3525 ‚
1881 3486 1916 3520 δε
1947 3486 2077 3520 electio.

1595 3532 1629 3570 G
1679 3544 1702 3571 2
1951 3544 2026 3576 nem
