2366 3756
81 256 195 286 12.q.2.

80 291 170 325 (231.

77 1006 113 1036 C.
127 1008 171 1035 16.

78 1197 116 1227 C·
130 1199 157 1227 Β·

76 1723 191 1768 Epist-9-

451 167 970 202 CONCILIUM

211 247 383 281 Canonem
405 255 414 276 ε
450 245 605 277 Saneimus
643 243 779 276 omnibus
804 239 959 283 Episiwpis
985 251 1088 274 curam

215 300 367 331 Laicorum
378 292 505 332 instare.
533 292 605 335 Uest*
619 305 691 335 quos
713 298 745 325 in
762 291 823 334 fide
844 290 956 331 Christi
984 301 1078 324 nvene

210 351 292 382 rint,
317 350 406 377 nimio
417 343 523 385 affet‘iu
538 345 666 386 diligant
681 367 687 373 .
712 339 838 383 Insuper
858 341 1063 383 confirmamus
1078 365 1089 380 ,

210 403 245 430 ut
247 393 278 435 fi
283 394 387 437 aliqua
398 394 436 426 ab
447 393 514 436 ipfis
527 398 674 434 accipiant
685 392 763 423 dona
773 413 783 429 ,
802 390 906 430 statim
918 398 952 422 in
964 400 1089 433 quatuor

209 445 357 479 dividam
376 452 503 486 partes,
530 447 578 475 ita
597 450 631 474 ut
635 447 739 482 prima
747 448 824 482 pars
842 441 1005 485 secundum
1018 444 1090 482 Apo-

204 494 305 537 stoltca
337 497 493 536 Praeceptae
520 491 669 524 titulorum
706 501 756 523 nec
792 501 850 523 non
869 496 1089 524 coemiteriorum

209 543 466 585 restaurationibus
517 542 672 584 diligenter
703 540 885 573 attribuatur
918 564 930 580 ,
959 539 1088 583 secunda

210 596 336 628 Clericis
356 618 368 634 ,
405 597 495 626 tertia
514 591 624 624 nuntiis
643 589 825 632 pauperibus
847 614 857 630 ‚
884 600 996 632 quarta
1019 593 1088 623 verb

210 646 356 678 advenis.
384 641 510 677 Verum
531 641 682 684 antiquus
700 637 891 674 Scholiastes
915 639 1003 674 hunc
1024 640 1088 673 Ca·

208 703 332 729 nonem
354 690 471 726 merito
483 691 660 735 proscripsit
671 690 711 724 ad
733 691 858 733 paleas.
887 690 974 737 Qis
996 690 1086 724 enim

209 753 365 787 umquam
377 741 583 776 authenticus
601 740 718 775 Canon
731 740 917 785 peregrinos
937 740 1085 774 discrevit

210 793 228 826 a
242 792 449 836 pauperibus,
476 791 548 835 quis
560 790 754 834 Episcopum
764 789 918 824 confudit
928 801 1004 824 cum
1012 790 1086 824 Cle-

210 843 309 882 ricis,
334 843 405 885 quis
423 839 578 874 fabricam
604 840 739 874 donavit
766 840 873 882 primo
896 840 972 874 loco
995 840 1012 872 ἒ
1039 839 1084 873 Et

209 891 386 935 Hispanica
409 890 551 924 Ecclesia
572 889 782 924 substantiam
795 890 886 925 suam
903 901 1082 933 numquam

209 942 244 974 in
266 950 425 984 quatuor,
453 939 507 973 sed
528 940 563 973 in
577 950 639 974 tres
650 940 821 973 dumtaxat
843 949 945 983 partes
963 941 1084 983 semper

207 991 313 1025 divifit
326 1015 333 1023 .
361 991 406 1024 Et
425 989 558 1032 quidem
575 989 618 1024 ab
635 989 772 1032 antiquo
784 1015 792 1023 .
820 990 954 1024 Etenim
967 990 1085 1032 priscos

208 1041 250 1075 de
260 1038 321 1075 hac
340 1051 374 1074 re
388 1039 544 1074 Canones
554 1039 664 1075 laudat
677 1038 884 1074 Emeritensis
905 1039 1057 1081 synodus
1072 1063 1083 1079 ,

208 1091 244 1125 δε
262 1089 478 1124 sextadecima
500 1085 697 1131 Toletana,'
713 1090 748 1124 δε
772 1089 846 1132 ipfis
867 1089 966 1133 longe
1002 1091 1088 1124 anti-

209 1140 304 1184 quior
323 1139 576 1175 Tarraconenfis
600 1141 746 1174 ruinosas
779 1139 931 1174 Basilicas
953 1140 1087 1174 mandat

210 1190 346 1234 reparari
368 1201 423 1234 per
448 1190 627 1233 Episcopos
652 1214 664 1230 ,
690 1199 788 1233 atque
805 1189 975 1234 adjungit:
1002 1191 1088 1233 ‚Quia

210 1245 300 1274 tertia
305 1248 382 1282 pars
391 1251 430 1273 ex
439 1239 575 1273 omnibus
594 1247 650 1282 per
661 1245 817 1282 antiquam
838 1241 1027 1273 traditionem
1053 1250 1087 1273 ut

211 1295 374 1332 accipiatur
395 1287 484 1323 hunc
505 1290 539 1323 in
565 1290 688 1330 finem,
713 1289 753 1322 ab
776 1289 930 1333 Epist-opis
950 1297 1087 1324 novimus

203 1339 358 1379 statutum.
385 1339 510 1374 Verum
522 1339 579 1374 ista
592 1339 792 1384 Episcopalis
805 1340 958 1384 Synodus
968 1351 1022 1374 aut
1037 1351 1089 1383 pe-

211 1389 271 1425 riit
289 1399 345 1423 aut
355 1389 453 1423 latet.
479 1389 824 1436 Qadripartitaeitem
845 1390 1013 1423 divisionis
1034 1401 1088 1422 au-

211 1439 329 1472 &orem
342 1439 404 1472 esse
413 1439 446 1471 δε
457 1437 609 1481 ignotum
621 1438 655 1471 ἀ
665 1437 838 1480 antiquum
849 1462 860 1478 ‚
886 1437 970 1471 lucet
981 1449 1022 1471 ex
1034 1437 1088 1472 de-

211 1487 324 1521 cretali
335 1488 443 1521 Sansti
454 1486 572 1519 Gelasii
582 1486 622 1519 ad
635 1486 823 1518 Brutiorum
838 1507 849 1521 ‚
878 1486 1034 1518 Lucania»,
1044 1498 1088 1520 at·
1105 1501 1110 1531 μ

209 1545 272 1577 que
292 1533 410 1568 Siciliae
424 1531 597 1565 Antistites
618 1532 787 1574 Epistola:
814 1534 948 1574 ,Quatuor
977 1541 1040 1564 tam
1052 1534 1110 1573 de}

208 1584 310 1618 reditu
321 1606 332 1622 ‚
358 1592 449 1624 quam
463 1582 501 1614 de
509 1580 651 1615 oblatione
656 1580 792 1623 fidelium
799 1603 810 1619 ,
829 1579 901 1622 ficut
912 1581 1028 1614 dudum
1039 1595 1088 1615 ra-

209 1632 389 1666 tionabiliter
408 1630 448 1672 est
466 1632 613 1664 decretum
628 1656 639 1672 ‚
663 1637 801 1666 convenit
820 1630 888 1672 fieri
909 1638 1059 1672 portiones
1079 1657 1086 1664 .

209 1684 349 1726 ‚Quarum
351 1679 391 1723 fit
400 1692 462 1715 una
473 1680 626 1723 Pontificis
638 1704 650 1721 ,
675 1682 772 1714 altera
782 1681 964 1714 clericorum
978 1706 989 1722 ,
1010 1691 1089 1724 pau-

204 1740 311 1775 perum
322 1736 436 1772 teriia,
462 1739 571 1774 quarta
575 1730 707 1772 fabricis
727 1732 927 1773 applicanda.
957 1735 1002 1765 De
1026 1739 1086 1774 qui>

209 1782 264 1816 bus
279 1806 290 1822 ,
293 1781 364 1824 ficut
374 1782 537 1816 Sacerdotis
548 1786 683 1815 intererit
691 1786 841 1825 integram
864 1782 1008 1821 Ministris
1031 1786 1088 1815 Ee-

211 1831 299 1873 clefiae
307 1840 501 1866 memoratam
512 1832 673 1873 dependere
681 1837 880 1875 quantitatem
890 1855 902 1872 ,
925 1831 962 1872 fic
983 1833 1087 1865 Clerus

211 1883 292 1915 ultra
317 1883 482 1926 delegatam
488 1879 542 1922 fibi
550 1879 699 1924 summam
720 1881 799 1915 nihil
807 1880 959 1924 insolenter
972 1889 1088 1915 noverit

210 1933 426 1974 expetendum.
452 1934 504 1963 Ea
513 1934 606 1971 vero,
632 1943 700 1974 quae
726 1929 929 1973 Ecclefiasticis
953 1931 1085 1974 adificiis

210 1981 356 2015 attributa
358 1979 431 2024 fient
441 2006 451 2021 ,
463 1979 530 2014 huic
539 1986 616 2022 operi
627 1987 772 2015 veraciter
779 1990 952 2024 praerogata
962 1983 1087 2015 locorum

209 2031 311 2065 doceat
328 2030 501 2071 instauratio
521 2030 873 2075 manifestasantqorum:
901 2033 985 2074 ,Quia
997 2031 1085 2073 nefas

208 2081 249 2119 est
257 2104 270 2121 ,
289 2079 416 2124 fisacris
426 2080 541 2115 aedibus
553 2080 699 2122 destitutis
708 2106 719 2122 ,
743 2087 776 2115 in
787 2081 900 2116 lucrum
904 2079 991 2124 suum
1004 2084 1087 2115 ΡΜ·

206 2129 258 2173 sul
268 2132 421 2173 impendia
432 2130 480 2164 his
498 2129 646 2175 defignata
655 2141 828 2166 convertat.
857 2129 957 2174 Ipfirm
983 2130 1087 2164 nihilo-

210 2185 310 2213 minus
332 2179 514 2223 adscriptam
520 2181 705 2222 pauperibus
731 2186 918 2222 portionem,
944 2186 1086 2220 quamvis

211 2231 332 2261 divinis
349 2229 513 2264 rationibus
521 2228 555 2270 se
567 2228 738 2270 dispensasse
747 2226 960 2267 monstraturus
970 2227 1020 2270 effi·
1043 2233 1088 2260 vi-

210 2279 320 2310 deatur
328 2301 341 2318 ‚
353 2284 453 2310 tamen
455 2278 551 2317 juxta
570 2279 648 2319 quod
655 2275 797 2319 scriptum
807 2276 845 2314 est
854 2300 862 2308 .
892 2276 946 2309 Ut
957 2276 1086 2310 videant

211 2336 310 2370 opera
322 2326 423 2359 vestra
434 2324 520 2359 bona
531 2348 543 2364 ,
554 2326 590 2358 δε
598 2324 786 2368 glorificent
796 2322 923 2357 Patrem
935 2323 1086 2365 vestrum,

211 2375 270 2420 qui
282 2375 316 2409 in
330 2373 421 2409 coelis
433 2374 477 2408 est
488 2398 500 2414 ‚
526 2381 635 2416 oportet
643 2378 734 2407 etiam
739 2372 883 2416 praesimti
893 2372 1088 2415 testificatione

207 2425 370 2468 praedicart’
380 2449 391 2465 ‚
417 2425 452 2458 ό·
464 2423 536 2456 bono
538 2423 639 2465 famae
646 2428 791 2465 praeconio
798 2434 854 2456 non
865 2429 972 2457 taceri.
1002 2427 1086 2468 ‚Qua-

205 2482 332 2518 propter
353 2484 405 2509 nec
414 2474 588 2506 elericorum
607 2472 755 2516 quispiam
763 2471 892 2515 sebuJ‘us
902 2472 1019 2517 offense
1035 2474 1088 2516 fu-

211 2533 312 2558 turum
322 2522 449 2565 confidat
460 2528 637 2567 immunem,
655 2521 685 2563 fi
697 2528 729 2556 in
740 2522 788 2555 bis
802 2547 812 2562 ‚
839 2534 906 2566 quae
922 2522 1085 2566 salubriter

205 2572 358 2617 sequenda
367 2571 592 2615 deprompsimus
602 2596 613 2612 ,
632 2572 697 2614 five
709 2571 884 2615 Episcopum
894 2595 906 2611 ,
923 2571 987 2614 five
999 2572 1084 2617 Pres-

210 2623 336 2663 byterum
351 2647 362 2664 ,
382 2621 447 2664 five
470 2626 630 2655 Diaconum
652 2623 765 2656 viderit
784 2624 970 2658 excedentem
992 2648 1002 2663 ,
1029 2635 1085 2657 non

207 2677 346 2716 protinus
357 2673 401 2706 ad
422 2683 509 2707 aures
531 2671 642 2713 nostras
653 2672 768 2714 deferre
786 2679 959 2713 curaverit,
979 2674 1084 2715 proba-

212 2721 337 2756 tionibus
349 2723 511 2756 dumtaxat
535 2730 726 2765 competenter
740 2721 883 2756 exhibitis
897 2745 908 2761 ,
934 2732 968 2756 ut
989 2722 1078 2767 trans
1075 2738 1087 2748 ·

206 2772 337 2816 gressoris
356 2773 428 2806 ultio
432 2772 491 2815 fiat
516 2773 674 2807 &ceteris
685 2773 852 2807 interdillio
873 2774 1082 2816 delinquendi.

212 2822 366 2856 Affirmat
378 2823 576 2866 Episcopum
586 2823 670 2857 circa
681 2834 858 2867 pauperum
872 2834 1019 2866 quartam
1030 2822 1082 2858 de-

210 2872 322 2915 inceps
332 2882 398 2906 nou
407 2874 493 2916 posse
503 2883 543 2907 ex
555 2872 622 2908 sola
635 2872 700 2908 fide
712 2885 806 2918 agere
831 2873 917 2917 quasi
939 2884 1082 2908 contern-

211 2920 324 2966 plante
344 2920 439 2962 Deo,
463 2922 516 2958 sed
537 2922 637 2958 etiam
661 2922 852 2958 hominibus
879 2922 1019 2968 obligati
1041 2925 1082 2960 ad

211 2970 355 3005 rationes
366 2995 374 3003 .
400 2971 473 3005 Nec
483 2983 538 3015 per
547 2970 741 3008 divisionem
752 2972 837 3008 hanc
848 2972 989 3008 Ecclesia
1008 2985 1082 3019 pau-

212 3031 301 3064 peres
312 3019 379 3055 sola
403 3019 456 3054 sua
477 3032 588 3065 quarta
605 3023 710 3058 voluit
733 3022 795 3059 esse
805 3033 1003 3064 contentos,
1028 3023 1083 3061 sed

210 3070 284 3114 ipsis
294 3069 393 3105 etiam
404 3069 439 3103 in
449 3071 584 3115 reliquas
596 3083 697 3116 partes
709 3073 840 3117 reliquit
851 3073 1028 3117 plurimum
1038 3075 1083 3118 ju-

210 3119 273 3154 ris.
300 3119 345 3153 Et
357 3119 542 3162 Episcopo,
565 3123 600 3157 &
617 3122 738 3164 Clero,
763 3122 931 3159 &fabricat
951 3122 1082 3161 debetur

210 3169 277 3204 sola
290 3167 424 3204 honesta
436 3169 622 3205 sustentatio
631 3196 643 3212 ‚
670 3173 825 3216 superflua
836 3175 948 3208 omnia
959 3175 1033 3211 sunt
1047 3176 1081 3208 in

210 3218 289 3254 istos
299 3218 499 3253 refundenda
515 3243 522 3250 .
549 3218 615 3254 Illis
625 3222 726 3257 tribus
738 3224 894 3268 adscripta
906 3225 950 3258 est
973 3224 1080 3267 portio

207 3267 473 3313 superabundans
484 3294 495 3309 ‚
523 3279 558 3302 ut
572 3269 643 3312 ipsis
656 3283 769 3307 manus
779 3285 849 3308 non
867 3273 943 3308 esset
954 3284 1081 3309 contra-

209 3318 260 3353 aa
286 3318 327 3353 ad
348 3318 574 3363 largiendum,
601 3319 652 3353 sed
679 3323 800 3366 semper
825 3325 949 3366 aperta.
978 3324 1079 3371 Qod

208 3369 299 3404 enim
310 3378 350 3402 ex
359 3367 519 3412 opulento
531 3368 656 3403 fabrica:
670 3370 802 3407 AErario
814 3373 982 3416 superfluas
1003 3373 1080 3409 Basi-

209 3417 289 3454 licas
314 3427 369 3453 aut
391 3418 548 3462 superflua
571 3419 710 3462 ipsarum
732 3433 920 3460 ornamenta
939 3424 1080 3461 conflare

308 3466 414 3510 Clm'st.
427 3472 505 3511 Lupi
515 3473 603 3513 Oper.
617 3472 733 3506 Tom-V.

1040 153 1683 203 THOLOSANUM.

1149 252 1216 274 non
1249 241 1344 284 poffit
1369 241 1548 285 Episcopus
1570 265 1581 282 ,
1607 242 1660 276 sed
1683 243 1786 286 ipsum
1814 244 1850 279 in
1873 253 2028 287 pauperes

1149 290 1311 335 obligetur
1334 302 1510 326 exonerare
1530 315 1540 330 ,
1580 290 1778 327 demonstrat
1805 294 1857 329 vel
1891 293 1958 328 sola
1984 294 2027 327 lis

1150 339 1260 374 Ifidori
1298 341 1467 377 Pelusiotae
1504 354 1580 376 cum
1607 341 1805 385 Theophilo
1842 342 2027 378 Patriarcha

1150 388 1378 423 Alexandrino
1404 414 1412 421 .
1439 389 1483 422 Et
1495 388 1579 424 hanc
1599 391 1791 426 divisionem
1817 392 1899 426 adeo
1921 393 2027 427 coluit

1150 439 1270 482 semper
1283 439 1435 472 Romana
1447 438 1586 472 Ecclesia
1600 463 1611 478 ,
1635 451 1670 472 ut
1683 442 1722 474 ad
1744 442 1850 476 Sancti
1870 441 2030 487 Augusti-

1150 489 1183 521 ni
1207 488 1293 532 apud
1317 488 1450 532 Anglos
1476 488 1629 531 Apostoli
1653 488 1693 523 de
1716 490 1781 531 ipsa
1816 492 2027 534 quaestionem

1148 538 1347 581 responderit
1369 537 1512 583 Magnus
1540 538 1722 582 Gregorius
1747 550 1754 569 :
1782 542 1847 571 Mos
1865 541 2028 583 Apostolicae

1146 589 1230 621 Sedis
1243 587 1281 627 est
1294 589 1442 620 ordinatis
1454 586 1610 630 Episcopis
1625 596 1807 629 praeceptum
1827 592 1966 631 tradere,
1992 599 2029 624 ut

1147 639 1183 670 de
1193 642 1271 671 omni
1275 637 1423 680 stipendio
1433 639 1512 680 quod
1521 638 1634 671 accedit
1647 661 1659 677 ,
1684 646 1809 680 quatuor
1825 640 1892 680 fieri
1904 640 2028 672 debeant

1143 693 1308 729 portiones.
1337 692 1404 723 Una
1427 689 1570 722 videlicet
1589 685 1753 730 Episcopo,
1779 688 1949 730 &familiae
1962 691 2029 729 ejus

1144 746 1264 780 propter
1276 736 1509 780 hospitalitatem
1536 739 1570 771 <ff
1575 735 1803 780 susceptionem:
1832 739 1898 771 Alia
1920 739 2030 779 Clero,

1147 793 1237 822 tertia
1242 788 1425 830 pauperibus
1437 812 1448 828 ,
1474 797 1582 830 quarta
1595 786 1731 828 Ecclefiis
1742 790 1918 829 reparandis
1932 814 1939 821 .
1967 787 2026 824 Ad

1147 838 1342 872 divisionem
1355 836 1451 878 hanc,
1462 846 1540 873 tunc
1551 838 1672 881 ubique
1684 835 1827 873 necdum
1841 839 2029 879 radicatam,
2050 848 2129 876 Lu.
2152 849 2204 885 Ep.

1148 887 1294 922 latissime
1318 888 1560 932 propagandam
1583 886 1709 921 videtur
1722 887 1876 924 Romana
1889 888 2029 924 Ecclesia
2049 895 2165 924 3¹·q01-

1147 949 1281 973 omnem
1301 936 1320 971 ὲ
1342 939 1372 971 se
1395 938 1617 972 consecratum
1643 938 1844 980 Episcopum
1865 938 1904 970 ad
1928 937 2030 980 ipsam

1148 986 1384 1022 admittendam
1405 988 1463 1021 sub
1488 987 1628 1022 solemni
1649 987 1840 1031 profeffione
1851 987 2030 1031 obligasse.

1149 1038 1256 1073 Addit
1275 1048 1386 1072 tamen
1411 1038 1590 1082 Gregorius
1602 1038 1788 1074 servandam
1812 1038 1848 1071 in
1870 1038 1946 1072 solis
1957 1036 2032 1071 Cle-

1148 1087 1310 1128 ricalibus‚
1323 1098 1390 1122 non
1407 1087 1441 1120 in
1456 1086 1892 1128 EcclefiisMonachalibus,
1920 1087 2033 1131 quales

1148 1137 1277 1181 jubebat
1287 1136 1349 1172 esse
1363 1136 1567 1181 Anglicanas
1579 1162 1586 1172 ,.
1612 1138 1674 1171 Ha:
1685 1138 1823 1175 enimin
1839 1138 1933 1181 plena
1957 1139 2033 1171 Fra-

1150 1199 1236 1224 trum
1247 1197 1431 1232 paupertate
1441 1187 1482 1221 de
1493 1186 1648 1231 Episcopi
1661 1186 1796 1223 arbitrio
1820 1188 1855 1225 δε
1868 1199 1967 1222 manu
1979 1185 2035 1231 deq

1154 1238 1230 1273 bent
1243 1239 1388 1273 victitare
1398 1262 1406 1273 .

1203 1286 1350 1323 Eandem
1376 1288 1570 1324 divisionem
1597 1288 1776 1334 Gregorius
1797 1287 2033 1328 commendat,

1154 1348 1310 1382 propagat
1321 1362 1334 1378 ,
1358 1338 1391 1372 δε
1408 1339 1495 1373 varie
1505 1339 1658 1382 explanat
1672 1340 1706 1372 in
1717 1340 1790 1373 aliis
1800 1339 1900 1373 etiam
1913 1338 2034 1383 episto-

1154 1387 1212 1421 lis.
1238 1387 1346 1421 Urbis
1357 1389 1474 1422 veteris
1487 1389 1627 1421 Ecclesia
1640 1388 1779 1422 habebat
1788 1389 1942 1432 exiguam
1965 1386 2038 1421 sus»

1154 1436 1327 1476 stantiam,
1353 1435 1631 1472 &Calumniosus
1654 1436 1750 1480 ipsius
1773 1437 1944 1477 Clericus,
1969 1436 2038 1471 affi-

1153 1486 1218 1518 dua
1238 1484 1388 1517 laborans
1410 1485 1600 1518 infirmitate
1624 1508 1636 1524 ‚
1662 1497 1731 1518 non
1756 1495 1881 1526 poterat
1902 1486 2038 1519 Divinis

1154 1532 1260 1567 adesse
1281 1531 1498 1570 Ministeriis,
1525 1532 1666 1575 ideoque
1692 1534 1747 1566 sua
1770 1533 1863 1567 illum
1887 1533 2040 1569 distribu-

1154 1583 1246 1615 tione
1269 1580 1415 1624 privabat
1438 1580 1611 1615 Candidus
1632 1581 1813 1625 Episcopus
1836 1608 1843 1615 .
1879 1584 1972 1617 Hinc
1993 1593 2038 1617 re·

1155 1631 1274 1675 scripsit
1298 1631 1478 1675 Gregorius
1500 1643 1507 1663 :
1543 1632 1705 1665 Secundum
1738 1633 1791 1665 loci
1814 1635 1879 1673 ejus
1901 1635 2040 1669 ordinem
2059 1653 2118 1683 [ὦ

1153 1693 1222 1724 quae
1245 1687 1271 1714 ei
1297 1705 1308 1721 ,
1337 1681 1367 1723 fi
1376 1679 1472 1724 sanus
1493 1682 1557 1725 effer
1581 1706 1593 1722 ,
1614 1690 1755 1723 poterant
1774 1682 1934 1722 ministrari
1963 1708 1974 1723 ‚
2000 1685 2039 1718 de

1154 1731 1218 1774 ipsa
1248 1736 1413 1775 exiguitate
1441 1756 1453 1772 ‚
1490 1743 1557 1774 quae
1596 1731 1730 1773 Ecclefiae
1760 1733 1851 1774 potest
1880 1736 2038 1774 accedere,

1155 1786 1352 1816 Fraternttas
1373 1791 1427 1815 tua
1451 1805 1462 1821 ,
1499 1783 1601 1815 divini
1633 1783 1874 1824 contemplatione
1900 1785 2035 1824 judicii,

1154 1831 1454 1876 aegrotantipraebere
1475 1843 1532 1865 non
1556 1831 1681 1874 definat.
1711 1832 1798 1866 Cleri
1810 1832 1912 1876 igitur
1928 1834 2039 1876 portio

1154 1882 1332 1924 unicuique
1342 1881 1438 1916 debet
1449 1881 1541 1924 juxta
1569 1883 1661 1916 suum
1682 1882 1746 1917 loci
1763 1883 1915 1917 ordinem
1935 1882 2039 1917 distri-

1153 1931 1231 1973 bui,
1258 1931 1370 1974 &ipsa
1382 1932 1652 1976 aegrotus,etiam
1664 1933 1823 1975 assiduus,
1850 1945 1916 1967 non
1933 1933 2038 1977 potest

1153 1982 1288 2026 privari.
1318 1981 1505 2025 Nequidem
1519 1982 1552 2016 in
1567 1994 1701 2027 paupere
1728 1984 1885 2019 Ecclefia.
1915 1984 2038 2019 Nescio

1152 2043 1250 2075 quam
1288 2033 1409 2067 Sanstae
1446 2033 1561 2067 Mariae
1597 2032 1821 2068 parochialem
1861 2034 2038 2069 Ecclesiam

1152 2081 1309 2116 Pontifex
1322 2082 1465 2116 contulit
1479 2083 1664 2118 Dominico
1679 2083 1871 2128 Presbytero
1882 2109 1891 2124 ,
1919 2084 1954 2117 ὅ(
1968 2083 2039 2118 scri-

1151 2132 1210 2174 psit
1223 2131 1263 2165 ad
1276 2132 1507 2173 Importunum
1518 2132 1586 2173 ejus
1600 2134 1818 2178 Episcopum:
1839 2140 2038 2168 Fraternitas

2130 1656 2212 1692 Ep.5.

1152 2189 1204 2211 tua
1216 2185 1243 2211 ei
1263 2181 1456 2211 emolumenta
1477 2179 1608 2220 eiusdem
1627 2184 1763 2222 Ecclefiae
1779 2184 1880 2222 faciat
1887 2183 1950 2224 fine
1970 2196 2038 2217 cun-
2057 2191 2195 2230 Epist.10.

1152 2228 1278 2260 t‘iarione
1296 2226 1453 2269 praestari.
1483 2227 1593 2261 Etiam
1612 2230 1732 2264 fruetus
1757 2232 1935 2265 vacationis
1958 2242 2039 2266 tem-

1152 2287 1229 2319 pore
1251 2284 1439 2318 perceptos·
1469 2276 1583 2323 Qare
1604 2287 1682 2312 tunc
1694 2279 1855 2323 Pagenses
1877 2281 2037 2317 Italorum

1152 2324 1300 2359 Ecclefiae
1316 2322 1478 2360 habebant
1502 2326 1654 2362 discretos
1679 2327 1714 2361 &
1736 2329 1881 2372 proprios
1905 2341 2038 2373 proven-

1151 2384 1203 2408 tus
1224 2399 1235 2414 ,
1261 2373 1400 2418 ideoque
1423 2375 1654 2419 quadripartita
1693 2378 1807 2414 divifio
1845 2380 1973 2424 vigebat
1999 2381 2037 2417 in

1151 2423 1226 2459 solis
1238 2423 1390 2460 Ecclefiis
1403 2423 1676 2461 Catbedralibus.
1706 2429 1753 2462 Ea
1775 2429 1865 2464 enim
1888 2441 2036 2475 tempora

1152 2474 1293 2510 necdum
1306 2483 1462 2509 noverant
1477 2475 1630 2510 Ecclesias
1641 2477 1845 2524 Collegiaras
1855 2505 1862 2513 .
1888 2480 2011 2515 Brutiis
2024 2507 2036 2524 ,

1151 2524 1316 2562 Lucanis,
1342 2536 1380 2558 ac
1405 2523 1524 2559 Siculis
1538 2527 1688 2564 Eccleliis
1718 2529 1883 2565 laudatam
1903 2529 2033 2566 divifio-

1153 2586 1227 2609 nem
1259 2574 1387 2608 videtur
1411 2573 1596 2618 imposuisse
1638 2589 1693 2621 per
1720 2580 1862 2623 superius
1888 2581 2034 2617 laudatas

1151 2625 1271 2659 litteras
1293 2625 1424 2662 Sanetus
1448 2626 1614 2661 Gelasius.
1639 2629 1682 2662 Et
1696 2629 1880 2664 Siculorum
1899 2632 2036 2675 Episco-

1151 2675 1183 2718 pi
1205 2674 1389 2717 judicarunt
1412 2675 1477 2709 effe
1499 2677 1676 2712 Decretum
1689 2681 1861 2714 onerosum
1889 2692 1925 2712 ac
1936 2681 2033 2714 odio-

1151 2726 1234 2759 sum.
1264 2723 1685 2768 Admiseruntquoadtunc
1697 2729 1850 2771 acquisita
1878 2730 2032 2765 Ecclesiis

1152 2775 1260 2814 bona,
1288 2785 1355 2808 non
1367 2775 1475 2816 quoad
1489 2777 1707 2820 acquirenda:
1735 2778 1817 2813 Haec
1830 2779 1922 2821 juxta
1949 2782 2031 2814 anti-

1149 2834 1245 2866 quam
1265 2823 1470 2868 disciplinam
1491 2834 1667 2861 tenuerunt
1683 2826 1724 2862 ad
1752 2829 1840 2862 suam
1867 2840 2000 2864 manum
2013 2852 2030 2872 ,

1149 2875 1218 2908 imo
1239 2874 1271 2909 &
1295 2875 1356 2908 suis
1377 2875 1547 2910 dumtaxat
1565 2876 1668 2914 usibus
1681 2878 1885 2920 applicarunt
1902 2905 1909 2911 .
1935 2880 2030 2915 Hinc

1148 2924 1187 2958 ad
1201 2925 1352 2962 Sanctum
1368 2925 1612 2963 Maximianum
1629 2929 1791 2968 Syracusae
1805 2928 2003 2972 Episcopum
2017 2954 2029 2971 ,

1148 2976 1236 3010 suum
1249 2975 1319 3009 istic
1335 2975 1525 3015 vicarium,
1551 2977 1670 3020 scripsit
1690 2978 1889 3022 Gregorius:
1917 2984 2028 3023 Cogno·
2049 2991 2106 3020 Lib,
2135 3001 2162 3027 3·

1145 3029 1241 3058 vimus
1253 3026 1290 3058 de
1304 3026 1470 3058 redditibus
1484 3025 1678 3067 Ecclefiarum
1690 3034 1803 3060 noviter
1815 3028 1956 3071 acquisitis
1968 3033 2028 3063 Ca·
2049 3032 2098 3070 Ep.
2118 3043 2128 3062 1
2139 3043 2161 3061 1.

1145 3079 1275 3107 nonicam
1289 3073 1501 3117 dispositionem
1515 3078 1707 3119 ,Quartarum
1718 3080 1839 3111 minime
1850 3086 2025 3121 provenire,

1139 3123 1194 3167 sed
1206 3123 1363 3167 Episcopos
1378 3127 1498 3158 locorum
1518 3127 1721 3160 tantummodi
1739 3127 1908 3168 distribuere
1921 3132 2026 3172 ,Quar-

1142 3183 1207 3207 tam
1216 3181 1403 3217 antiquorum
1424 3177 1596 3211 reddituum
1609 3202 1620 3216 ,
1647 3189 1721 3210 nunc
1736 3181 1808 3213 vero
1823 3178 1943 3220 quaefita
1956 3178 2023 3221 suis

1142 3222 1234 3264 ufibus
1260 3229 1404 3259 retinere.
1432 3228 1536 3269 ‚Quam
1563 3238 1625 3260 rem
1645 3235 1777 3268 pravam
1803 3252 1813 3267 ‚
1834 3222 2023 3270 subintrodui

1141 3273 1275 3316 Eamque
1298 3272 1534 3317 consuetudinem
1562 3280 1757 3310 Fraterm'tas
1784 3286 1837 3310 tua
1869 3283 2023 3314 vivaciter

1142 3324 1298 3358 emendare
1308 3323 1433 3365 festinet
1448 3350 1458 3365 ,
1483 3334 1515 3359 ut
1527 3324 1592 3367 five
1613 3327 1650 3362 de
1658 3331 1826 3368 pra-teritis
1837 3327 2018 3369 redditibus,

1134 3372 1199 3415 five
1221 3373 1257 3405 de
1278 3378 1316 3405 iis
1335 3385 1403 3415 quae
1426 3386 1503 3411 nunc
1515 3376 1718 3418 obvenerunt,
1745 3379 1795 3410 vel
1819 3377 1991 3410 obvenerint
2007 3398 2021 3416 ,

1141 3420 1435 3468 ,Quartaesecundum
1457 3425 1688 3467 distributionem
1700 3430 1878 3464 eanonicam
1905 3425 2022 3470 dispens

1541 3475 1570 3508 Ε
1850 3474 1949 3520 femur
1961 3499 1970 3511 .
