2366 3756
65 723 183 763 Etonia,

65 884 118 918 Ep·
143 891 207 920 ωτι-

67 933 113 957 24.

64 1114 198 1150 &¹297-

920 134 1145 183 D1cr

243 226 353 271 pamm
375 222 576 259 admiserunt
600 246 608 254 .
635 221 731 256 Hinc
756 219 846 254 enim
874 215 1127 253 Childeberturn

241 276 370 320 Regem
399 274 506 318 arguit
530 271 679 307 laudatus
704 270 799 310 Leo,
825 278 894 302 non
917 266 1024 302 solum
1039 266 1127 309 quod

240 328 308 362 sine
323 326 380 359 sua
390 323 639 367 Metropolitica
655 319 811 365 potestate
822 343 834 358 ,
859 318 914 353 sed
928 318 1027 351 etiam
1039 315 1129 360 quod

241 377 309 410 fine
331 372 562 410 Theodoberti
582 373 683 418 Regis
701 394 712 411 ,
739 370 772 405 in
797 367 889 411 cujus
918 368 1041 413 Regno
1062 376 1130 401 erat

241 425 467 462 Melodunum
495 435 551 459 aut
561 422 647 459 certe
658 418 849 458 Senonenfis
861 418 979 454 civitas
991 440 1002 458 ,
1030 417 1131 451 licen-

241 476 287 511 tia
312 476 545 520 Episcopatum
567 474 690 518 erigere
700 469 903 504 attentasset.
932 469 1044 504 Etiam
1057 467 1129 501 Du·

241 526 347 560 nenfis
376 524 592 569 Episcopatus
614 524 656 557 de
677 519 832 565 Sigiberti
861 519 966 563 Regis
993 518 1128 552 licentia

242 576 305 610 fuit
327 577 449 611 etesius
474 599 481 608 .
510 574 552 607 Et
581 571 777 616 Apostolum
803 568 951 604 nostrum
974 569 1128 603 Sanstum

242 625 452 662 Bonifatium
467 649 477 664 ‚
502 623 592 667 quod
616 621 825 659 cumaffensu
847 619 1011 658 Ottilonis
1026 619 1130 654 Ducis

242 686 306 712 tres
328 684 434 709 novos
447 675 662 717 Episcopatus
678 670 808 707 creasset
826 671 861 705 in
875 670 1012 704 Bavaria
1024 693 1038 711 ,
1063 669 1130 704 lau-

250 725 343 759 davit
357 725 538 771 Gregorius
549 724 677 758 tertius.
704 720 961 757 Olomucensem
972 721 1006 754 in
1021 719 1131 754 Mora-

244 779 298 811 via
319 776 552 818 Epist-opaeum
579 773 745 809 Adrianus
773 769 932 806 secundus
958 794 970 811 ,
998 770 1131 815 Episco-

243 836 359 869 patum
383 825 573 860 Nitrensem
595 824 698 859 erexit
712 822 853 866 Ioannes
872 823 1027 862 ostavuS,
1052 819 1132 854 alio-

244 886 317 910 rum
338 875 532 910 erectionem
556 874 742 918 relinquens
753 872 863 918 gentis
877 871 1044 915 Apostolo
1056 870 1132 905 San-

243 927 298 961 ἂο
311 924 492 959 Methodio
505 947 516 963 ,
541 935 580 957 ac
594 925 684 959 Duci
696 948 704 956 .
731 922 835 971 Qod
850 921 1051 967 Regiumjus
1063 918 1133 964 qui-

243 975 320 1010 dam
332 974 450 1008 volunt
461 973 545 1009 adeo
555 974 688 1009 firmum
702 974 826 1015 semper
837 973 931 1008 fuisse
949 972 984 1005 in
1000 971 1132 1010 Gallia,

243 1034 281 1061 ut
293 1025 414 1068 primus
425 1023 507 1058 illud
521 1024 680 1068 infringre
692 1022 824 1057 tentarit
838 1021 1030 1055 Bonifacius
1048 1021 1134 1055 osta-

244 1087 304 1109 vus
328 1074 507 1115 Pontifex,
534 1075 576 1109 de
598 1085 667 1117 quo
689 1072 844 1107 Thomas
873 1071 1135 1116 Walstngamen-

241 1125 301 1158 fis:
328 1123 405 1159 Urbs
428 1127 562 1165 Apamea
584 1123 638 1157 bo:
662 1135 741 1157 anno
756 1128 917 1166 proprium
936 1128 1046 1162 accepit
1057 1122 1136 1164 Epi·

241 1173 359 1219 scopum
373 1199 383 1214 ,
411 1174 603 1222 einolosano
624 1172 806 1217 Episcopatu
828 1182 885 1215 per
911 1174 1030 1213 Papam
1041 1174 1135 1203 Boni·

237 1224 354 1266 facium
360 1223 521 1267 separata,
547 1224 605 1270 sed
613 1227 671 1257 cito
687 1223 748 1264 post
764 1224 932 1258 Ludovicus
948 1221 1029 1264 filius
1041 1225 1132 1264 Regis

242 1276 349 1308 Siciliae
376 1271 541 1316 Episcopus
560 1274 668 1315 facqus
682 1271 897 1315 Episcopatum
916 1275 1016 1305 tenuit
1037 1275 1134 1305 reum'-

241 1327 319 1356 t'um.
355 1324 489 1358 Etenim
506 1323 706 1358 Francorum
719 1321 794 1357 Rex
808 1320 979 1364 Philippus
991 1320 1133 1354 Pulcher

241 1373 361 1417 Papale
373 1373 492 1408 fastum
507 1373 730 1408 circumduxit
747 1396 758 1412 ‚
781 1373 973 1414 coactusque
994 1371 1058 1406 fuit
1071 1370 1134 1404 Βο-

241 1425 382 1460 nifacius
396 1424 539 1469 Regium
562 1423 756 1458 consensum
776 1422 995 1464 expostulate.

292 1474 353 1507 Ast
382 1473 486 1517 longe
509 1474 599 1507 aliud
626 1473 748 1507 clamat
783 1472 947 1506 Primatus
985 1470 1132 1505 Ecclefiae

241 1523 472 1567 Lugdunensis
486 1547 494 1555 .
523 1521 622 1556 Adeo
645 1522 735 1556 enim
762 1522 863 1565 ipsum
884 1520 951 1554 fine
964 1519 1074 1564 Regio
1086 1520 1131 1550 as-

241 1573 336 1607 sensu
361 1573 501 1607 instituit
515 1572 695 1616 Gregorius
712 1572 886 1613 septimus,
914 1580 950 1604 ut
962 1569 1002 1602 ad
1017 1567 1130 1601 Calix·

241 1631 311 1655 tum
335 1623 511 1655 secundum
531 1633 589 1662 pro
602 1620 778 1654 Senonenfi
793 1643 804 1659 ‚
829 1618 1012 1651 Primatum
1035 1616 1130 1650 illum

240 1671 429 1706 constanter
455 1670 616 1704 refutante
638 1691 649 1708 ‚
674 1666 937 1710 Archiepiscopo
973 1665 1131 1709 scripserit

239 1721 317 1755 Rex
343 1720 536 1755 Ludovicus
560 1721 687 1754 sextus:
717 1722 764 1751 De
771 1717 919 1761 sententia
942 1722 974 1749 in
988 1721 1131 1758 Metropo-

243 1772 373 1805 litanum
395 1768 586 1812 Senonensem
604 1778 662 1810 pro
687 1768 778 1808 nostro
790 1767 894 1801 bonore
915 1768 1056 1801 relaxata
1067 1772 1132 1800 ani-

241 1832 321 1854 mum
345 1819 471 1861 nostrum
493 1829 632 1861 exparte
655 1818 831 1863 mitigastis.
855 1818 916 1851 Sed
935 1823 1076 1860 quoniam
1089 1817 1134 1850 ad

242 1879 358 1912 tempus
382 1869 418 1910 est
432 1872 573 1903 relaxata
592 1894 602 1909 ‚
623 1867 796 1913 suspensum
817 1868 1007 1902 vehementer
1034 1868 1129 1901 &du-

241 1921 323 1954 bium
336 1920 508 1958 reddidistis
524 1944 531 1952 .
560 1920 685 1953 Videtur
695 1926 776 1953 enim
789 1919 922 1961 aliquam
942 1917 1039 1951 adbuc
1045 1915 1131 1960 spem

241 1969 348 2003 babere
362 1968 563 2011 thgdunenfis
577 1968 817 2012 Archiepiscopus
834 1968 923 2011 super
936 1970 990 2002 illa
1001 1990 1012 2007 ‚
1039 1979 1130 2009 quam

240 2024 372 2063 quaerit,
394 2017 579 2062 subjec‘llone
603 2043 611 2050 .
639 2019 700 2051 Sed
725 2027 758 2051 ut
779 2029 883 2052 verum
897 2017 1027 2060 fatear,
1050 2015 1131 2060 susti-

240 2081 342 2104 nerem
361 2070 462 2111 potius
476 2073 573 2113 Regni
595 2067 681 2109 nostri
694 2074 786 2102 totius
800 2070 991 2107 incendium,
1018 2074 1129 2109 capitis

242 2126 334 2154 etiam
357 2119 442 2160 nostri
459 2120 622 2161 periculum
635 2143 645 2158 ‚
671 2130 764 2158 quam
787 2118 871 2150 bonis
879 2117 1073 2158 subjet‘i'ioms
1096 2117 1131 2147 ό·

242 2169 420 2208 αὰίεέῖἰοηὶπ
441 2168 632 2210 opprobrium
650 2190 656 2197 .
689 2168 815 2198 Videtur
836 2169 916 2197 enim
936 2165 980 2196 ad
1005 2163 1131 2202 nostrum

241 2217 383 2259 respicere
405 2223 603 2258 contemptum
624 2239 635 2255 ‚
661 2223 763 2247 contra
785 2226 836 2247 nos
865 2211 916 2247 boc
938 2214 1022 2246 modo
1040 2213 1108 2255 fieri
1120 2238 1130 2253 ‚

242 2268 324 2309 quod
337 2277 499 2308 numquam
520 2264 801 2306 exstiteratfadum
819 2289 826 2296 .
854 2263 1054 2298 Germanico
1068 2263 1124 2296 lm·

243 2316 333 2361 perio
355 2327 435 2349 tunc
448 2315 573 2349 suberat
585 2315 858 2358 Lugdunensium
872 2314 989 2348 civitas
1001 2338 1011 2353 ‚
1039 2312 1128 2347 ideo-

244 2378 306 2410 que
329 2365 397 2408 ejus
411 2365 610 2409 Episcopum
630 2364 762 2398 suorum
787 2363 1124 2407 Metropolitanorum

244 2417 307 2451 esse
328 2416 506 2450 Primatem
526 2440 536 2455 ,
563 2415 765 2448 Francorum
788 2414 899 2458 Reges
924 2412 1127 2447 detestaban-

244 2478 315 2500 tur.
345 2466 458 2511 Regni
480 2465 527 2499 sui
552 2465 586 2498 in
601 2463 827 2508 Apostolicam
855 2463 972 2497 sedem
986 2463 1122 2504 merita,

244 2516 424 2558 &praestita
447 2513 618 2549 adversum
640 2525 776 2557 nuperas
790 2514 929 2547 Henrici
944 2514 1049 2556 quinti
1065 2513 1127 2546 Im-

245 2566 401 2610 peratoris
423 2565 598 2598 violentias
620 2564 782 2606 adjutoria
805 2563 923 2598 extulit
945 2563 1039 2597 omni
1060 2562 1127 2596 elo-

244 2615 385 2658 quentiae
407 2624 529 2648 conatu
553 2614 703 2648 laudatus
724 2613 823 2654 Rex,
851 2614 1006 2648 &tamen
1034 2612 1126 2647 istius

246 2666 408 2699 Primatus
419 2664 669 2698 exstinCiionem
683 2664 702 2697 a
715 2664 852 2698 Calixto
867 2675 933 2697 non
947 2663 1053 2707 potuit
1066 2663 1126 2697 im·

246 2725 386 2759 pettate.
414 2715 487 2749 Nec
506 2715 597 2749 enirn
622 2714 725 2748 solum
751 2713 904 2758 Gregorii
929 2714 1056 2756 septimi
1080 2714 1125 2747 fa-

247 2767 332 2799 etum
347 2787 357 2802 ‚
382 2765 435 2798 sed
456 2765 489 2798 &
511 2766 695 2808 praesentem
718 2763 806 2807 ejus,
832 2765 938 2798 Laicae
960 2761 1055 2805 hujus
1066 2765 1125 2797 ser-

247 2817 364 2849 vitutis
387 2816 607 2854 excussorem,
634 2816 803 2849 Distatum
831 2815 955 2848 censuit
967 2814 1123 2848 Pontifex

247 2867 310 2899 esse
322 2864 510 2899 constanter
522 2864 743 2899 sustinendum
754 2890 761 2898 .
792 2863 943 2898 Eundem
955 2864 1124 2908 insigniter

248 2915 400 2949 sustinuit
425 2915 559 2948 Sanetus
598 2915 658 2948 lvo
683 2915 891 2950 Carnutensis
919 2913 1123 2958 Episcopus,

250 2964 398 2999 I‘aschali
411 2965 551 2998 secundo
560 2989 569 3005 ,
581 2976 620 2997 ne
633 2964 878 3000 Tornacensem
890 2965 907 2998 a
919 2963 1124 3000 Noviomen-

249 3016 271 3047 si
299 3040 308 3053 ,
334 3014 388 3047 cui
410 3026 462 3057 per
485 3015 742 3058 quadringentos
764 3016 866 3050 ferme
892 3025 997 3048 annos
1022 3015 1122 3049 fuerat

249 3062 417 3107 adjunctus
432 3088 444 3105 ,
473 3064 705 3107 Episcopatum
727 3076 840 3100 contra
859 3065 1003 3109 ejusdem
1014 3065 1123 3100 Ludo-

249 3114 429 3159 viciRegis
440 3115 643 3148 voluntatem
657 3114 809 3158 separaret
820 3115 995 3150 dehortans
1005 3140 1015 3155 ,
1026 3125 1123 3159 atque

248 3165 447 3208 adjungens:
475 3169 541 3196 Nec
551 3170 583 3196 in
595 3163 646 3197 boc
657 3163 805 3206 resistimus
823 3190 834 3206 ,
860 3172 932 3209 quin
947 3166 1027 3208 pofflt
1037 3167 1123 3200 Sedes

250 3214 404 3257 Apostolica
432 3213 642 3247 parochiarum
686 3217 913 3256 amplitudinem
950 3223 1094 3250 minorare
1112 3241 1121 3257 ,

250 3275 307 3298 aut
330 3264 507 3297 brevitatem
527 3264 674 3303 dilatare,
697 3263 729 3306 st
742 3267 860 3299 utilitas
878 3268 981 3309 populi
1005 3269 1061 3300 Dei
1080 3273 1124 3299 ita

252 3321 375 3359 exigat,
404 3316 438 3349 Θ·
463 3316 578 3348 nullum
599 3316 671 3347 inde*
686 3313 812 3358 schisma
831 3323 982 3361 contingat
1001 3341 1008 3348 .
1041 3319 1123 3361 ,Quia

255 3368 320 3408 ergo
333 3369 398 3398 Rex
414 3368 596 3399 Francorum
608 3390 617 3404 ‚
646 3367 745 3406 utpote
757 3364 979 3408 bomofimplicis
994 3378 1122 3406 narmae,

250 3426 320 3459 erga
337 3413 490 3456 Ecclefiam
510 3415 548 3456 est
572 3416 697 3449 devotus
709 3438 719 3453 ,
744 3416 854 3451 &sedi
865 3417 1027 3461 Apostolicae
1039 3418 1123 3451 bene-

1179 147 1412 179 Ατυε.
1922 136 2015 189 189

1191 217 1280 252 volus
1298 240 1309 255 ,
1330 221 1463 258 petimus
1482 217 1518 251 Θ
1539 213 1715 260 confidimus
1735 240 1746 257 ‚
1771 224 1806 251 ut
1826 217 1847 250 ἃ
1867 214 2073 251 benevolentia

1191 268 1256 306 ejus
1278 266 1360 302 nulla
1372 278 1426 301 vos
1443 264 1594 309 fiabreptlo
1611 265 1775 310 subtrahat
1788 292 1799 307 ,
1826 269 1906 301 nulla
1924 265 2072 310 persuasio

1192 317 1348 361 disjungat
1370 342 1378 349 .
1406 315 1519 351 Palam
1548 319 1666 351 fatetur
1689 317 1798 362 Regio
1821 317 1975 351 consensu
1999 328 2073 352 non.

1192 377 1286 410 egere
1311 366 1511 402 Pontificem
1527 390 1539 406 ‚
1564 368 1676 400 verum
1699 367 1789 401 istius
1804 368 2017 411 Episcopatus
2027 377 2072 401 re·

1193 416 1423 452 staurationem
1462 427 1529 450 non
1558 417 1734 452 convenire
1759 417 1903 453 ostendit
1938 417 2073 457 multis,

1191 467 1331 510 ideoque
1355 465 1513 510 supplicat
1537 469 1680 499 amicum
1696 467 1822 510 Regem
1845 479 1911 502 non
1925 466 2072 508 offendi,

1190 515 1474 551 &Germanicum
1494 515 1675 550 Sacerdotii
1697 527 1734 549 ac
1749 515 1861 560 Regni
1885 517 2021 552 schisma
2035 517 2074 551 inv

1191 565 1318 602 Gallias
1339 577 1406 600 non
1421 564 1553 600 induci.
1582 566 1626 602 Et
1646 566 1814 609 persuasit.
1842 565 1966 600 Verum
1981 566 2073 601 addit

1190 615 1226 649 in
1249 616 1430 659 appendice
1449 615 1490 650 ad
1503 615 1707 660 Sigebertum
1722 615 1991 651 Gemblacensem
2004 617 2074 651 Ro·

1192 665 1300 702 bertus
1325 665 1438 700 Abbas
1460 665 1648 701 Montensis
1676 678 1684 701 ι
1712 665 1835 708 Ecclesia
1861 666 2073 707 Tornacenfis,

1190 727 1260 758 quae
1280 724 1336 758 per
1357 728 1452 749 annos
1472 721 1585 749 circiter
1600 715 1774 759 sexcentos,
1797 719 1816 749 ἃ
1828 725 1956 758 tempore
1979 719 2072 750 Beati

1193 768 1331 801 medardi
1345 791 1356 806 ‚
1377 765 1434 809 sub
1462 765 1607 810 Episcopo
1618 766 1812 807 Noviomenfi
1809 766 1872 807 sine
1881 773 2000 808 proprio
2004 766 2074 810 fue·
2090 763 2123 792 Α·
2140 757 2227 796 11453

1191 826 1242 850 rat
1262 818 1415 853 sacerdote
1428 842 1438 857 ,
1464 817 1515 851 hoc
1541 829 1621 850 anno
1628 822 1783 859 proprium
1802 815 1976 859 Episcopum
1987 822 2074 858 coepit

1192 866 1299 901 habere
1322 891 1332 909 ,
1361 865 1491 911 anselmo
1528 866 1640 901 Abbate
1660 867 1762 902 sunm
1781 871 1928 901 Vincentii
1954 868 2074 899 Lauda-

1193 928 1250 950 nen
1260 919 1317 950 isa
1338 920 1429 960 Papa
1454 922 1587 962 Eugenio
1600 921 1702 952 Romae
1721 916 1905 963 consecrato,
1931 917 1966 951 (Ὗ
1978 917 2076 950 eidem

1192 972 1316 1001 civitati
1336 974 1368 1002 in
1393 967 1576 1011 Episcopum
1601 967 1743 1009 destinato
1764 993 1772 1000 .
1800 967 1884 1002 Aeta
1907 966 1973 1000 haec
2000 967 2076 1000 sunt

1192 1018 1321 1053 austere
1343 1019 1462 1052 Sancto
1485 1019 1650 1053 Bernardo
1664 1044 1675 1060 ,
1703 1017 1860 1054 scribente
1881 1018 1921 1052 ad
1944 1016 2077 1051 Medio-

1193 1067 1359 1104 lanenses:
1388 1069 1546 1103 Plenitudo
1555 1070 1708 1111 potestatis
1723 1067 1812 1113 ficper
1831 1065 1985 1110 universas
1996 1067 2076 1100 orbis

1195 1117 1334 1160 Ecclesias
1358 1118 1523 1160 Apostolicae
1536 1121 1606 1152 Sed}
1626 1121 1739 1152 donata
1748 1119 1804 1160 est.
1833 1118 1950 1159 Potest,
1971 1117 1999 1158 fi
2007 1118 2077 1151 utile

1187 1170 1398 1213 judicaverit,
1425 1180 1517 1202 novos
1538 1171 1679 1202 ordinare
1701 1167 1899 1211 Episcopatus
1912 1194 1923 1209 ‚
1949 1168 1999 1202 ubi
2025 1167 2079 1200 ha-

1195 1220 1295 1252 &enus
1307 1230 1366 1252 non
1372 1218 1500 1260 fuerunt
1510 1242 1518 1251 .
1545 1218 1643 1260 Potest
1654 1229 1699 1252 eoi
1712 1216 1844 1261 quisunt
1856 1242 1866 1257 ‚
1892 1219 1968 1251 alios
1981 1218 2080 1259 depri-
2095 1221 2145 1259 Ep.
2158 1228 2190 1256 13
2200 1228 2224 1253 n

1195 1280 1290 1309 mere,
1316 1270 1390 1302 alios
1410 1267 1571 1312 sublimare
1584 1294 1594 1309 ,
1616 1278 1710 1310 prout
1730 1274 1807 1301 ratio
1819 1268 2007 1307 dicia-oeni,
2033 1273 2080 1302 ita

1194 1327 1228 1352 ut
1251 1320 1289 1352 de
1310 1317 1468 1362 Episcopis
1491 1318 1722 1361 Arcbiepiscopos
1744 1329 1841 1352 creare
1864 1319 1950 1350 liceat
1972 1340 1983 1357 ‚
2008 1319 2043 1352 (5
2063 1318 2081 1351 ἑ

1194 1367 1351 1411 converso,
1370 1366 1401 1409 fi
1421 1369 1524 1411 neresJe
1547 1367 1647 1410 visum
1661 1367 1782 1408 fuerit.
1810 1367 1892 1401 Aeta
1914 1368 1989 1401 sunt
2011 1368 2080 1400 fine

1194 1419 1317 1452 assensu
1339 1417 1443 1461 Regis
1454 1417 1618 1454 Ludovici
1632 1419 1759 1460 septimi
1773 1443 1781 1450 .
1808 1416 1998 1451 Hincenim
2010 1417 2080 1452 An-

1195 1469 1333 1502 selmum
1356 1467 1523 1501 Abbatem
1544 1489 1555 1505 ,
1582 1467 1698 1500 Romae
1722 1468 1795 1500 casu
1820 1478 1981 1510 repertum
2006 1491 2018 1507 ,
2038 1478 2080 1502 ne

1194 1515 1277 1550 forte
1289 1515 1461 1550 Remenfis
1473 1516 1693 1557 Metropolita
1705 1516 1773 1547 sme
1786 1515 1892 1559 Regis
1903 1517 1998 1549 venia
2010 1527 2082 1552 non

1193 1564 1302 1597 fuisset
1315 1565 1431 1604 ausus,
1458 1564 1596 1606 propriis
1617 1563 1771 1598 manibus
1785 1564 1954 1608 Eugenius
1964 1564 2083 1600 Ponti-

1196 1613 1250 1649 fex
1277 1614 1482 1649 consecravit
1507 1639 1514 1648 .
1543 1613 1684 1650 Litteras
1702 1639 1712 1655 ‚
1744 1612 1863 1659 quibus
1885 1614 2020 1649 Clerum
2046 1616 2083 1650 <Sc

1193 1663 1353 1707 populum
1378 1663 1626 1699 Tornacensem
1648 1665 1666 1700 a
1678 1664 1913 1699 Noviomensis
1932 1666 2082 1700 Ecclefiae

1191 1713 1381 1748 obedientia
1405 1713 1546 1748 absolvit
1567 1738 1579 1754 ,
1617 1727 1655 1749 ac
1680 1714 1722 1749 ad
1744 1714 1908 1750 Anselmo
1928 1713 2080 1759 deinceps

1190 1763 1415 1798 obediendum
1438 1764 1612 1809 adstringit
1630 1789 1642 1806 ,
1669 1765 1702 1800 ὃς
1727 1764 1848 1809 quibus
1869 1765 2079 1802 Ludovicum

1192 1815 1319 1860 Regem
1340 1814 1381 1848 ad
1403 1814 1467 1849 suis
1490 1812 1578 1850 hisce
1601 1816 1696 1851 novis
1717 1815 1982 1859 dispositionibus
2008 1816 2079 1850 non

1189 1865 1425 1899 adversandum
1453 1864 1668 1908 adhortatur,
1693 1877 1797 1910 nuper
1816 1865 1997 1909 publicavit
2010 1877 2080 1902 eru-

1189 1915 1277 1949 ditus
1291 1914 1339 1949 vir
1350 1914 1455 1949 Lucas
1468 1915 1650 1951 Dacherius
1660 1941 1667 1949 .
1685 1917 1810 1953 Eadem
1823 1917 1863 1952 de
1874 1919 1969 1952 causa
1983 1918 2079 1953 Lam·
2094 1913 2177 1944 T0m·
2187 1920 2203 1949 5
2205 1915 2215 1944 ἕ

1189 1965 1315 2000 bertum
1330 1990 1341 2006 ,
1366 1967 1508 2010 primum
1521 1967 1673 2002 testitutae
1688 1966 1909 2002 Atrebatenfis
1927 1969 2078 2004 Ecclesiae

1190 2015 1339 2050 Electum
1351 2041 1361 2057 ,
1374 2018 1578 2052 consecravit
1591 2018 1753 2053 Urbanus
1765 2018 1925 2053 secundus
1939 2031 1946 2052 :
1972 2019 2076 2066 Qod

1187 2065 1306 2108 nempe
1334 2066 1566 2111 Episcopatum
1593 2068 1688 2103 illurn
1714 2095 1726 2111 ‚
1753 2070 1979 2104 Cameracenfi
2007 2071 2075 2114 jam

1188 2113 1313 2156 pridem
1326 2116 1456 2149 unitum
1469 2140 1480 2154 ,
1509 2128 1575 2149 non
1589 2118 1695 2150 solum
1717 2120 1870 2157 Hefirico
1881 2129 1997 2161 quarto
2010 2120 2078 2155 Im·

1188 2173 1336 2205 peratore
1349 2187 1360 2203 ‚
1386 2163 1441 2196 sed
1458 2164 1558 2197 etiam
1582 2163 1739 2207 Philippo
1765 2167 1967 2202 Francorum
1980 2169 2075 2214 Rege

1186 2213 1219 2246 &
1229 2212 1477 2246 Flandrensium
1502 2214 1637 2248 Comite
1649 2213 1799 2249 Roberto
1811 2218 2076 2261 repugnantibus

1187 2262 1370 2296 restituisset
1383 2286 1393 2301 ,
1422 2262 1563 2306 ideoque
1584 2263 1751 2298 laudatum
1776 2265 1925 2300 Electum
1938 2268 2074 2303 Rainal-

1186 2313 1245 2346 dus
1257 2311 1465 2346 Remenfium
1480 2311 1753 2358 Archiepiscopus
1767 2326 1834 2349 non
1848 2316 1979 2353 auderet
1990 2329 2069 2353 cou-

1186 2363 1306 2395 sectare
1322 2387 1329 2393 .
1358 2362 1451 2396 Dura
1469 2363 1614 2407 &longa
1635 2363 1698 2397 fuit
1720 2361 1972 2410 haectragaedia:
2001 2368 2070 2404 Ur-

1187 2413 1277 2446 bano
1299 2421 1409 2446 tamen
1433 2412 1589 2447 Pontifici
1602 2414 1735 2448 Sanetus
1759 2414 1874 2450 Petrus
1888 2417 2068 2461 Apostolus

1188 2462 1326 2497 donavit
1348 2462 1517 2497 victoriam
1532 2487 1543 2504 ‚
1570 2465 1800 2508 exponendam
1813 2467 1908 2501 latius
1921 2469 1955 2502 in
1966 2468 2067 2505 Scho-

1188 2513 1241 2547 liis
1253 2512 1294 2546 ad
1308 2512 1483 2555 Synodum
1495 2514 1787 2551 Claromontanam
1799 2543 1809 2549 .

1236 2562 1280 2596 Et
1303 2563 1377 2596 Rex
1403 2562 1575 2608 Philippus
1604 2565 1745 2600 Pulcher
1769 2566 1897 2603 videtur
1918 2569 1971 2605 his
1996 2582 2065 2606 non

1187 2612 1346 2648 obviasse.
1377 2613 1510 2647 Etenim
1531 2616 1716 2659 opulentae,
1741 2617 1782 2652 ad
1808 2630 1907 2662 quam
1922 2620 2068 2665 Apame-

1186 2664 1260 2698 ense
1268 2663 1426 2707 spectabat
1449 2663 1608 2708 oppidum
1621 2690 1632 2707 ‚
1658 2668 1744 2711 apud
1757 2668 1908 2703 Sanctum
1920 2671 2064 2706 Antoni-

1188 2724 1267 2747 num
1291 2712 1441 2748 Abbatiae
1463 2726 1651 2759 perpetuam
1674 2717 1910 2761 protesiionem
1933 2721 1985 2755 seu
1997 2723 2064 2756 Ad-

1189 2764 1350 2798 vocatiam
1362 2788 1373 2804 ,
1390 2764 1426 2798 ὃς
1435 2775 1555 2799 certam
1567 2766 1688 2801 exinde
1698 2768 1862 2804 redituum
1874 2771 2064 2813 portionem

1187 2812 1361 2848 Ludovico
1379 2815 1488 2849 sancto
1511 2815 1599 2861 Regi
1613 2817 1744 2852 dederat
1756 2819 1911 2854 Clemens
1932 2833 2066 2865 quartus

1186 2864 1364 2904 Pontifex,
1388 2875 1486 2908 atque
1505 2865 1550 2900 ita
1573 2867 1663 2901 illius
1685 2868 1751 2911 jam
1775 2869 1880 2904 dietus
1905 2881 2008 2916 nepos
2030 2873 2066 2907 &

1186 2915 1339 2949 successor
1363 2915 1418 2950 libi
1444 2915 1608 2951 substituit
1629 2918 1813 2963 Rogerium
1825 2920 1994 2956 Comitem
2005 2923 2066 2956 Fu-

1185 2965 1329 2999 xiensem
1341 2990 1351 3006 ,
1378 2965 1527 3001 Abbatiae
1537 2967 1754 3003 adversarium
1766 2994 1778 3009 ‚
1805 2970 1925 3014 dequo
1950 2972 1986 3005 in
1999 2972 2067 3007 Bo-

1186 3015 1415 3050 nifaciiostavi
1431 3017 1597 3062 Apologia
1619 3017 1760 3061 Joannes
1771 3019 1928 3054 Rubeus:
1955 3024 2064 3056 Fidem
2086 3029 2237 3065 L.1.c.16.

1186 3066 1431 3107 &juramentum
1454 3079 1524 3100 mox
1535 3071 1662 3111 exegitci
1675 3069 1843 3103 clientibus
1870 3072 2060 3114 Monasterii,

1185 3117 1296 3158 &quae
1318 3114 1425 3156 hostilis
1444 3116 1519 3161 fiant
1542 3120 1717 3152 detentionis
1738 3130 1874 3153 exercens
1893 3145 1904 3162 ,
1930 3128 2062 3155 enormia

1187 3167 1341 3209 &gravia
1359 3167 1513 3209 commisit.
1542 3169 1635 3201 Hinc
1648 3167 1827 3204 Abbatiam
1848 3171 1997 3205 adversus
2014 3182 2062 3205 ta-

1187 3216 1251 3248 lem
1274 3217 1509 3258 protectionem
1535 3220 1732 3261 protecturus
1752 3219 1902 3255 laudatus
1928 3221 2062 3256 Bonifa-

1185 3266 1276 3304 cius,
1303 3265 1402 3308 ipsam
1423 3269 1526 3303 erexit
1550 3269 1585 3302 in
1609 3266 1828 3311 Cathedram,
1854 3282 1892 3304 ac
1903 3269 1971 3313 ejus
1993 3272 2063 3306 Ab·

1186 3314 1293 3349 batem
1317 3318 1466 3359 provexit
1486 3319 1521 3352 in
1565 3318 1706 3363 primum
1733 3320 1949 3364 Episcopum,
1975 3323 2062 3356 steu-

1189 3375 1239 3400 tus
1265 3363 1353 3399 hunc
1373 3366 1566 3403 Remensem
1594 3369 1737 3414 Eugenii
1759 3370 1845 3405 tertii
1867 3371 2060 3405 Canonem:

1185 3413 1406 3452 subadvocatos
1441 3419 1475 3453 ὦ·
1500 3419 1648 3453 ι’καθονιε
1674 3429 1772 3453 eorum
1805 3421 1900 3453 modis
1926 3419 2060 3454 omnibus

1899 3469 1936 3502 ab
1949 3472 2008 3503 Ec-
