2366 3756
846 103 1337 152 Dtcrnrus.

225 192 408 241 Qomodo
430 187 571 226 Ecclesia
584 188 706 237 quaevis
725 198 763 224 ac
772 187 839 232 ejus
852 187 1056 232 Episcopalis

175 244 340 281 Cathedra
359 241 625 286 distinguantur,
652 239 753 274 edicit
773 239 808 277 in
829 237 1057 276 exhortatorio

174 295 217 331 nd
237 294 418 330 castitatem
439 291 526 326 libro
558 289 787 328 Tertullianus
808 301 821 326 ,-
846 288 1058 329 Differentiam

173 350 254 380 inter
275 345 417 379 Ordinem
437 341 602 378 &Plebem
621 339 767 382 constituit
785 337 920 380 Ecclefiae
935 338 1060 372 audior}-
1083 353 1085 355 ’

173 405 249 437 tas,
266 396 309 447 ff
328 393 418 428 bonor
434 400 492 436 per
502 392 629 428 Ordinis
649 388 804 433 consessum
825 385 1033 432 sanfflficatus
1049 414 1056 426 ‚

170 444 378 492 Episcopalis
397 466 410 484 ,
435 443 595 486 inquam,
621 438 787 477 Cathedra
811 450 880 473 non
904 439 950 473 est
970 439 1057 473 solus

172 494 375 541 Episcopus,
399 492 454 531 sed
477 500 642 535 quotquot
666 491 722 535 ipfi
745 490 781 524 in
795 489 932 533 publico
945 488 1058 523 Eccle-

173 545 225 581 fiae
239 544 418 582 Conventa
439 541 577 577 assident
590 565 601 582 ,
627 541 706 575 &in
724 539 780 574 illa
800 537 1056 574 administranda

172 595 284 630 eidem
305 594 365 628 suo
376 590 502 630 consilii
514 602 570 626 aut
581 590 697 635 judicii
714 589 867 634 suffragio
880 599 1057 636 cooperan-

173 652 229 678 tut
252 667 260 679 .
301 642 470 689 roitca
496 639 714 678 Provincialis
751 639 933 683 Episcopus
964 639 1056 674 suum

172 691 442 736 Presbyterium,
469 690 687 735 Metropolita
715 712 726 729 ,
751 687 939 725 Patriarcha
961 712 973 731 ,
998 687 1056 722 Pa·

171 754 217 788 pa
238 753 297 787 pro
309 742 391 777 Sede
415 743 471 776 sua
490 739 613 779 habent
632 741 703 775 snas
713 739 869 783 Synodos
881 762 892 779 ,
919 749 1056 783 quarum

171 794 250 828 sunt
260 792 426 837 praefides,
451 802 490 826 os
512 791 688 836 &lingua.
716 790 760 824 Et
780 789 861 825 dum
877 800 919 827 ex
944 799 1057 824 eorum

173 843 347 877 communi
367 841 493 886 judicio
513 852 552 876 ac
576 839 730 886 suffragio
739 849 864 885 agunt,
890 839 1057 879 statuunt,

172 892 332 928 decidunt
355 914 368 932 ‚
394 890 575 934 loquuntur
598 915 611 932 ‚
636 891 792 931 dicuntur
813 901 856 929 ex
891 887 1057 928 Cathedra

172 953 271 987 agere
284 966 295 985 ,
320 940 468 976 decidere
481 963 492 980 ,
513 941 651 978 statuere
669 966 681 982 ,
707 940 801 984 loqui
822 965 830 972 .
857 939 1055 982 Episcopus,

169 989 340 1027 Cathedra
352 1016 363 1032 ‚
373 991 408 1024 &
422 991 564 1029 Ecclefia
575 988 697 1025 habent
709 992 740 1029 se
753 999 790 1024 ut
805 1000 876 1031 pars
885 989 919 1021 δε
931 996 1038 1021 totum
1047 999 1057 1018 :

172 1041 357 1086 Episcopus
371 1040 418 1079 est
430 1050 503 1084 pars
516 1038 688 1079 Cathedra}
699 1061 711 1078 ‚
736 1036 903 1075 Cathedra
915 1046 985 1080 pars
998 1034 1059 1069 Ec-

170 1092 300 1131 clesiae,
326 1089 382 1128 sed
392 1101 464 1135 quae
486 1098 593 1124 totam
605 1089 696 1124 suam
706 1086 884 1122 Ecclesiam
895 1085 1058 1134 repraesen-

173 1150 247 1176 tet.
274 1141 320 1175 Et
344 1140 424 1178 hinc
435 1140 484 1178 uti
508 1136 704 1183 quadruplex
725 1135 771 1169 est
782 1135 937 1171 Romana
949 1134 1058 1168 Eccle-

171 1192 218 1225 {ia
233 1214 244 1230 ‚
266 1190 312 1223 ita
334 1191 368 1224 ὃς
381 1188 577 1234 Apostolica
597 1187 664 1230 ejus
682 1184 846 1226 Cathedra
859 1209 867 1217 .
895 1183 940 1217 Et
952 1184 1060 1218 Gene-

168 1241 253 1275 ralis
267 1264 278 1280 ,
301 1239 335 1275 ὃς
347 1237 578 1275 Patriarehalis
590 1260 602 1277 ,
617 1237 661 1270 *&
674 1234 891 1269 Provinciali's
901 1255 912 1272 ,
937 1233 972 1268 &
991 1234 1058 1268 sola

171 1289 308 1325 Urbica
333 1287 511 1331 synodus,
539 1287 594 1320 seu
615 1285 719 1324 solum
731 1285 959 1319 Dominorum
981 1284 1060 1318 Car-

170 1338 341 1374 dinalium
359 1333 437 1376 cum
449 1336 604 1375 Domino
622 1335 712 1385 Papa
736 1334 963 1374 consistorium
984 1334 1059 1375 sunt

172 1388 375 1434 Apostolica
387 1386 485 1426 Sedes
498 1413 506 1425 .,

227 1437 357 1477 Verum
376 1437 522 1478 Ecclesia
542 1436 577 1472 δε
598 1436 667 1480 ejus
688 1433 854 1472 Cathedra
874 1435 921 1470 ob
939 1433 1058 1470 dietam

170 1486 267 1523 illius
292 1487 335 1526 ab
368 1485 433 1526 hac
464 1487 781 1532 repraesentationem
807 1483 1061 1531 frequentissime

171 1538 445 1575 confunduntur.
475 1538 519 1572 Et
535 1537 579 1572 ita
599 1535 654 1573 hic
667 1538 858 1573 Romanam
879 1535 1059 1571 Ecclesiam

166 1599 254 1622 tum
278 1588 475 1634 Apostolica
499 1587 582 1625 Sede
606 1587 751 1622 omnino
775 1586 930 1622 confudit
952 1584 1059 1619 noster

167 1637 358 1681 Gregorius
383 1662 391 1672 .
419 1638 571 1675 Βὶἑὶανὶε,
587 1638 680 1673 enim
702 1645 834 1680 propter
856 1631 1058 1682 Wigbertini

167 1685 353 1720 schismatis
362 1683 567 1725 defensores,
593 1694 676 1729 quos
689 1684 775 1719 inter
786 1682 969 1720 Vener-icus
981 1683 1057 1718 Ver·

166 1735 319 1770 cellensis
340 1733 521 1777 Episcopus
539 1733 577 1766 in
599 1733 686 1767 libro
709 1731 752 1767 de
762 1732 984 1767 conservanda
996 1732 1057 1766 Ec-

168 1785 273 1820 clefiae
282 1783 412 1821 unitate
426 1781 544 1817 docuit
555 1791 665 1817 veram
677 1780 865 1816 Romanam
878 1780 1055 1818 Ecclesiam

169 1836 211 1870 in
235 1832 300 1869 fide
318 1843 381 1869 nec
400 1833 513 1869 errasse
534 1842 713 1876 umquam,
741 1841 802 1865 nec
822 1842 924 1866 errare
945 1833 1055 1875 posse,

168 1885 244 1928 ejus
262 1892 374 1920 autem
395 1882 577 1917 invasorem
612 1883 647 1915 δε
660 1881 845 1917 adulterum
855 1881 1055 1917 Hildebran·

167 1935 255 1969 dum
277 1935 314 1969 in
336 1932 451 1969 multis
471 1932 599 1967 errasse.
630 1930 806 1974 Eundem,
832 1928 922 1976 qued
941 1929 983 1966 de
996 1929 1055 1964 Be-

168 1983 368 2029 rengariano
378 1981 536 2027 dogmate
557 1979 777 2022 dubitaverit,
803 1980 947 2026 ideoque
956 1980 1054 2015 fuerit

166 2033 381 2072 aimericus,
405 2031 536 2066 accusat
557 2029 743 2065 Cardinalis
765 2030 906 2070 Benno,
931 2030 965 2066 ὅ(
983 2039 1056 2074 pro·

166 2082 330 2127 sequitur:
360 2085 402 2116 Ue
415 2080 529 2115 Liberi}
540 2080 650 2120 fistum
663 2080 856 2114 celebraretur
868 2079 967 2119 jufflt.
994 2082 1056 2112 Hoc

169 2135 327 2176 Praeceptn
351 2132 418 2172 ejus
444 2127 576 2169 baerefim
608 2127 749 2169 firmavit
775 2151 785 2161 .
819 2127 872 2160 De
909 2126 1056 2169 pluribus

167 2183 281 2226 ipsum
290 2178 451 2216 erroribus
461 2178 604 2213 infamat
620 2200 632 2217 ‚
641 2177 675 2212 &
686 2175 788 2210 edicit
799 2176 926 2213 causam
941 2188 948 2208 :
977 2176 1056 2218 Post-

168 2242 263 2274 quam
283 2230 407 2265 alirmdr,³
429 2226 585 2271 adscendit
619 2227 656 2260 in
680 2224 842 2270 Papatum
862 2249 874 2266 ,
901 2227 922 2258 ἃ
948 2225 1056 2267 consilio

166 2428 385 2463 cardinalibus
405 2452 418 2469 ,
443 2432 513 2460 vita
537 2429 603 2469 ejus
623 2428 658 2462 &
672 2426 768 2469 fides,
793 2425 973 2461 &domina
986 2427 1054 2469 fult

166 2477 227 2521 fine
246 2479 388 2520 testibus.
412 2477 617 2522 Gregorium
643 2487 713 2511 non
734 2488 777 2511 ex
787 2474 975 2516 Cathedra,
1001 2476 1053 2511 sed

168 2541 212 2563 ex
235 2529 368 2572 proprio
388 2526 523 2562 arbitrio
544 2527 684 2561 affirmat
705 2525 857 2570 judicasse
875 2550 887 2567 ‚
912 2525 1053 2570 ideoque

168 2577 297 2622 lapsum
318 2577 455 2612 asantsti
475 2576 564 2611 Petri
592 2576 787 2622 privilegio,
812 2586 912 2620 atque
922 2577 1052 2611 errasse.

170 2627 233 2663 An
254 2626 403 2662 Romani
416 2626 591 2661 Pontificis
611 2626 747 2669 persona
767 2626 863 2660 fuerit
873 2626 1052 2671 aliquando

168 2677 262 2721 lapsa
281 2676 318 2710 in
341 2675 482 2711 hzrefim
499 2699 511 2717 ‚
534 2676 579 2710 est
604 2674 748 2712 scabrosa
771 2675 905 2721 quaestio
922 2700 929 2709 .
958 2675 1050 2723 Qu

169 2726 239 2761 labi
263 2725 359 2770 poffit
379 2749 390 2765 ‚
414 2726 595 2770 antiquitas
625 2737 694 2760 non
719 2725 884 2760 dubitavit
906 2751 916 2759 ..
940 2726 1049 2761 Hasce

171 2775 328 2820 ambages
350 2772 477 2820 ingredi
490 2776 596 2811 noluit
616 2776 722 2810 noster
733 2775 934 2822 Gregorius,
960 2776 1050 2812 ideo-

169 2837 237 2871 que
250 2825 293 2860 de
317 2825 407 2863 sola,
430 2824 486 2858 cui
505 2825 572 2868 ipse
585 2825 763 2869 praesidebat
775 2850 786 2866 ,
814 2826 968 2862 Romana
987 2827 1049 2862 Ec-

171 2876 269 2910 clesia
287 2899 298 2916 ,
324 2875 380 2909 seu
398 2874 466 2918 ejus
490 2873 682 2918 Apostolica
703 2874 863 2911 Cathedra
876 2900 890 2918 ,
915 2888 952 2911 ac
961 2876 1048 2912 selo-

171 2933 296 2971 quente
308 2936 354 2959 ex
378 2924 443 2968 ipsa
455 2923 619 2959 Pontifice
629 2925 762 2962 dietavit
771 2951 779 2960 .

223 2975 373 3021 Qaestio
391 2973 458 3017 est,
487 2974 599 3021 Quam
611 2974 808 3012 Cathedram
826 2976 1048 3013 intellexerit?

174 3023 234 3060 An
255 3024 358 3058 solam
381 3025 565 3069 generalem
588 3049 599 3066 ,
625 3036 667 3059 an
697 3026 948 3072 Patriarchalem
966 3051 978 3069 ‚
1005 3039 1046 3063 an

171 3076 275 3110 etiam
298 3073 540 3109 Provincialem
568 3073 740 3118 Synodum
759 3077 777 3110 ἓ
811 3077 855 3112 Et
880 3090 922 3112 an
945 3078 1045 3113 etiam

172 3123 413 3159 Confistorium
449 3124 593 3159 solorum
630 3126 853 3163 Dominorum
891 3128 1046 3163 Cardina-

172 3174 285 3209 lium?
310 3172 491 3208 Cardinalis
510 3174 672 3209 Nicolaus
685 3175 831 3213 Cusanus
852 3178 886 3212 in
898 3190 994 3222 opere
1004 3179 1046 3214 de

176 3222 351 3259 Catholica
370 3224 608 3259 concordantia
619 3225 690 3259 vult
700 3225 783 3260 olim
796 3228 1043 3274 intelligendam

174 3274 270 3308 fnisse
294 3274 394 3309 solam
415 3274 596 3320 generalem
609 3276 804 3319 Synodum,
830 3289 915 3314 nunc
936 3289 1043 3314 autern

174 3322 320 3370 intelligi
346 3324 434 3370 posse
453 3325 488 3360 δε
501 3324 774 3368 Patriarchalem,
802 3328 890 3370 qued
911 3330 952 3365 ad
973 3339 1043 3366 eam

169 2286 302 2315 removit
313 2279 495 2313 cardinales
508 2275 605 2321 sacrae
615 2276 702 2311 Sedis
713 2300 723 2310 .
747 2279 825 2309 Cum
844 2275 950 2318 quibus
956 2275 1058 2320 perso·

166 2336 223 2365 ens
247 2326 427 2373 confiliasua
436 2325 540 2362 diebus
561 2336 596 2360 ac
607 2325 740 2360 noffibus
753 2324 880 2365 babuit,
904 2329 1000 2360 Roma
1011 2332 1056 2361 vl-

165 2382 220 2415 dit
240 2380 275 2414 (2¹
295 2380 420 2413 audivit
433 2402 442 2411 .
467 2376 586 2420 Ejeffls
605 2377 626 2409 ἃ
654 2374 765 2418 confilio
787 2378 822 2411 Θ·
842 2374 968 2416 custodia
996 2288 1107 3471 fill

1842 122 1937 168 359

1122 188 1282 234 generalis
1300 186 1365 231 jam
1376 188 1539 224 contrasta
1549 187 1589 223 fit
1604 213 1616 231 ,
1640 186 1782 235 ideoque
1804 189 1840 228 ec
1851 193 1940 227 suam
1953 193 2001 230 di-

1120 241 1280 285 gnitatern
1293 249 1331 276 ac
1340 239 1509 284 privilegia
1520 239 1632 275 omnia
1644 240 1679 277 in
1704 241 1805 285 ipsam
1819 241 2002 279 transfudo

1119 290 1163 326 rit
1176 314 1184 325 ,
1212 288 1403 327 Romanurn
1424 288 1624 329 Pontificem
1644 299 1732 328 extra
1745 292 1931 336 generalem
1942 293 2000 336 Sy·

1120 339 1246 375 nodum
1267 338 1336 373 vult
1356 339 1458 379 etiam
1478 339 1563 379 circa
1589 339 1689 378 fidem
1712 337 1801 384 posse
1812 337 1902 378 falli.
1932 340 2000 380 Ve-

1120 388 1191 424 rum
1217 389 1410 434 aGregorIo
1432 389 1544 424 nostro
1569 390 1676 425 solum
1695 391 1796 430 etiam
1832 392 2000 430 Domino-

1119 450 1192 474 rum
1229 438 1453 474 Cardinalium
1484 439 1722 474 Confistorium
1745 463 1757 481 ,
1792 440 1939 485 adeoque
1966 442 2002 480 ὃς

1120 487 1362 527 Provincialem
1385 488 1559 532 Synodum
1584 489 1868 532 fuiffeintellecta,
1888 489 2003 531 ‘abun-

1120 537 1161 577 de
1172 538 1269 573 nobis
1291 538 1445 576 dixerunt
1466 537 1662 574 schismatici
1681 538 1798 573 Benno
1821 540 2003 580 &Veneri-

1120 599 1194 623 cus.
1220 588 1265 633 Et
1284 588 1355 632 jure
1379 588 1498 623 merito
1511 612 1518 620 .
1545 588 1681 627 Etenim
1701 589 1796 628 istam
1809 588 2000 629 Romanam

1121 637 1299 676 Ecclesiam
1310 660 1323 678 ,
1349 637 1402 672 seu
1416 635 1644 681 Apostolicam
1658 638 1775 674 Sedem
1785 650 1853 673 non
1864 640 2001 682 possein

1121 687 1188 727 fide
1211 686 1302 727 labi,
1328 687 1516 727 constanter
1539 686 1739 725 admiserunt
1749 688 1823 723 osto
1835 687 2002 734 generalia

1120 736 1205 780 apud
1217 737 1348 778 Graecos
1358 736 1518 779 celebrata
1531 736 1685 778 ,Concilia
1699 762 1711 779 ‚
1738 739 1788 772 uti
1810 739 1845 772 in
1856 740 2001 783 ipsorum

1122 787 1223 826 Notis
1232 787 1277 822 est
1291 786 1420 822 abunde
1430 786 1595 829 ostensum
1608 811 1615 826 ‚
1630 786 1730 824 Adeo
1740 787 1875 829 ,Sanssus
1887 790 2006 828 firmi-

1122 837 1230 872 lianus
1249 836 1399 877 Caesateae
1420 836 1455 877 in
1473 836 1685 884 Cappadocia
1706 835 2004 881 Archiepiscopus,

1122 886 1190 929 ejus
1213 887 1379 926 Successor
1402 887 1538 922 Sanetus
1559 887 1719 929 Basilius,
1743 887 1847 928 &alii
1868 887 2005 930 quidam

1122 935 1283 971 Romanis
1318 937 1431 978 offenfi
1457 937 1644 979 Graecotum
1670 937 1786 974 Patres
1822 938 2004 981 oppositam

1122 987 1211 1025 suam
1219 987 1414 1028 sententiam
1427 999 1496 1022 non
1510 995 1687 1032 potuerunt
1701 987 1766 1027 suis
1778 987 1928 1032 Collegis
1937 998 2009 1031 per-

1123 1034 1271 1071 suadete.
1298 1036 1383 1071 Eam
1406 1047 1516 1073 tamen
1536 1038 1572 1072 in
1599 1037 1791 1079 Florentina
1810 1036 1949 1081 Synodo
1962 1046 2008 1072 te-

1123 1093 1266 1119 nuerunt
1288 1085 1394 1118 Graeci
1409 1110 1420 1125 ‚
1445 1087 1594 1132 &longa
1617 1099 1654 1123 ac
1665 1088 1815 1129 intricata
1827 1083 2007 1132 quaestione
2019 1115 2035 1121 ,,

1123 1134 1244 1168 differri
1270 1135 1431 1174 unionem
1451 1136 1568 1169 nolens
1579 1137 1750 1181 Eugenius
1764 1146 1896 1182 quartus
1910 1136 2007 1174 duxit

1123 1183 1389 1219 diffimulandum
1423 1209 1431 1216 .
1453 1183 1649 1218 Praesentem
1675 1186 1809 1220 interim
1835 1187 2006 1224 Distatum

1123 1235 1231 1270 omnis
1245 1234 1328 1268 olim
1342 1232 1464 1268 Latina
1477 1232 1618 1267 Ecclesia
1632 1233 1888 1268 constantiffime
1898 1234 2010 1268 defen-

1123 1283 1194 1325 dit,
1220 1283 1310 1332 quod
1320 1282 1488 1325 ostendere
1509 1280 1565 1325 hic
1575 1281 1675 1318 velim
1699 1282 1742 1326 de
1766 1283 1836 1320 sola
1847 1282 2008 1327 Africana

1124 1336 1159 1376 ὃς
1170 1334 1342 1375 Gallicana
1353 1359 1361 1373 ς

1173 1385 1372 1431 Incipiamus
1391 1383 1433 1420 ab
1443 1383 1602 1421 Afrorum
1613 1383 1865 1431 Carthaginensi
1890 1396 1927 1420 ac
1940 1384 2009 1418 Mis

1124 1434 1268 1474 levitana
1278 1435 1422 1480 Synodis
1436 1459 1448 1476 ‚
1474 1435 1601 1481 Pelagii
1622 1445 1719 1480 atque
1733 1435 1875 1471 Caelestii
1886 1446 2008 1469 errores

1122 1483 1356 1520 damnantibus
1373 1509 1382 1518 .
1409 1486 1466 1520 De
1492 1485 1636 1529 ipsarum
1655 1486 1748 1521 enim
1769 1497 1825 1530 pet
1847 1485 2011 1519 Innocen-

1123 1535 1208 1571 tium
1242 1535 1385 1579 primum
1411 1534 1614 1573 Pontificem
1640 1535 1716 1573 data
1754 1535 2010 1574 confirmatione

1123 1583 1320 1622 declamavit
1340 1582 1382 1622 ad
1405 1583 1569 1628 populum
1587 1584 1623 1617 in
1635 1584 1838 1624 sermonibus
1849 1582 1891 1618 de
1914 1582 2010 1628 Apo·

1123 1633 1199 1669 stoli
1213 1632 1318 1669 verbis
1328 1634 1461 1668 sanstus
1473 1632 1679 1677 Augustinus
1693 1645 1700 1666 :
1719 1637 1754 1679 J
1755 1646 1804 1669 am
1814 1635 1852 1668 de
1876 1633 1934 1667 bac
1945 1644 2010 1673 caua
2025 1631 2108 1662 Serm.
2130 1642 2155 1665 2.

1120 1682 1156 1728 sa
1170 1684 1226 1717 duo
1248 1683 1380 1717 eoncilia
1406 1681 1490 1727 miffa
1509 1681 1582 1726 sunt
1603 1684 1648 1718 ad
1667 1685 1772 1717 Sedem
1795 1682 2008 1731 qustoltcmn³
2024 1680 2105 1703 Colo·

1122 1734 1193 1771 inde
1216 1737 1307 1767 etiam
1331 1730 1491 1775 Rescripta
1512 1741 1661 1768 venerunt
1676 1757 1685 1768 .
1715 1732 1817 1782 Causa
1830 1733 1925 1776 finita
1944 1735 1984 1780 est
1998 1760 2007 1772 .

1122 1772 1213 1829 (ζῷα
1234 1793 1351 1824 nempe
1363 1781 1454 1818 sedis
1480 1782 1572 1818 istius
1594 1783 1636 1817 de
1647 1782 1711 1817 fide
1723 1779 1886 1827 judicium
1899 1785 2007 1820 crede·

1123 1832 1392 1874 batinfallibile,
1418 1833 1509 1877 quod
1525 1845 1595 1869 non
1608 1834 1711 1878 posset
1731 1833 1920 1869 exsufflari.
1949 1834 2008 1871 Er·

1120 1893 1216 1919 rones
1228 1882 1410 1929 graviffime
1421 1882 1455 1917 id
1468 1883 1628 1930 pupugit,
1650 1892 1763 1919 neuter
1773 1892 1884 1919 tamen
1897 1884 2009 1920 adver-

1120 1932 1173 1966 sus
1195 1931 1303 1975 ipsum
1322 1934 1471 1978 excipere
1506 1934 1556 1968 vel
1579 1940 1761 1978 provocare
1785 1935 2004 1979 praesumpsit.-

1120 1980 1230 2024 Ipsum
1250 1980 1312 2017 ase
1336 1992 1392 2028 pet
1412 1984 1527 2017 omnia
1549 1982 1680 2018 admitti
1713 1985 1748 2018 &
1773 1984 1903 2028 probari
1927 1986 2005 2020 sunt

1121 2030 1271 2072 professi,
1295 2030 1358 2065 &a
1382 2032 1460 2067 solis
1485 2032 1676 2068 memoratis
1685 2032 1830 2075 Synodis
1852 2035 1940 2077 quasi
1962 2035 2006 2069 ad

1120 2077 1237 2113 melius
1271 2076 1520 2116 informandum
1558 2080 1758 2116 Pontificem
1780 2084 2006 2125 appellarunt.

1120 2127 1252 2171 Nempe
1271 2126 1306 2160 in
1320 2126 1492 2163 Britannia
1505 2152 1516 2169 ‚
1544 2127 1585 2162 ad
1598 2127 1807 2165 Gallicanam
1825 2131 2004 2168 Dioecefim

1118 2185 1198 2211 tunc
1220 2177 1378 2221 spestante
1402 2201 1415 2219 ‚
1453 2186 1549 2212 natus
1574 2185 1672 2221 atque
1694 2187 1825 2213 renatus
1847 2179 2004 2225 Pelagius

1117 2228 1242 2271 semper
1253 2227 1435 2262 crediderat
1457 2227 1645 2265 Romanam
1659 2227 1858 2263 Cathedram
1872 2229 1906 2263 in
1919 2230 2004 2276 dog-

1121 2278 1246 2312 matico
1267 2276 1392 2320 judicio
1414 2288 1483 2319 non
1508 2278 1596 2321 posse
1606 2277 1676 2312 falli
1691 2303 1698 2312 .
1726 2277 1853 2313 Verum
1866 2278 2001 2315 ubiZo·

1120 2339 1235 2370 zymus
1245 2326 1402 2365 Pontifex
1414 2337 1482 2361 non
1494 2326 1600 2362 solum
1612 2328 1660 2362 sui
1673 2327 1892 2370 Antecessoris
1904 2354 1916 2371 ,
1942 2330 1998 2366 sed

1119 2378 1219 2412 etiam
1242 2376 1446 2413 laudatarum
1457 2377 1668 2421 Synodorutn
1680 2379 1998 2416 disertiffime-firma-

1118 2427 1166 2461 vit
1175 2425 1333 2471 judicium
1346 2451 1358 2468 ‚
1383 2427 1418 2461 δε
1430 2427 1612 2472 encyclicis·
1622 2427 1664 2463 ad
1675 2429 1841 2465 universos
1851 2429 1909 2464 sub
1922 2431 1998 2466 Coe-

1117 2477 1153 2513 lo
1178 2477 1359 2521 Episcopos
1385 2477 1500 2513 litteris
1520 2478 1710 2526 rigidiffime
1736 2491 1775 2515 ac
1800 2480 1997 2516 lucidissime

1117 2527 1284 2562 damnavit
1305 2538 1428 2562 errores
1451 2529 1597 2574 fingulos
1609 2553 1620 2570 ‚
1647 2531 1813 2566 Erronum
1826 2532 1928 2566 crevit
1939 2542 1996 2566 au-

1115 2577 1206 2612 dacia
1228 2601 1236 2609 .
1262 2577 1386 2612 Eorum
1399 2578 1595 2616 Ravennam
1607 2580 1647 2614 ad
1659 2581 1807 2616 Honorii
1818 2581 1995 2626 Imperato-

1115 2628 1158 2661 ris
1168 2627 1372 2662 Comitatum
1392 2630 1534 2671 profesta
1548 2630 1688 2675 Legatio
1702 2630 1876 2676 postulavit
1897 2640 1994 2666 retra-

1115 2679 1191 2713 stari
1200 2677 1326 2713 causam
1335 2699 1347 2718 ,
1373 2678 1509 2714 afferens
1520 2680 1620 2723 ipsam
1631 2679 1698 2714 fine
1709 2680 1858 2725 legitimo
1869 2682 1993 2716 exami-

1113 2739 1176 2769 ne,
1200 2727 1347 2772 adeoque
1357 2739 1426 2763 non
1437 2728 1528 2772 juxta
1544 2729 1729 2775 Apostolici
1742 2731 1913 2777 privilegii
1924 2731 1991 2766 Re-

1113 2779 1226 2823 gulam
1247 2789 1288 2812 ex
1299 2777 1389 2813 Petri
1401 2777 1561 2816 Cathedra
1574 2805 1585 2821 ,
1611 2780 1665 2816 sed
1686 2792 1727 2815 ex
1741 2781 1867 2825 privato
1880 2783 1993 2825 Zozy-

1112 2828 1158 2864 mi
1170 2829 1284 2863 affestu
1296 2827 1467 2864 definitam
1478 2854 1486 2862 .
1513 2828 1689 2865 Accusavit
1701 2831 1802 2869 solam
1815 2830 1991 2866 Pontificis

1111 2880 1280 2923 personam
1293 2903 1302 2913 .
1329 2877 1455 2914 Verum
1479 2879 1633 2924 Princeps
1652 2881 1738 2924 ipsos
1748 2879 1829 2915 adeo
1854 2892 1922 2915 non
1934 2892 1990 2915 au-

1111 2929 1194 2964 divit
1213 2954 1225 2972 ,
1251 2938 1287 2963 ut
1312 2937 1480 2973 tamquam
1513 2930 1720 2965 turbulentos
1741 2931 1924 2965 Haereticos
1944 2928 1987 2965 ab

1111 2978 1211 3014 Alma
1233 2977 1311 3013 urbe
1330 2979 1365 3013 &
1382 2981 1507 3014 cunetis
1530 2980 1756 3014 suburbicariis
1778 2978 1987 3024 Regionibus

1109 3029 1228 3074 jusserit
1238 3028 1375 3074 expelli.
1403 3031 1521 3074 Etipse
1536 3029 1665 3066 causam
1686 3028 1800 3064 habuit
1809 3040 1869 3075 pto
1881 3028 1990 3075 legiti-

1110 3080 1163 3115 me
1174 3079 1265 3114 finita
1276 3105 1285 3114 .

1160 3129 1312 3173 Ejusdem
1334 3129 1453 3164 mentis
1474 3129 1537 3165 fuit
1549 3128 1680 3168 Atticus
1702 3128 1982 3171 Constantinopo-

1110 3180 1229 3215 litanus
1251 3178 1429 3223 Episcopus
1449 3204 1461 3221 ,
1485 3192 1523 3215 ac
1543 3180 1611 3224 ejus
1633 3181 1789 3215 success'or
1804 3179 1980 3213 Sifinnius.

1109 3228 1214 3278 Quid
1227 3227 1464 3271 enimejusdem
1475 3230 1626 3267 factionis
1636 3228 1778 3274 Legatos
1790 3253 1800 3269 ,
1810 3228 1851 3262 ab
1862 3228 1982 3263 Hono-

1109 3280 1158 3314 rio
1170 3278 1322 3324 Augusto
1332 3277 1524 3325 denegatam
1547 3281 1646 3316 causae
1658 3278 1913 3314 retractationem
1927 3289 1982 3321 po-

1109 3329 1262 3365 stulantes
1281 3327 1322 3364 ab
1341 3328 1407 3372 ejus
1420 3340 1536 3375 nepote
1559 3331 1592 3366 &
1604 3329 1741 3374 Collega
1764 3325 1980 3372 Theodofio,

1841 3378 1931 3412 Con-
