2366 3756
64 458 139 498 ‘cap-
166 468 197 496 4·

69 1251 144 1292 Cap·
164 1260 215 1291 η.

76 1901 138 1949 1³³3·
163 1905 192 1935 ε..

75 2094 136 2128 Lib.
146 2106 193 2128 zz-

75 2144 142 2175 cap·
162 2144 192 2174 7.

83 2557 149 2594 Lib.
176 2565 221 2593 ις.

89 2607 152 2640 cap·
172 2606 200 2635 7-

92 3017 121 3047 1..
132 3026 158 3046 ι.
177 3024 206 3046 c·
219 3017 244 3044 8.

904 139 1131 189 D1cr

1165 150 1466 200 sirus-1·
1896 153 1994 193 199,

239 227 289 266 ter
307 230 470 264 fecerunt.
495 225 629 270 Insigne
647 221 837 266 exemplum
858 219 995 258 adducit
1012 220 1046 253 in
1059 218 1138 253 Δι’-ι
1183 221 1278 262 nostra
1298 223 1447 265 Religibne
1466 221 1669 260 decertaturus
1679 224 1780 255 venio.
1808 219 1933 267 Regii,
1961 233 2061 265 quan.

240 289 322 315 cana
342 277 475 315 historia
494 275 673 319 Procopius
686 271 912 311 Caesaraeenfis2
938 270 1119 309 Patricium
1135 293 1138 301 ,

1133 328 1138 396 l

240 331 276 365 dc
296 329 426 365 Ducem
450 326 640 365 Belisarium
666 320 810 362 ostendit
836 319 996 365 Augustis
1025 319 1120 363 Justi-

239 379 342 417 niano
363 388 402 412 ac
425 376 614 412 Theodora
624 370 991 413 fuiffereoonciliatum,
1016 369 1122 404 &ho-

240 428 376 468 noribus
400 428 584 463 restitutum
607 435 661 470 per
679 421 814 457 uxorem
829 419 1061 460 Antoninam,
1087 419 1122 459 ὅς

240 477 467 524 prosequitur:
494 482 589 517 Haec,
613 467 801 514 Theodora
824 471 857 505 in
882 470 996 505 litteris
1021 495 1032 511 ,
1054 477 1123 512 per—

240 530 316 575 legit
323 525 487 571 Belifizrius
500 551 510 566 ,
531 524 837 570 gestirepraeslaemia
857 520 1046 562 vehementer
1068 531 1123 559 εει·

234 586 306 623 pir,
326 574 887 622 suiqueanimitestemlssiadratum‚
913 573 970 616 qui
995 572 1120 605 litteras

240 635 423 672 apportarat
435 650 447 667 ,
468 624 709 670 praesontemspi
715 631 826 665 parare
845 628 965 664 cupiens
978 648 986 663 ‚
1002 621 1124 664 repente

240 680 285 716 ad
291 679 419 720 conjugis
427 678 521 719 pedes
532 674 666 721 effussus,
687 674 824 707 manibus
837 669 1101 719 tibiasprehens'ar
1112 694 1122 710 ,

240 729 325 762 modi>
340 727 436 768 bunc,
461 728 545 765 modo
558 728 641 766 illum
652 726 760 768 pedem
778 722 920 766 osculatur
932 747 943 763 ,
968 723 1054 756 illam
1076 718 1126 764 sa-

240 779 314 811 luris
335 778 494 819 appellans
515 777 658 815 auderem
670 799 680 815 ‚
701 773 735 821 fi·
762 785 821 813 non
844 779 988 806 maritum
1002 796 1012 812 ,
1038 772 1126 804 immo

240 834 424 870 mancipium
440 825 530 869 fidele
564 825 744 871 imposterum
773 831 819 858 ait
842 821 1012 867 censendum
1042 819 1126 862 fore.

240 876 341 911 Plura
363 877 477 915 fimilia
502 877 652 919 exempla
677 874 814 916 addusta
832 873 951 908 suntin
963 869 1127 917 superiori-

242 926 326 967 bus,
353 924 536 970 poffintque
555 927 589 959 δι
610 926 672 959 alia
696 925 812 964 adduci
826 948 833 959 ,

292 975 475 1020 Regiorum
498 974 615 1019 pedum
637 975 786 1008 osculum
801 972 1007 1015 Pomponius
1022 970 1131 1003 Laetus

242 1026 325 1061 reae
345 1027 482 1060 affirmat
506 1026 568 1059 effe
589 1034 713 1058 morem
726 1023 903 1062 Persicum.
935 1022 1028 1055 Hinc
1039 1020 1128 1052 enim

244 1077 281 1111 in
307 1075 393 1111 libro
414 1075 532 1110 Hester
553 1075 596 1116 de
629 1073 788 1118 denegata
816 1073 983 1109 Ammano
1015 1067 1131 1103 Persici

243 1124 362 1160 Palatii
387 1125 540 1160 Praefesto
561 1124 754 1164 adoratione
776 1123 859 1157 dixit
883 1121 924 1155 ad
946 1120 1131 1153 Dominum

243 1176 358 1210 Deum
381 1174 608 1211 Mardochaeus
640 1174 765 1219 Judaeus
786 1186 798 1212 ,-
834 1175 878 1205 Tu
901 1169 1006 1203 cunda
1028 1169 1132 1209 nosti,

243 1227 283 1260 θ’
293 1224 380 1269 scis,
405 1232 478 1269 quia
498 1238 556 1260 non
583 1222 647 1268 pro
656 1224 799 1269 superbia
822 1223 857 1256 ὁ·
879 1220 1072 1260 contumelia,
1100 1221 1134 1252 ἐν

244 1276 346 1318 aliqua
362 1277 469 1319 gloriae
490 1277 652 1315 cupiditate
669 1274 790 1316 fecerim
813 1271 865 1305 boc
877 1295 888 1311 ,
914 1278 1015 1304 utnon
1027 1271 1134 1302 adora-

243 1335 306 1360 rem
328 1330 456 1363 amman
475 1322 720 1368 superbiffimum.
750 1321 888 1361 Libenter
907 1327 989 1355 enim
1006 1328 1062 1361 pro
1087 1317 1135 1361 sa-

244 1375 307 1409 lute
330 1373 425 1419 Isi·ael
441 1383 534 1410 etiam,
556 1374 678 1418 vestigia
685 1373 798 1415 pedum
822 1374 886 1413 ejus
913 1368 1069 1414 deosculari
1078 1377 1135 1409 pa-

245 1434 335 1458 ratus
344 1426 428 1468 effem
438 1449 449 1465 ‚
469 1423 528 1468 sed
537 1430 624 1459 timui
635 1420 646 1464 ‚⁴
658 1435 695 1457 ne
707 1423 842 1456 bonorem
851 1425 909 1455 Dei
919 1426 978 1454 mei
987 1417 1135 1460 transfer-

246 1486 311 1510 rem
329 1481 363 1508 in
381 1474 526 1508 hominem
548 1498 562 1515 ,
599 1475 634 1513 &J
664 1483 757 1515 neque
780 1482 956 1515 quemquam
978 1471 1136 1503 adorarem

245 1532 367 1566 excepto
376 1527 437 1561 Deo
445 1535 506 1562 meo
514 1549 522 1557 .
549 1523 674 1562 Pedum
685 1522 796 1557 oscula
810 1532 900 1555 erant
912 1521 1038 1563 Regius
1050 1517 1135 1560 apud

246 1573 358 1609 Persas
375 1572 514 1611 honor-z
551 1573 596 1607 Et
619 1583 688 1606 non
714 1570 923 1608 solummodo
948 1568 989 1602 ad
1015 1568 1103 1601 hunc
1124 1589 1135 1605 ,

246 1624 301 1657 sed
321 1624 420 1657 etiam
441 1624 481 1660 ad
506 1634 595 1661 terra:
614 1621 763 1664 impressa
785 1630 838 1662 per
854 1617 1029 1650 Ammani's
1039 1615 1137 1658 pedes

246 1671 381 1717 vestigia
401 1670 619 1709 deosculanda
632 1669 799 1712 profitetur
812 1669 1019 1710 separatum,
1045 1665 1138 1699 dum—

245 1722 351 1757 modo
375 1719 522 1754 Amman
548 1718 635 1753 istud
661 1717 710 1756 uti
754 1716 937 1755 humanum
973 1715 1136 1757 honorem

246 1771 420 1815 exegisset.
450 1769 566 1805 Divini
591 1768 760 1812 quidpiam
783 1767 941 1811 gentilem
964 1766 998 1799 in
1011 1774 1137 1799 morem

247 1819 309 1855 fibi
329 1819 499 1864 arrogabat
513 1843 520 1851 .
547 1817 659 1853 Etiam
672 1817 714 1853 de
728 1817 872 1855 Conone
884 1813 1137 1853 Atheniensium

247 1871 347 1910 Duce
368 1868 477 1904 scribit
487 1868 632 1913 Justinus
645 1881 658 1907 ,τ
677 1871 779 1901 Conon
799 1868 843 1899 ad
852 1871 1053 1911 4rtaxerxem
1066 1867 1135 1898 Per-

245 1919 350 1964 sarum
379 1923 487 1963 Regem
520 1923 621 1962 pergit
642 1941 654 1958 ,
688 1919 770 1959 cujus
803 1915 920 1960 aspec‘lu
944 1916 978 1949 ὁ*
1002 1915 1136 1956 colloquio

243 1969 415 2013 prohibitus
438 1967 498 2009 est,
523 1969 605 2010 quod
626 1978 690 2005 eum
712 1979 793 2000 more
813 1965 999 2010 Persarum,
1026 1965 1138 2007 utique

248 2030 306 2064 per
327 2018 447 2062 pedum
467 2018 599 2057 oscula,
625 2017 711 2050 nollet
733 2018 879 2050 adorare.
906 2016 950 2050 Et
972 2015 1013 2049 de
1025 2015 1139 2049 evecto

248 2067 291 2104 ad
302 2067 471 2103 Persarum
483 2067 640 2112 Regnum
651 2066 844 2106 Alexandro
870 2066 1019 2110 Magno:
1047 2065 1141 2107 ,Quod

243 2124 345 2163 primo
364 2129 402 2152 ex
438 2116 548 2159 Persico
569 2116 718 2160 ficperbiae
743 2120 843 2158 Regia·
865 2126 944 2147 more
963 2114 1115 2153 distulerat
1128 2137 1139 2152 ‚

250 2180 289 2203 ne
310 2173 411 2202 omnia
428 2173 546 2209 pariter
568 2164 719 2206 invidiosa
751 2165 838 2205 essent
860 2186 873 2202 ,
906 2172 963 2194 non
988 2161 1141 2203 salutari,

252 2218 308 2257 sed
325 2218 448 2249 adorari
466 2214 499 2257 se
519 2214 687 2247 Alexander
709 2212 797 2253 jubet
821 2236 829 2245 .
869 2214 1036 2244 Acerrimas
1060 2215 1138 2244 inter

252 2264 423 2308 recusantes
445 2262 628 2306 calisthenes
649 2261 711 2304 fuit
731 2287 739 2298 ε
782 2262 866 2305 ,Quae
884 2271 933 2294 res
956 2262 992 2294 (θ’
1015 2262 1082 2302 illi,
1107 2261 1142 2295 &

254 2316 357 2348 multis
380 2313 570 2359 Principibus
583 2313 776 2349 Macedonum
785 2315 879 2347 exitio
880 2310 948 2352 fuit
961 2335 968 2342 .
988 2311 1140 2353 siquidem

251 2363 306 2408 sub
325 2362 420 2407 specie
445 2362 618 2406 insidiarum
637 2372 734 2394 omnes
758 2359 908 2401 interfedi
918 2359 1007 2402 sunt.
1034 2363 1143 2394 Reten-

257 2423 307 2448 tus
323 2411 425 2448 rameii
446 2412 485 2453 est
506 2415 526 2446 ὰ
548 2410 758 2449 Macedonibus
779 2422 840 2443 mos
860 2408 1018 2453 salutandi
1030 2413 1119 2454 Regis
1131 2435 1142 2450 ,

256 2462 379 2508 explosa
389 2465 559 2501 adoratione
570 2486 579 2494 .
606 2457 810 2495 Calisthenes
821 2470 888 2493 erat
900 2459 1120 2504 Philosophus
1131 2485 1142 2502 ,

258 2513 398 2558 ideoque
419 2511 638 2549 humanorum
662 2510 782 2555 pedum
799 2509 912 2546 oscula
923 2510 1143 2544 aversabatur.

257 2563 308 2600 At
326 2564 481 2607 injuriam
504 2562 589 2599 tanti
611 2561 691 2597 fecit
712 2559 902 2597 Alexander
926 2583 939 2600 ‚
976 2569 1014 2594 ut
1036 2560 1142 2604 ipsum

257 2623 327 2647 non
346 2612 520 2647 dumtaxat
542 2620 709 2653 tamquam
731 2608 931 2653 perduellem
952 2610 1140 2653 trucidarit,

258 2662 311 2697 sed
322 2662 408 2707 prius
419 2662 520 2702 naso,
544 2659 675 2695 auribus
686 2671 724 2696 ac
737 2657 831 2694 labiis
842 2659 999 2694 mutilarit
1012 2684 1024 2700 ‚
1045 2659 1145 2694 istud-

259 2722 323 2757 que
341 2712 486 2747 deforme
506 2722 543 2746 ac
564 2710 784 2748 miserandum
806 2709 1039 2754 spectaculum,
1066 2721 1143 2746 cum

260 2773 342 2797 cane
363 2762 397 2796 in
418 2773 513 2796 cavea
534 2761 678 2804 clausum
694 2784 705 2800 ‚
730 2760 771 2795 ad
791 2768 980 2798 caeterorum
991 2771 1143 2808 terrorem

259 2812 382 2857 jusserit
406 2811 621 2848 circumferri.
652 2811 762 2845 Etiam
784 2810 825 2846 de
837 2811 954 2847 saneto
966 2810 1119 2848 simeone
1131 2835 1142 2852 ‚

259 2861 452 2898 Seleucienfi
474 2859 561 2904 apud
584 2859 693 2897 Persas
720 2859 995 2904 Archiepiscopo,
1018 2872 1073 2904 per
1089 2861 1143 2895 Sa-

260 2923 375 2957 porem
396 2913 524 2956 Regem
547 2920 667 2946 vocato
700 2911 739 2945 ad
764 2910 929 2945 Tribunal
963 2911 998 2944 δε
1028 2911 1138 2947 IESU

261 2961 385 2998 Christi
412 2961 611 3005 Martyrium
636 2984 647 3000 ,
682 2958 778 2997 habet
803 2960 957 3001 Hermias
979 2960 1139 2996 Zozome-

261 3022 344 3046 nus:
370 3014 503 3050 simeon,
526 3011 591 3043 cum
610 3011 733 3051 sapores
774 3022 838 3047 eum
862 3034 873 3052 ‚
909 3020 942 3044 ut
963 3011 1084 3045 daretur
1105 3018 1140 3044 in

261 3061 445 3105 quaestionem
458 3084 468 3100 ‚
493 3066 654 3093 intromitti
668 3060 784 3103 juffiffet
804 3086 816 3103 ‚
853 3072 942 3104 neque
962 3066 1076 3095 veritus
1101 3061 1140 3102 est

263 3112 448 3157 quidquam,
475 3120 565 3152 neque
590 3113 698 3153 Regem
708 3111 847 3145 adoravit
864 3137 871 3144 .
896 3113 1140 3155 ,Quaregraviter

263 3170 419 3196 commotus
446 3164 513 3192 Rex
532 3157 695 3202 sciscitatur
719 3161 795 3202 quid
813 3160 850 3203 fit
875 3159 991 3204 fauste,
1016 3163 1140 3202 curjam

262 3211 361 3254 ipsum
386 3217 557 3252 neutiquam
577 3210 700 3250 adoret,
726 3211 789 3243 cum
809 3210 1059 3254 anteidfeciffit?
1082 3214 1141 3245 Cui

263 3264 380 3296 simeon
405 3274 416 3295 .·
451 3265 526 3295 Non
560 3268 631 3294 ante
668 3260 809 3296 deduiius
844 3273 927 3297 eram
962 3263 1006 3295 ad
1038 3272 1141 3295 verum

264 3314 361 3345 Deum
381 3311 564 3353 perdendum
587 3334 598 3351 ,
635 3311 668 3343 <a
702 3317 857 3352 propterea
893 3324 950 3347 non
975 3310 1141 3355 recusabam

265 3361 377 3395 debitos
399 3360 517 3395 bonores
543 3363 617 3403 Regi
638 3358 799 3402 praestare.
827 3365 865 3394 At
880 3364 950 3403 jam
960 3365 1038 3396 idem
1048 3360 1141 3406 ipsum

261 3408 361 3452 facere
376 3411 437 3454 fas
474 3422 532 3446 non
555 3410 592 3451 est
612 3434 620 3444 .
656 3413 742 3444 Nam
760 3411 830 3452 jam
860 3418 916 3454 pro
945 3419 1082 3456 pietate,
1109 3414 1141 3446 (a
1197 3421 1294 3456 genua
1318 3412 1381 3452 ejus
1407 3410 1621 3455 deosculantes.
1647 3412 1808 3457 Principis
1828 3411 2078 3448 enimadoratio
2095 3417 2225 3447 Anus.

1182 272 1303 306 tumvis
1325 272 1452 316 Pagani
1472 295 1484 317 ‚
1521 271 1610 319 pedis
1627 272 1778 305 osculum
1797 274 1859 311 esse
1881 272 2064 307 indifferen-

1166 330 1247 370 ltem
1271 321 1431 356 honorem
1449 320 1604 364 judicavit
1629 322 1764 361 Simeon
1786 346 1794 360 ‚
1822 321 1948 357 Verum
1972 321 2065 364 quod

1167 371 1314 423 hMartyr
1334 381 1411 411 cum
1434 370 1601 415 Tyranno
1615 395 1626 415 ,
1656 384 1722 405 non
1743 372 1792 406 uti
1814 383 1891 408 cum
1904 373 1997 417 Rege
2007 381 2065 407 aut

1167 421 1297 464 *Iudice
1312 422 1394 462 suo,
1420 420 1474 459 sed
1495 419 1544 453 uti
1566 432 1641 454 cum
1664 422 1729 460 Dei
1749 422 1798 462 sui
1812 422 1904 461 hoste
1915 433 1994 461 tunc
2004 430 2064 457 tra-

1168 468 1301 512 ³Ciaret‚
1325 471 1452 511 censuit
1476 480 1543 503 non
1567 471 1678 511 posse,
1703 482 1759 505 aut
1769 472 1855 506 certe
1867 484 1934 509 non
1947 473 2066 511 debere

1186 520 1345 564 impendi.
1364 521 1474 560 Etiam
1484 518 1525 563 de
1535 518 1671 563 Dargan
1685 520 1830 564 AEgypti
1841 523 1987 561 Soldano
1996 522 2070 559 scri-

1185 571 1234 612 bit
1257 572 1290 605 in
1305 571 1391 606 Sacri
1413 569 1497 609 Belli
1522 567 1657 603 historia
1674 569 1874 603 Guilielmus
1894 572 1982 614 Tyri
2007 570 2070 609 At-

1186 621 1436 665 chiepiscopus:
1464 620 1608 658 soldanus
1632 621 1670 653 de
1698 631 1775 653 more
1797 618 1964 663 consuetam
1985 621 2072 665 Cal,-

1181 671 1254 715 pbae
1276 670 1421 710 exbibens
1443 675 1661 709 reverentiam,
1682 669 1776 711 semel
1794 672 1829 704 ὑ·
1843 668 1971 714 secundo
1985 670 2068 704 humi

1182 718 1344 765 prostratus
1364 721 1514 764 quoddam
1533 721 1719 758 adorationis
1737 732 1830 763 genus
1842 726 1928 762 coepit
1938 718 2070 764 supplex

1187 772 1354 813 impendere
1374 795 1382 803 .
1420 772 1521 803 Tertia
1541 770 1648 802 iterum
1665 769 1829 811 prostratus
1863 771 1908 808 ad
1930 778 2069 811 terram,

1182 823 1322 864 gladium
1340 822 1378 854 de
1400 821 1468 859 cello
1489 818 1639 862 deposuit.
1669 822 1751 856 Tunc
1773 820 1913 857 accedens
1938 831 2003 853 cum
2012 831 2073 853 om-

1185 867 1220 905 xni
1247 876 1417 906 reverentia
1436 895 1447 911 ,
1479 869 1612 914 sedentis
1627 869 1760 911 pedibus
1779 867 1902 912 osculum
1925 868 2073 902 humiliter

1189 922 1342 964 impr-effic.
1372 919 1534 958 Soldanus
1554 919 1600 959 est
1621 919 1710 953 idem
1730 919 1816 963 quod
1833 919 1940 963 Regni
1955 918 2075 952 Procu-

1190 982 1276 1005 rator
1289 995 1297 1004 .
1323 973 1377 1006 De
1390 970 1558 1016 AEgyptio
1569 980 1679 1009 autem
1693 993 1704 1014 ‚
1731 971 1784 1004 seu
1799 969 1906 1012 potius
1920 968 2013 1002 Persa
2025 969 2078 1002 Sa·

1191 1074 1344 1118 Princeps
1375 1073 1539 1114 AEgrptius
1571 1072 1656 1112 apud
1667 1068 1737 1113 suos
1768 1070 1881 1107 duobus
1906 1070 2078 1111 appellatur

1195 1121 1363 1155 nominibus
1389 1146 1396 1158 ,
1425 1123 1541 1155 Dicitur
1565 1126 1644 1158 enim
1667 1120 1799 1162 Calypba
1812 1143 1823 1161 ‚
1859 1121 1939 1162 quod
1954 1119 1989 1158 est
2006 1116 2073 1162 suc·

1193 1172 1277 1215 ceffor
1299 1172 1351 1204 vel
1372 1170 1470 1204 haeres
1483 1194 1490 1202 .
1518 1172 1565 1202 Eo
1585 1171 1666 1212 quod
1684 1172 1797 1202 Summi
1811 1181 1908 1203 eorum
1921 1168 2080 1211 Propheta

1197 1221 1348 1257 Mahomet
1367 1227 1461 1255 vicem
1483 1218 1713 1263 &succeffionem
1727 1221 1796 1259 iare
1823 1218 2011 1252 baerednario
2036 1226 2079 1251 re-

1196 1327 1301 1355 minus
1322 1321 1430 1361 noster.
1460 1320 1503 1354 Et
1517 1321 1552 1354 in
1564 1319 1630 1354 alio
1643 1319 1720 1356 loco
1734 1332 1752 1352 ε’
1769 1318 1932 1360 calypbam
1941 1321 2083 1363 AEgyptii

1192 1381 1250 1415 pro
1268 1373 1390 1409 Summo
1411 1374 1546 1409 Numine
1566 1371 1656 1403 colere
1660 1367 1800 1411 solent&
1813 1375 1971 1402 venerari.
2003 1368 2084 1402 Erat

1196 1416 1279 1466 'ergo
1304 1431 1374 1455 non
1400 1420 1530 1455 tantum
1558 1419 1704 1464 AEgypti
1730 1419 1765 1456 ὃς
1791 1416 1972 1452 vicinarum
1985 1418 2084 1452 ditio-

1198 1482 1279 1506 num
1293 1468 1396 1515 Rex,
1423 1469 1521 1505 sed&
1543 1470 1644 1508 totius
1668 1468 1827 1512 Agarenae
1847 1467 2084 1511 superstitionis

1197 1523 1373 1562 Supte-mus
1396 1517 1566 1557 Antistes,
1593 1519 1629 1550 in
1651 1528 1751 1559 quem
1776 1518 1914 1558 proinde
1926 1517 2085 1559 impostor

1196 1566 1370 1600 Mahomet
1392 1566 1584 1608 transcripsit
1607 1566 1711 1598 variar
1730 1565 1859 1599 Summi
1882 1566 1982 1600 nostri
1997 1566 2089 1600 Pon-

1197 1617 1295 1651 tificis
1317 1615 1496 1660 dignitates
1515 1615 1548 1649 δε
1567 1613 1656 1657 jura.
1685 1614 1737 1649 Ex
1761 1614 1812 1649 his
1823 1614 1956 1657 quidam
1970 1615 2089 1650 volunt

1197 1666 1290 1701 fuisse
1315 1665 1405 1709 pedis
1415 1665 1562 1700 osculum
1575 1689 1587 1705 ‚
1614 1666 1752 1709 ideoque
1775 1665 1882 1709 ipsum
1894 1678 1962 1700 non
1975 1678 2010 1700 ut
2026 1667 2090 1700 Rea

1197 1717 1256 1761 gi,
1282 1716 1336 1750 sed
1364 1725 1400 1749 ut
1420 1716 1651 1760 sacrilegorum
1663 1717 1835 1755 Sacrorum
1850 1716 2000 1750 Praefesto
2014 1715 2089 1750 fuis-

1199 1768 1230 1806 se
1256 1765 1456 1809 impensum.
1483 1765 1660 1814 Qidquid
1691 1766 1752 1807 fit,
1778 1764 1916 1800 honoris
1939 1765 2023 1811 istud
2035 1773 2090 1811 ge-

1200 1828 1261 1850 nus
1283 1816 1302 1849 a
1327 1815 1426 1854 Perfis
1447 1815 1630 1850 traductum
1652 1815 1698 1849 est
1718 1816 1760 1850 ad
1786 1815 1960 1851 Romanos
1978 1841 1984 1848 .
2027 1818 2098 1865 Aa.p

1199 1867 1297 1901 etiam
1319 1865 1406 1910 apud
1432 1865 1581 1908 Assyrios
1603 1866 1766 1910 viguerit,
1794 1866 1915 1911 ignoro
1932 1892 1940 1900 .
2083 1869 2092 1877 ⁴

1250 1917 1322 1950 Nec
1347 1916 1452 1958 ipsum
1476 1916 1538 1949 soli
1569 1916 1715 1950 Romani
1735 1915 1905 1959 Gentiles,
1934 1916 2005 1951 imo
2025 1927 2089 1951 nee

1200 1966 1261 2000 soli
1283 1963 1462 2000 Christiani
1485 1966 1675 2000 Graecorum
1697 1966 1840 2012 Augusti
1861 1992 1873 2008 ,
1912 1968 1966 2002 sed
1988 1968 2092 2002 etiam

1200 2016 1337 2055 Latini,
1363 2016 1480 2050 Franci
1504 2017 1538 2050 δε
1561 2016 1927 2061 Germaniexegerunt.
1955 2017 2092 2051 Etenim

1200 2066 1241 2100 de
1259 2065 1408 2100 Rollone
1430 2065 1720 2104 Nortmannorum
1752 2067 1906 2111 Principe
1929 2090 1939 2106 ,
1975 2067 2094 2102 Galliae

1201 2161 1308 2200 scribit
1330 2161 1528 2195 Guilielmus
1547 2162 1862 2198 Malmesberienfis:
1891 2167 1948 2199 Ubi
1972 2167 2097 2208 confide·

1200 2217 1266 2245 rari
1282 2216 1378 2254 potuit
1399 2216 1532 2254 ingenita
1556 2213 1592 2250 ὀ·
1613 2211 1746 2253 effroenis
1770 2219 1834 2247 vtri
1852 2213 2022 2249 barbaries.
2050 2219 2096 2250 st·

1201 2263 1322 2305 quidem
1337 2272 1402 2294 cum
1425 2261 1499 2292 dono
1519 2261 1637 2303 concesJb
1659 2262 1811 2302 adstantes
1828 2262 2036 2307 suggererent,
2059 2274 2094 2299 ut

1198 2312 1303 2355 pedem
1313 2311 1469 2355 largitoris
1480 2308 1656 2352 ostularetur
1667 2336 1678 2353 ,
1704 2314 1887 2359 dedignatus
1894 2315 2021 2358 genibus
2037 2318 2093 2350 ad-

1201 2362 1307 2401 volvi,
1332 2359 1549 2403 apprehensum
1572 2364 1663 2406 Regis
1680 2364 1788 2404 pedem
1808 2364 1854 2396 ad
1871 2375 1901 2396 os
1915 2362 2092 2406 suumstans

1201 2416 1354 2444 attraxit.
1381 2411 1434 2443 Illo
1455 2409 1625 2453 resupinato
1641 2436 1652 2452 ,
1674 2410 1794 2455 secutus
1822 2412 1901 2456 risus
1923 2418 2090 2449 Nortman·

1203 2473 1305 2494 norum
1330 2486 1336 2493 .
1366 2463 1498 2494 Francis
1522 2460 1803 2503 reprehendentibus
1821 2463 1942 2505 fabium
1961 2487 1972 2504 ,
2008 2467 2091 2499 Rollo

1202 2509 1322 2554 excusat
1344 2511 1560 2552 impudentiam
1572 2536 1583 2552 ,
1608 2512 1742 2556 allegans
1766 2517 1937 2551 Provinciae
1951 2513 2019 2557 suae
2032 2527 2092 2548 mo·

1202 2573 1264 2595 rem
1286 2586 1293 2593 .
1332 2559 1406 2595 Nec
1430 2561 1569 2596 Carolus
1595 2562 1740 2607 Magnus
1762 2588 1773 2605 ,
1809 2575 1870 2599 nec
1898 2564 2090 2599 Ludovicus

1203 2612 1282 2646 Pius
1304 2610 1459 2654 leguntur
1475 2612 1619 2656 exegisse
1643 2612 1728 2647 istud
1750 2615 1938 2650 reverentia:
1960 2626 2090 2660 genus.-

1203 2660 1304 2707 Qod
1328 2660 1432 2697 Greci
1455 2659 1589 2705 Imperii
1612 2663 1730 2701 fastum
1754 2665 1875 2707 primus
1899 2665 1939 2698 ad
1953 2676 2015 2698 nos
2025 2675 2087 2699 tra-

1204 2710 1334 2746 duxerit
1354 2710 1494 2750 Carolus
1506 2711 1628 2747 Calvus
1640 2736 1651 2752 ,
1677 2723 1794 2751 notant
1804 2715 1930 2757 antiqui
1943 2714 2088 2750 Franco-

1203 2772 1274 2796 rum
1284 2760 1460 2804 Scriptores
1473 2784 1481 2792 .
1510 2761 1620 2796 Etiam
1631 2761 1672 2796 de
1695 2762 1873 2803 Ludovico
1885 2761 2002 2810 quarto
2023 2765 2088 2799 Im-

1203 2821 1347 2855 peratore
1358 2835 1368 2852 ,
1380 2812 1415 2845 ἀ
1427 2810 1581 2849 Eduardo
1595 2813 1692 2846 tertio
1703 2812 1893 2858 Anglorum
1907 2814 2002 2859 Rege
2014 2814 2088 2849 scri·

1199 2923 1264 2945 cum
1284 2918 1415 2946 maximo
1435 2920 1587 2954 apparatu
1605 2913 1640 2946 <9
1658 2914 1753 2957 gloria
1769 2912 1801 2956 se
1822 2919 1949 2948 invicem
1970 2910 2089 2957 Jblutae‘

1200 2969 1286 2996 runt.
1319 2963 1455 3005 Quidam
1475 2972 1574 2997 autem
1590 2960 1724 3005 scribunt
1736 2987 1747 3004 ‚
1773 2966 1854 3006 quod
1870 2967 2018 2998 Bavarus
2042 2967 2086 2998 in·

1199 3012 1287 3056 digne
1305 3011 1452 3052 ferebat,
1491 3014 1573 3056 quod
1594 3016 1661 3046 Rex
1682 3015 1795 3056 Angliae
1820 3024 1878 3046 non
1898 3012 1931 3057 J}
1949 3012 2084 3057 submiſse

1200 3063 1243 3094 ad
1276 3059 1370 3104 oscula
1389 3062 1502 3105 pedum
1521 3061 1640 3105 suorum
1665 3087 1673 3094 .
1712 3065 1770 3095 Cui
1793 3061 1957 3106 responsum
1987 3064 2056 3105 fuir
2071 3088 2088 3105 ,

1200 3112 1276 3154 quod
1285 3114 1352 3144 Rex
1366 3114 1480 3156 Angliae
1492 3114 1558 3146 Rex
1570 3121 1635 3146 erat
1648 3112 1784 3146 inunc‘ius
1796 3137 1806 3154 ‚
1833 3115 1868 3148 <5
1879 3113 1966 3146 habet
1981 3121 2084 3147 vitam

1199 3162 1233 3195 (Β
1245 3160 1375 3198 membra
1386 3162 1566 3204 inpotestate
1586 3160 1661 3204 sua,
1688 3163 1723 3197 ὰ
1744 3164 1849 3197 idcirco
1868 3175 1926 3197 non
1945 3162 2031 3196 debet
2047 3161 2082 3206 se

1195 3209 1353 3254 submitere
1375 3218 1494 3249 tantum
1514 3237 1525 3257 ‚
1555 3209 1627 3258 ficut
1654 3215 1721 3250 Rex
1740 3213 1818 3249 alius
1838 3225 1897 3247 non
1923 3211 2078 3245 inunc‘ius.

1202 3261 1245 3294 Et
1265 3258 1305 3295 de
1321 3259 1451 3301 advecto
1463 3263 1496 3296 in
1509 3272 1627 3300 terram
1636 3263 1776 3301 sanciam
1788 3262 1958 3300 Fredetico
1970 3263 2080 3297 secun-

1201 3311 1245 3344 do
1267 3310 1463 3352 imperatore
1488 3310 1665 3355 Matthaeus
1690 3311 1888 3347 Parifienfis:
1915 3313 2078 3353 Templarti

1203 3362 1235 3395 Θ
1259 3358 1452 3403 Hospitalarii
1467 3361 1557 3403 flexis
1586 3363 1713 3408 genibus
1750 3364 1952 3397 adoraverunt
1988 3372 2078 3401 eum,

1937 3459 2028 3503 juxta

2087 547 2144 579 Lib.
2157 556 2204 581 1⁹·

2085 598 2148 627 cap.
2177 591 2221 617 18.

1193 1031 1382 1055 racenorum
1404 1020 1554 1064 Calypha
1577 1021 1682 1065 pergit
1693 1019 1844 1054 laudatus
1857 1018 2056 1053 Guilielmus
2070 1029 2078 1051 :
2093 1020 2164 1060 Cap.
2183 1029 2227 1056 ¹9·

1203 1282 1289 1305 neat.
1318 1274 1436 1304 Dicitur
1449 1272 1485 1305 Θ
1508 1270 1647 1304 Malene:
1674 1271 1766 1313 ,Quod
1784 1273 2000 1310 interpretatur
2023 1270 2083 1300 Do·
2102 1284 2159 1320 Lib·
2186 1287 2226 1316 ¹3·

1202 2124 1325 2156 partem
1345 2115 1526 2155 accipiente
1555 2116 1573 2147 ὲ
1596 2117 1719 2150 Carolo
1743 2118 1850 2151 Calvo
1871 2117 2095 2160 Imperatore,
2113 2129 2177 2163 μοι,
2205 2141 2251 2168 47·

1202 2861 1251 2896 bit
1273 2859 1424 2896 Thomas
1447 2860 1772 2907 Walfinghamenfis:
1793 2867 1903 2909 Juxta
1922 2866 2076 2898 Coloniam
2106 2854 2142 2887 Α·
2158 2857 2239 2890 1338-
