2366 3756
77 773 114 802 A.
137 777 219 808 1135.

82 821 93 840 Ι
104 820 167 845 171·

77 853 167 886 ‚1185-

629 179 1167 223 CoNelLluM
1237 175 1709 228 ROMAJNUM.

445 270 940 315 SCHOLION.

366 412 524 462 Egnlares
532 426 609 452 cum
619 413 792 451 communi
803 411 1014 447 Dormitorio
1025 437 1036 453 ‚
1057 422 1146 445 mene

390 470 423 502 sa
441 492 453 508 ‚
481 468 516 501 &
535 463 686 501 claustro
708 464 859 498 clericos
879 462 1016 507 quidam
1037 461 1147 495 existi-

1961 180 2025 233 89

1212 261 1314 309 Qod
1334 264 1557 307 fragmentum
1577 261 1725 300 laudatus
1737 263 1843 310 Hugo
1866 265 1983 301 merito
1994 264 2094 302 habet

1213 313 1390 356 suspectum
1403 338 1413 353 ,
1438 313 1570 349 interim
1582 325 1622 351 ex
1636 315 1771 357 Nicolai
1786 316 1963 350 Cunuzatii
1974 339 1986 356 ,
2010 317 2094 351 Tre-

1211 363 1312 396 cenfis
1335 363 1497 396 Canonici
1511 387 1522 405 ‚
1548 363 1614 400 alio
1639 366 1815 408 exemplari
1838 377 1936 410 atque
1958 368 2096 401 austori-

1211 421 1277 446 tate
1288 413 1396 451 censet
1412 411 1598 456 legitimum
1610 422 1709 456 atque
1720 415 1966 455 authenticum.
1991 415 2095 464 Qod
2113 423 2180 459 La.
2201 430 2226 452 c.
2245 433 2270 450 2.

1211 462 1314 504 ipsum
1338 463 1372 496 in
1384 472 1482 506 opere
1504 461 1545 495 de
1557 462 1715 504 Baptismi
1737 465 1854 500 ritibus
1875 467 2035 508 affirmat³
2059 468 2095 501 &

258 529 356 553 mant
379 518 414 552 in
426 519 558 559 Europa
580 516 643 550 effe
662 514 748 549 adeo
772 515 949 558 antiquos,
977 512 1115 556 utipsos
1129 511 1147 544 a
1190 491 1196 551 l
1209 511 1288 546 alibi
1313 511 1409 546 latius
1432 510 1655 547 demonstrare
1669 512 1805 555 spondet
1828 514 1982 559 Josephus
1997 517 2095 551 Vice-

260 570 380 604 Sanno
395 565 533 604 Patritio
556 566 723 609 Episcopo
745 565 881 599 credant
902 575 943 598 ex
970 562 1146 600 Gallicana
1208 572 1320 595 comes
1333 587 1343 602 ,
1370 562 1481 596 dicens
1494 572 1708 596 communem
1723 562 1872 596 Ecclefiae
1885 567 2096 602 substantiam

260 619 407 654 Ecclesia
417 616 512 650 fuisse
534 616 569 648 in
579 615 777 649 Hiberniam
801 615 967 652 traductos
981 638 988 646 .
1017 613 1144 647 Verum
1208 613 1336 658 coepisse
1357 612 1392 651 in
1411 611 1604 647 Praebendas
1614 611 1718 647 dividi
1729 624 1784 657 per
1795 612 1994 664 Gregorium
2008 629 2098 665 quat-

258 669 294 703 id
317 678 387 703 non
409 667 560 701 &saneto
581 665 722 700 Patritio
745 666 914 709 Episcopo
935 674 1034 708 atque
1054 662 1146 702 istius
1209 672 1280 701 turn
1294 687 1302 697 .

256 718 373 763 gentis
393 716 560 761 Apostolo
574 740 585 757 ,
611 715 693 750 seda
717 715 835 750 Sancto
848 715 987 750 Patritio
1000 713 1144 749 secundo
1188 725 1194 751 ι
1259 710 1493 748 Nihilominus
1515 712 1700 751 constanter
1711 716 1851 749 assevero
1874 714 2098 761 fragmentum

255 767 464 806 Benedistini
477 764 614 805 Ordinis
625 765 758 800 Abbate
772 789 784 807 ‚
810 767 868 808 qui
878 765 920 800 ad
942 764 1023 798 noni
1039 763 1143 798 saeculi

255 818 403 855 medium
413 817 526 851 floruit
537 841 547 856 ,
572 817 609 851 δε
618 815 811 851 admirabile
821 826 920 861 atque
943 813 1144 849 horrendum

254 867 489 912 Purgatorium
517 865 641 901 ibidem
667 866 812 901 instituit
847 875 904 901 aut
928 864 1144 903 monstravit,

251 918 349 955 suiffe
359 918 477 951 factum
487 941 499 958 ,
525 917 711 951 constanter
720 917 859 952 affirmat
871 918 1015 961 Joannes
1027 915 1143 949 Brom-

252 979 378 1013 ptonus
399 966 514 1001 Abbas
533 966 748 1013 Jornalenfis.
777 967 846 1003 Uti
869 968 906 1001 in
921 966 1034 1000 Gallia
1057 965 1141 999 duos

188 1037 193 1042 ·
251 1019 460 1062 Dimyfios,
487 1017 534 1051 ita
546 1018 580 1052 in
594 1015 759 1052 Hibernia
783 1017 868 1057 duos
881 1016 1037 1054 Pattitios
1051 1027 1140 1050 com-

77 1963 149 1991 Part.
157 1969 183 1997 7.
201 1969 231 1994 c.

250 1070 367 1104 munis
401 1079 491 1103 error
511 1067 669 1103 conflavit
693 1069 727 1101 in
751 1078 873 1101 unum.
899 1066 1139 1102 Sanssiffimum

254 1119 341 1154 istud
361 1118 433 1153 vitae
455 1129 559 1166 genus
578 1118 620 1153 ad
644 1118 841 1152 Clericalem
869 1116 1013 1163 vagandi
1040 1117 1140 1150 licen-

251 1170 336 1207 tiam
357 1194 368 1210 ‚
394 1179 573 1213 natamque
591 1168 669 1202 inde
697 1169 980 1202 incontinentiam
1007 1167 1140 1200 fraenan-

250 1219 333 1254 dam
355 1220 479 1262 primus
505 1219 712 1264 excogitavit
736 1219 870 1253 Sanc'tus
907 1215 1108 1262 Rigobertus
1129 1240 1139 1255 ‚

252 1280 299 1303 ex
319 1269 428 1303 Sansti
451 1270 531 1302 item
552 1268 717 1303 Benedirfti
737 1269 868 1304 Ordine
892 1268 1063 1303 Remenfis
1078 1267 1140 1300 Ar-

252 1316 502 1363 chiepiscop1133
533 1320 668 1353 Sanstus
690 1330 800 1354 autem
827 1318 996 1353 Ledradus
1006 1317 1140 1362 Lugdu·

254 1371 383 1410 nensts,
411 1370 656 1413 crodogangus
669 1369 825 1402 Metenfis
836 1392 846 1408 ‚
874 1369 909 1401 &
921 1368 976 1400 alii
990 1368 1023 1400 id
1036 1378 1140 1410 genus

253 1418 432 1454 Antistites
449 1443 460 1459 ‚
490 1430 622 1452 necnon
650 1418 683 1451 ἀ
706 1418 846 1451 Carolus
867 1417 1013 1461 Magnus
1034 1417 1139 1458 Impe-

253 1480 342 1503 rator
352 1494 364 1510 ,
387 1469 521 1510 ejusque
531 1468 617 1500 filius
635 1467 669 1499 &
681 1468 847 1500 Successor
857 1466 1048 1499 Ludovicus
1060 1466 1140 1499 Pius

251 1516 423 1560 insigniter
446 1523 681 1557 promoverunt
703 1538 712 1544 .
748 1517 894 1547 omnem
918 1514 980 1545 suae
1003 1513 1137 1545 Monar-

250 1564 336 1600 chiae
352 1564 488 1599 elerum
506 1563 548 1598 ad
569 1563 664 1599 istam
678 1562 928 1596 sanctimoniam
950 1561 1063 1604 coegit
1075 1561 1139 1595 Ca-

250 1616 361 1656 rolus,
392 1614 467 1658 ipfis
487 1613 653 1657 Regulam
675 1612 716 1646 ab
730 1611 985 1655 Aquisgranenfi
997 1610 1137 1653 Synodo

249 1663 412 1701 conscribi
436 1664 563 1699 curavit
590 1662 801 1697 Ludovicus.
830 1662 874 1696 Et
895 1661 999 1695 hocce
1009 1660 1138 1695 Institu-

248 1725 322 1751 turn
336 1715 493 1750 Patritius
504 1713 616 1748 Abbas
629 1713 776 1748 traduxit
801 1713 843 1746 ad
854 1711 1045 1747 Hibernos.
1076 1711 1139 1745 Ca-

250 1766 316 1801 toli
338 1765 537 1800 Mandatum
559 1788 569 1803 ,
594 1765 671 1808 quia
709 1763 892 1798 universale
925 1773 995 1796 erat
1026 1762 1061 1795 &
1082 1762 1142 1795 du·

249 1828 324 1851 rum
337 1841 347 1857 ,
374 1816 515 1858 ideoque
524 1815 715 1860 mitigatum
726 1814 821 1848 fuisse
831 1814 849 1849 a
861 1812 1061 1857 quibusdam
1073 1811 1139 1845 exi-

248 1867 401 1901 stimatur
411 1878 466 1909 per
479 1866 678 1909 Gregorium
690 1875 842 1909 quartum
856 1888 867 1905 ‚
894 1863 934 1898 de
946 1873 1014 1906 quo
1029 1857 1138 1895 sc'ribit

247 1917 425 1960 antiquum
437 1941 447 1956 ,
473 1927 514 1949 ex
525 1917 632 1950 Sancti
646 1915 733 1948 Petri
746 1915 811 1949 vivi
822 1914 999 1949 Senonenfi
1013 1911 1138 1947 Biblio-

247 1966 347 2002 theca
359 1966 522 2010 prolatum
536 1977 590 2007 per
600 1965 785 2010 Hugonem
795 1963 965 1999 Mathoud
976 1965 1013 1997 in
1035 1963 1138 1997 Notis

248 2017 291 2052 ad
312 2017 499 2051 Robertum
527 2015 739 2050 cardinalem
765 2015 899 2049 Pullum
921 2039 932 2054 ,
959 2011 1137 2057 Aquisgra-

249 2068 357 2102 nenfis
377 2067 436 2101 sub
458 2065 592 2100 laudato
615 2065 793 2101 Ludovico
818 2064 947 2109 Synodi
974 2066 1137 2111 fragmen-

249 2129 342 2152 tum:
370 2122 460 2150 Circa
479 2116 543 2150 haec
560 2125 713 2159 tempora,
737 2123 864 2157 tempore
887 2116 1034 2148 Ludovicl
1057 2116 1109 2146 -Pn
1125 2137 1137 2152 ,

250 2169 288 2201 de
297 2172 393 2200 Roma
403 2169 449 2199 ad
465 2168 617 2199 Palatium
629 2163 724 2208 Aquis
714 2163 861 2207 granense
874 2169 960 2195 venit
973 2167 1134 2204 Gregorius

250 2224 377 2258 quartus
398 2239 410 2255 ‚
436 2215 624 2246 demandans
650 2214 814 2245 eonczltum
839 2213 876 2244 de
893 2210 963 2252 sert?
1000 2210 1135 2243 omnibus

252 2266 400 2298 Praelatis
419 2263 627 2298 Orientalibus
654 2265 689 2296 Θ
708 2262 845 2294 οηιηίὂιω·
868 2259 1109 2294 occidentalibus
1129 2284 1136 2291 .

250 2315 308 2347 Ubi
316 2316 440 2346 statuta
457 2314 551 2354 qun'zm
559 2314 695 2352 plurima
703 2313 793 2343 utilta
812 2310 987 2343 Gallicanls
999 2307 1134 2349 Ecclefiis

245 2364 413 2405 statuerunt
435 2387 446 2403 ‚
466 2357 676 2403 >confirmante
726 2359 866 2402 Pontifices·
916 2363 1133 2392 Romanorum.

249 2416 426 2447 statuerunt
441 2421 500 2454 pro
519 2416 701 2451 Canonicis,
727 2416 778 2453 qui
802 2419 873 2443 tunc
889 2409 946 2453 sub
965 2407 1134 2451 Praepositis

251 2464 423 2503 vivebant,
447 2466 519 2504 quia
547 2458 699 2503 Praepofiti
717 2461 893 2502 temporalia
919 2461 998 2493 male³
1024 2459 1135 2493 tracta-

250 2514 349 2554 bant,
374 2510 570 2547 &nobiliores
585 2509 781 2558 fortioresque
802 2513 946 2544 canonici
966 2510 1134 2552 paffefflones

247 2558 435 2606 usurpabant
457 2586 469 2602 ,
496 2570 531 2598 ut
549 2561 673 2604 quilibet
693 2566 861 2596 Canonicus
885 2584 896 2598 ,
928 2559 1066 2604 personis
1092 2560 1137 2593 ad

249 2622 361 2647 certum
369 2622 519 2647 numerum
529 2612 660 2646 redactis
671 2636 682 2652 ‚
705 2609 730 2654 s
725 2622 792 2644 uum
806 2613 969 2654 temporale
976 2615 1134 2652 proprium

246 2664 398 2705 poffideret
408 2688 418 2704 ,
445 2664 523 2697 &ut
540 2663 582 2707 lde·
598 2667 742 2696 communi
754 2664 886 2699 Camera
908 2660 1027 2694 cuilibet
1038 2659 1134 2700 distri-

249 2713 406 2753 bueretur‚
427 2720 518 2755 prout
537 2718 571 2747 in
588 2712 686 2749 Chora
705 2716 833 2747 Divinis
854 2713 951 2754 officiis
976 2710 1110 2753 refideret
1122 2735 1129 2742 .

1188 751 1294 819 {istud
1315 765 1378 799 effe
1399 763 1612 799 stramineum
1634 775 1672 798 ac
1694 764 1949 807 supposititium.
1980 767 2018 801 ln
2033 779 2098 811 qua

1208 815 1299 848 enim
1322 812 1577 859 Aquisgranenfi
1600 822 1678 847 tunc
1702 813 1841 857 Synodo
1865 827 1981 851 omnes
1999 818 2100 853 Occi-

1208 863 1375 904 dentales‚
1400 866 1559 899 &omnes
1579 864 1642 899 fere
1668 865 1857 902 Orientales
1869 865 2025 909 Episcopi
2043 867 2100 902 ad-

1210 915 1367 949 fuerunt?
1395 915 1462 951 Sub
1485 915 1663 950 Ludovico
1677 914 1740 954 Pio
1754 916 1856 959 prima
1878 916 1912 950 δε
1924 916 2026 959 major
2040 917 2099 958 Sy-

1209 965 1318 999 nodus
1341 976 1410 1000 non
1435 965 1540 1000 solum
1555 965 1694 999 Clericis
1718 976 1796 1000 tunc
1809 967 1843 999 in
1867 967 2041 1000 communi
2054 967 2099 1000 vi-

1210 1015 1362 1049 ventibus
1373 1016 1555 1059 praescripfit
1571 1016 1735 1060 Regulam
1749 1041 1760 1057 ‚
1772 1015 1824 1050 sed
1839 1017 1968 1061 insuper
1980 1027 2098 1051 omnes

1208 1065 1356 1100 absentes
1385 1066 1566 1109 Episcopos
1582 1064 1622 1099 ad
1646 1066 1783 1101 eandem
1795 1067 2037 1111 recipiendam,
2063 1068 2098 1102 &

1209 1113 1402 1150 exstruenda
1440 1116 1525 1151 intra
1564 1127 1690 1151 annum
1719 1116 1869 1152 Claustra
1906 1116 2099 1163 rigidissime

1209 1164 1336 1211 adegit.
1368 1165 1471 1213 Qod
1484 1165 1657 1208 synodalia
1670 1167 1767 1209 patris
1787 1168 1840 1202 sui
1852 1168 1968 1203 Caroli
1979 1168 2018 1203 de
2032 1166 2098 1202 hoc

1207 1216 1347 1251 articulo
1359 1216 1501 1251 Decreta
1524 1216 1620 1260 plene
1630 1217 1835 1251 confirmarit
1847 1228 1946 1261 atque
1961 1218 2044 1252 inno
2051 1228 2101 1251 va-

1206 1268 1247 1300 rit
1270 1267 1486 1305 Ludovicus‚
1512 1266 1619 1304 lucide
1643 1267 1777 1302 testatur
1802 1265 1997 1305 ,chronicon
2022 1268 2101 1301 Mo-

2117 1189 2155 1217 Λ·
2167 1189 2231 1217 802.

2119 1230 2187 1263 815.

1207 1317 1337 1351 nasterii
1363 1317 1589 1351 Moifiacenfis
1604 1343 1611 1349 .
1641 1317 1742 1361 Apud
1765 1318 1928 1361 Jacobum
1951 1317 2097 1352 Sirmon-

1204 1367 1284 1400 dum
1308 1366 1412 1400 exstat
1434 1366 1560 1400 laudati
1584 1366 1750 1400 Ludovici
1770 1368 1934 1409 epistola,
1965 1379 2029 1410 qua
2052 1367 2100 1401 Si-

1203 1414 1316 1453 chario
1342 1415 1568 1459 Burdigalenfi
1594 1414 1878 1459 Archiepiscopo‚
1904 1416 1973 1460 ejus
1998 1417 2101 1452 Corn-

1205 1464 1480 1507 provincialibus,
1506 1465 1622 1498 &aliis
1656 1467 1782 1498 cunetis
1794 1465 1851 1508 qui
1875 1466 2014 1509 Synodo
2027 1478 2100 1502 non.

1203 1511 1375 1545 adfuerant
1397 1512 1596 1554 Episcopis,
1623 1512 1704 1545 dura
1728 1515 1873 1546 minatur
1889 1538 1900 1554 ‚
1927 1517 1985 1549 nisi
2013 1519 2100 1551 intra.

1202 1571 1327 1595 annum
1339 1570 1470 1604 pareant
1486 1558 1574 1594 hisce
1589 1560 1801 1603 juffionibus.
1829 1563 1953 1598 Similis
1976 1565 2101 1600 ibidem

1201 1610 1304 1644 exstat
1328 1610 1466 1655 epistola
1490 1611 1531 1644 ad
1546 1612 1712 1656 Magnum
1724 1612 1978 1657 Metropolitam
1999 1616 2101 1649 Seno-

1203 1662 1338 1696 nensem
1362 1687 1369 1694 .
1398 1661 1443 1695 Et
1466 1671 1535 1695 non
1560 1661 1618 1699 sub
1644 1662 1810 1707 Gregorio
1833 1688 1843 1703 ,
1870 1664 1924 1697 sed
1948 1664 2005 1698 sub
2031 1667 2101 1700 Ste-

1203 1711 1314 1754 phano
1335 1721 1451 1753 quarto
1476 1711 1588 1746 habita
1615 1713 1677 1746 fuit
1694 1713 1751 1746 ista
1775 1713 1951 1756 Synodus.
1982 1715 2024 1748 Et
2039 1715 2099 1750 sub

1201 1762 1368 1805 Gregorio
1393 1761 1514 1796 habitae
1537 1763 1624 1796 sexta
1649 1762 1834 1797 Parifiensis
1858 1789 1868 1805 ,
1897 1765 1929 1797 &
1956 1765 2099 1800 secunda

1202 1811 1474 1857 Aquisgranenfis
1486 1812 1617 1847 laudata
1628 1811 1693 1854 jam
1707 1815 1847 1847 Decreta
1861 1815 2004 1848 omnino
2019 1828 2102 1850 con-

1202 1863 1354 1896 firmant.
1382 1862 1495 1896 Etiam
1519 1861 1636 1896 harum
1660 1863 1744 1896 nulli
1769 1864 1855 1897 ullus
1880 1864 2039 1898 Pontifex
2052 1867 2099 1900 as-

1199 1912 1303 1949 sedit.
1334 1913 1459 1947 Eadem
1484 1914 1630 1951 Decreta
1650 1914 1861 1948 confirmavit
1885 1914 1943 1948 sub
1969 1914 2097 1950 Carolo

1201 1963 1308 1998 Calvo
1318 1963 1474 2006 Synodus
1496 1962 1770 2008 pontigonenfis.
1804 1964 1846 1998 Et
1860 1962 1940 1999 hinc
1964 1966 2100 2000 Saecula-

1199 2023 1248 2047 res
1271 2014 1326 2047 seu
1339 2014 1517 2059 singulares
1539 2015 1733 2054 Canonicos
1755 2016 1814 2049 suo
1839 2025 1986 2059 tempore
1999 2018 2095 2052 fuisse

1197 2063 1306 2097 adhuc
1329 2064 1480 2099 novellos
1504 2065 1645 2099 affirmat
1663 2077 1731 2100 non
1757 2065 1864 2100 solum
1876 2066 2010 2100 Sanstus
2031 2068 2095 2102 lvo

1198 2113 1408 2147 Carnutensis
1434 2138 1445 2154 ,
1482 2115 1536 2148 sed
1562 2115 1664 2149 etiam
1692 2115 1880 2159 Stephanus
1909 2117 2091 2161 Episcopus

1197 2161 1421 2194 Tornacenfls
1446 2186 1452 2195 ,
1492 2162 1623 2205 Nempe
1650 2165 1722 2206 post
1754 2165 1870 2198 Caroli
1898 2167 1995 2199 Calvi
2019 2191 2030 2207 ,
2056 2168 2092 2201 &

1197 2211 1368 2253 praesertim
1393 2210 1462 2252 eJus
1497 2211 1559 2245 filii
1588 2212 1753 2246 Ludovici
1795 2224 1936 2248 mortem
1982 2215 2091 2252 laxata

1194 2260 1365 2303 disciplina
1394 2284 1405 2300 ‚
1431 2272 1469 2294 ac
1496 2259 1574 2293 inde
1600 2270 1714 2296 natum
1743 2263 1910 2298 sanstioris
1938 2266 1973 2298 in
2001 2267 2093 2300 clau-

1193 2309 1257 2342 stro
1285 2310 1356 2343 vitae
1382 2309 1514 2343 taedium
1538 2309 1624 2353 ipsos
1656 2310 1859 2354 pedetentim
1885 2314 2092 2351 introduxit.

1193 2358 1331 2393 Avitam
1360 2359 1620 2396 sanctimoniam
1648 2362 1684 2396 in
1710 2361 1805 2397 Italia
1844 2375 1990 2409 reparare
2029 2379 2091 2403 coe·

1191 2411 1238 2453 pit
1265 2410 1401 2444 San-stus
1429 2410 1644 2449 Romualdus
1663 2435 1674 2453 ‚
1700 2414 1888 2455 prosecutus
1921 2414 1984 2450 fuit
2012 2417 2086 2452 Leo

1192 2471 1300 2494 nonus
1328 2473 1367 2495 ac
1393 2459 1514 2499 Vistor
1541 2461 1727 2503 secundus,
1755 2464 1881 2500 laudati
1910 2464 1928 2497 a
1961 2467 2090 2512 Grego-

1193 2510 1243 2544 rio
1267 2511 1404 2553 septimo
1425 2511 1460 2546 in
1476 2510 1590 2549 litteris
1613 2512 1655 2547 ad
1670 2514 1826 2549 Lucenfis
1851 2517 2003 2552 Ecclefiae
2014 2517 2090 2552 Cle·

1194 2560 1302 2600 ficos,
1329 2561 1542 2606 &complere
1566 2561 1620 2597 hic
1630 2575 1769 2599 conatur
1790 2566 1951 2601 Nicolaus
1974 2569 2094 2603 secun-

1193 2610 1274 2651 dus,
1303 2612 1406 2646 sciens
1428 2612 1530 2648 etiam
1544 2612 1621 2649 illos
1636 2638 1647 2654 ,
1672 2616 1730 2659 qui
1755 2628 1797 2651 ex
1821 2618 1949 2652 virtutis
1973 2630 2088 2653 amore

1194 2661 1338 2701 nolunt,
1363 2664 1398 2697 in
1411 2662 1566 2699 Claustro
1587 2666 1690 2709 cogi,
1717 2676 1755 2700 ut
1766 2678 1808 2701 ex
1833 2666 1983 2703 humano
1995 2668 2086 2702 Con-

1197 2711 1334 2747 fratrum
1344 2713 1470 2758 pudore
1485 2715 1545 2749 lint
1557 2715 1769 2751 continentes
1791 2716 1915 2751 &casti
1936 2744 1943 2750 .

1044 2869 1413 2878 ————-·————

578 2981 1764 3078 CANONV.

252 3165 541 3306 DEinde
575 3183 625 3219 ut
660 3173 862 3221 Decimae
897 3176 941 3224 &
977 3175 1207 3235 Primitiae,
1242 3170 1313 3223 seu
1348 3173 1619 3224 Oblationes
1654 3175 1857 3225 vivorum
1894 3179 1938 3224 &
1969 3192 2085 3225 mor-

433 3254 607 3311 tuorum
641 3275 654 3298 ,
702 3242 907 3294 Ecclefiis
943 3247 1034 3295 Dei
1067 3245 1257 3295 fideliter
1303 3244 1541 3297 reddantur
1578 3244 1605 3294 a
1640 3248 1790 3295 Laicis
1824 3282 1838 3306 ,
1873 3249 1916 3295 &
1951 3261 2001 3295 ut
2036 3248 2082 3295 in

249 3310 533 3379 dispositione
567 3308 877 3381 Episcoporum
912 3314 996 3366 fint
1019 3353 1033 3365 .
1071 3323 1198 3391 Qas
1233 3317 1312 3383 qui
1348 3319 1606 3367 retinuerint
1629 3353 1643 3378 ,
1678 3315 1705 3366 a
1739 3314 1890 3366 sanaae
1926 3317 2082 3366 Eccle-

253 3380 320 3446 fiae
356 3383 668 3433 communione
704 3381 983 3451 separentur.

301 3542 303 3546 .
354 3520 464 3563 Christ.
473 3525 554 3567 Lupi
563 3526 771 3567 oper-somff-

1590 3526 1629 3560 H
1680 3536 1699 3573 3
1897 3524 2038 3572 senos
