2366 3756
63 1050 94 1077 L.
114 1056 142 1084 3.
158 1056 182 1077 c.
197 1056 225 1081 4.

60 1168 133 1203 Cap.
162 1176 205 1202 13.

64 1486 139 1524 Cap·
158 1495 201 1515 ιο.

65 1876 122 1907 sol.
144 1880 190 1909 28.

648 195 1181 240 CoNciiiUM

246 281 279 317 ὃ(
303 279 573 315 fundamentum.
600 278 703 325 Qiod
729 287 841 311 omnes
867 273 1048 319 generatim
1062 274 1151 334 Hae‘l

244 332 336 365 retici
360 342 457 373 atque
482 328 687 363 schismatici
715 326 829 360 Altare
858 335 973 359 contra
1000 322 1136 364 Altarc,

245 382 277 415 id
302 381 371 422 est,
398 380 570 415 Basilicam
594 387 708 413 contra
722 374 890 411 Basilicam
913 375 1064 420 erigant,
1091 373 1135 408 est

243 432 462 475 antiquiffima
485 442 523 465 ac
547 427 738 464 usitatissima
750 425 869 469 phrasis
881 426 1032 460 omnium
1043 423 1138 459 Chri-

243 482 422 516 stianorum
446 506 454 513 .
496 481 609 525 Quam
641 477 797 512 usitarunt
819 476 853 511 &
874 476 982 510 media
1005 474 1134 509 saecula.

243 531 350 566 Lucet
372 544 414 567 ex
436 529 570 565 Urbani
584 526 715 563 secundi
729 526 940 561 Nemausensi
954 525 1135 560 Concilio:

242 581 376 623 Ecclesiae
412 583 532 624 vulgari
569 577 708 613 vocabulo
746 578 867 609 Altaria
904 584 1113 618 nuncupantur
1126 600 1133 608 .

136 651 142 658 -
185 652 190 658 ·
245 632 354 666 Unici
381 630 507 665 Altaris
532 630 567 663 in
595 627 707 673 quavis
735 626 872 661 Basilica
900 637 1027 660 morem
1041 626 1135 660 fuisse

243 681 483 719 universalem,
508 690 563 713 aut
584 678 667 714 certe
690 676 949 722 vulgatiffimum
978 677 1013 709 in
1041 675 1133 710 omni

244 731 358 765 Africa
371 756 382 772 ‚
410 730 523 765 multis
546 729 751 764 laudatorum
773 727 889 771 Optati
907 727 940 760 ὅ(
954 725 1135 771 Augustini

242 781 440 816 testimoniis
462 780 556 824 poffit
578 777 789 814 demonstrari
805 802 812 809 .
840 776 960 822 Viguit
986 778 1085 810 etiarn
1099 775 1134 808 in

244 832 393 875 Anglja.
421 830 554 864 Etenim
581 830 622 863 de
648 827 849 871 Campidoni
878 838 933 870 per
963 825 1134 860 Eduinum

240 878 467 914 Berniciorum
490 879 620 924 Regem
638 890 677 913 ac
702 878 854 912 Sanctum
882 877 1063 910 Paulinum
1090 877 1136 910 E-

241 930 447 964 boracensem
473 928 768 973 Archiepiscopum
792 927 973 967 aedificata,
1004 938 1042 962 ac
1080 937 1135 970 per

238 979 394 1025 paganos
415 980 525 1014 exusta
547 978 681 1013 Basilica
704 978 814 1012 scribit
828 978 862 1011 in
874 976 1061 1021 Anglorutn
1074 977 1135 1010 Hi-

238 1029 339 1064 storia
355 1028 547 1064 venerabilis
559 1027 648 1062 Beda
663 1041 669 1061 :
697 1030 727 1060 E
731 1027 810 1069 vafit
821 1032 917 1071 ignem
929 1027 1032 1061 Altare
1043 1052 1052 1067 ,
1067 1033 1137 1069 quia

238 1081 391 1122 lapideum
412 1089 479 1114 erat
501 1105 508 1113 .
548 1079 592 1113 Et
613 1078 655 1114 de
678 1078 891 1122 Eorpvvaldo
915 1076 1135 1111 Orientalium

239 1128 432 1174 Anglorum
455 1130 534 1164 semi
559 1128 750 1163 Christiano
775 1128 868 1171 Rege
892 1127 1062 1172 adjungit:
1100 1131 1136 1161 In

236 1181 336 1213 eodem
349 1179 430 1220 fano
453 1182 487 1215 (5
502 1181 606 1214 Altare
618 1178 749 1212 babebat
760 1179 805 1210 ad
808 1177 987 1220 sacrificium
1000 1177 1112 1218 Christi
1129 1201 1138 1217 ‚

239 1231 273 1263 (τ
295 1230 413 1264 arulam
437 1233 482 1264 ad
513 1230 655 1266 viiiimas
681 1233 898 1263 Daemom‘orum
913 1253 920 1261 .
947 1227 1031 1262 Non
1054 1228 1136 1263 dicit

240 1279 387 1319 Altaria,
413 1281 466 1314 sed
490 1280 628 1315 Altare.

289 1330 392 1377 Quod
415 1329 534 1364 Latina
561 1331 639 1363 item
664 1329 806 1363 Ecclesia
820 1329 853 1362 in
871 1328 988 1363 eodem
1002 1328 1111 1363 Altari
1127 1353 1135 1368 ‚

238 1380 380 1422 ideoque
391 1380 425 1414 &
448 1380 482 1414 in
494 1379 608 1414 eadem
622 1379 753 1413 Basilica
765 1379 848 1413 olim
863 1380 1054 1412 sacrificium
1068 1389 1135 1412 non

239 1430 403 1464 iteraverit
435 1454 447 1470 ,
473 1428 608 1472 quidam
632 1427 765 1463 suadent
788 1439 831 1462 ex
859 1428 1018 1463 Concilio
1042 1427 1136 1461 Anti-

236 1479 428 1514 fiodorenfi:
458 1483 531 1512 Non
542 1481 606 1513 licet
618 1477 709 1521 super
725 1490 783 1512 uno
807 1479 921 1511 Altario
945 1486 978 1511 in
1002 1490 1064 1511 una
1089 1479 1138 1510 die

234 1531 313 1562 duas
327 1528 428 1571 Missas
450 1529 562 1568 dicere,
589 1538 640 1560 nec
664 1533 696 1559 in
725 1529 862 1565 Altaria,
892 1527 943 1559 ubi
970 1525 1137 1567 Episcopus

235 1579 339 1622 Miffas
361 1578 495 1617 dixerit,
521 1586 554 1609 ut
575 1576 727 1616 Presbyter
754 1582 786 1610 in
799 1575 853 1609 illa
865 1577 912 1608 die
923 1574 1025 1618 Mtffas
1036 1575 1136 1607 dicat.

233 1627 397 1662 Posterior
413 1627 562 1662 Canonis
584 1638 655 1669 pars
684 1651 696 1667 ,
723 1637 764 1659 ne
798 1624 951 1658 inutilem
974 1622 1138 1666 repetitio—

232 1688 308 1711 nem
321 1677 510 1715 contineat,
535 1676 639 1709 facere
653 1674 750 1716 debet
763 1672 854 1708 hunc
872 1674 998 1707 sensum
1013 1686 1024 1707 .·
1052 1675 1137 1706 Prae·

229 1725 335 1770 sertim
346 1732 378 1759 in
394 1727 492 1760 Altam·
503 1750 514 1766 ,
527 1725 576 1758 ubi
587 1723 754 1768 Episcopus
767 1726 870 1767 Missas
884 1725 997 1756 dixerit
1008 1749 1015 1756 .
1045 1723 1135 1757 Eun-

233 1777 309 1811 dem
326 1777 504 1811 Canonem
528 1776 561 1809 in
585 1774 719 1810 eruditis
744 1774 783 1808 ad
797 1774 988 1808 Graecorum
1003 1772 1136 1807 Eucho·

235 1827 352 1872 logion
377 1825 508 1860 scholiis
532 1826 642 1860 laudat
674 1825 815 1868 Joannes
838 1824 929 1858 Goar
953 1846 964 1862 ,
998 1824 1032 1858 &
1066 1822 1136 1857 sub-

235 1877 356 1910 nectit:
386 1877 471 1909 Addo
484 1887 532 1920 ego
543 1883 606 1908 tum
627 1878 749 1914 Romae,
777 1884 841 1908 tum
864 1879 956 1907 etiam
977 1875 1061 1915 apud
1083 1885 1135 1906 nos

235 1927 281 1960 bic
301 1933 332 1959 in
364 1933 490 1969 antiqua
512 1932 647 1959 Civitate
659 1923 830 1966 Parist'enfi‚
858 1936 926 1967 quae
938 1928 1075 1958 terminis
1088 1927 1133 1956 ln-

230 1976 306 2019 fiilae
327 1981 466 2018 Deiparae
478 1979 611 2019 Virginis
624 1975 774 2008 clauditur
786 2000 796 2016 ‚
823 1984 888 2007 tam
896 1974 1078 2018 frequentes
1093 1971 1136 2016 es-

230 2025 264 2069 se
283 2035 401 2060 veteres
421 2025 564 2067 Ecclefias
589 2048 599 2064 ,
635 2034 669 2058 ut
691 2036 753 2058 una
774 2026 862 2057 alteri
888 2025 1059 2064 vicinifflma
1072 2023 1112 2064 fit
1125 2047 1134 2063 ‚

235 2082 389 2119 unicuique
409 2079 480 2110 vero
501 2074 588 2119 suum
615 2081 734 2108 unicum
757 2075 945 2108 sacerdotem
964 2076 1031 2107 olim
1045 2074 1134 2116 fuisse

236 2127 391 2160 addietum
404 2150 414 2166 ,
441 2134 474 2159 ut
493 2130 523 2159 E
525 2123 688 2166 cclefiarum
700 2126 891 2158 multitudine
905 2124 999 2166 Miffae
1010 2125 1135 2156 audien·

236 2178 286 2210 dae
306 2180 513 2218 opportunitas
540 2186 598 2207 non
620 2174 773 2214 deficeret,
800 2175 834 2205 Θ
855 2177 944 2203 unius
967 2172 1133 2203 Sacerdotis

239 2225 426 2266 Praefec‘iura
437 2222 564 2265 ejusdem
575 2225 594 2254 5
598 2228 659 2254 acri
669 2227 788 2254 iteratio
810 2221 1019 2261 impediretur.
1048 2221 1135 2254 Cen·
1149 2248 1152 2251 .

237 2276 284 2307 set
306 2272 385 2318 ergo
410 2283 479 2306 non
501 2272 606 2305 solum
633 2271 668 2304 in
693 2271 812 2304 eodem
835 2268 967 2309 Altati,
983 2268 1052 2303 *sed
1081 2281 1133 2303 ne-

237 2334 300 2366 que
324 2324 357 2355 in
379 2322 494 2355 eadem
517 2320 658 2354 Ecclesia
683 2321 821 2362 potuisse
845 2328 924 2353 tunc
938 2320 1133 2353 sacrificium

237 2372 352 2406 eodem
377 2371 432 2405 die
454 2370 563 2404 iterari
586 2394 592 2401 .
634 2369 676 2403 Et
698 2370 876 2403 consonare
901 2369 1027 2409 vidi-“ur
1051 2369 1133 2403 liber

237 2421 467 2461 Pontificalis,
494 2419 636 2454 scribens
660 2419 701 2453 de
724 2419 809 2461 Papa
842 2419 1047 2453 Deusdedit.
1077 2425 1132 2455 Hic

235 2470 547 2516 sonstituitsecundam
559 2471 675 2512 Missam
686 2475 717 2502 in
730 2471 831 2502 Clero.
858 2470 1005 2512 Exponit
1021 2470 1053 2503 in
1068 2470 1133 2503 suis

238 2519 373 2556 scholiis
396 2521 510 2555 Petrus
523 2519 780 2554 Uibevetanus:
807 2521 891 2561 ,Quia
903 2529 975 2552 tunc
985 2521 1030 2551 ad
1039 2519 1129 2560 instar

237 2576 406 2605 Graecorum
416 2582 473 2603 non
484 2569 660 2604 cantabatur
672 2575 704 2601 in
728 2568 854 2609 Ecclefia
875 2568 932 2608 nisi*
941 2568 1048 2612 forsan
1070 2582 1131 2602 una

233 2622 347 2666 Missa,
373 2621 453 2663 quod
474 2625 572 2663 magis
600 2619 769 2661 aedificabat
788 2617 950 2661 secundicm
974 2625 1131 2661 antiquos.

234 2673 284 2706 ,Et
308 2683 349 2705 ex
371 2670 437 2705 hoc
468 2671 563 2704 fonte
587 2669 757 2703 adversum
779 2669 915 2711 privatas
938 2668 1053 2703 Missas
1077 2670 1132 2703 ali-

237 2720 320 2765 quid
340 2720 452 2765 piscari
476 2729 639 2755 conantur
658 2719 758 2753 nostri
782 2720 913 2752 Sestarii
942 2720 1131 2762 acipsorum

237 2771 434 2814 appendices
448 2795 458 2811 ,
484 2781 582 2814 atque
602 2769 646 2804 ita
668 2770 701 2803 in
721 2770 846 2812 praefixa
861 2768 901 2801 ad
914 2769 1132 2811 Sansti‘Joan—

239 2822 294 2856 nis
340 2819 567 2861 Chrysostomi
612 2819 797 2863 Liturgiam
834 2819 982 2862 Epistola
1020 2820 1128 2854 scribit

238 2872 361 2905 Beatus
373 2868 572 2904 Rhenanus:
602 2874 648 2903 An
660 2870 894 2913 Miffaeprivatae
920 2869 1070 2903 veteribus
1096 2876 1127 2903 in

237 2932 302 2955 tam
309 2920 467 2962 frequenti
476 2918 528 2963 usu
534 2919 654 2961 fuerint
668 2944 678 2959 ‚
691 2921 815 2962 quidam
826 2919 1028 2953 addubitant.
1057 2926 1127 2954 Cer-

237 2974 268 3005 te
289 2969 363 3013 ipsae
376 2969 612 3004 Praebendarum
632 2970 826 3010 institutiones
838 2995 848 3010 ,
868 2968 896 3012 fi
912 2975 978 3011 quis
998 2970 1124 3003 tabellas

238 3019 419 3062 conscriptas
442 3018 579 3061 inspiciat
592 3043 601 3058 ‚
628 3020 662 3052 (9⁸
684 3031 805 3052 ararum
827 3026 860 3052 in
872 3018 1008 3059 Bafilicis
1022 3021 1124 3061 nostris

234 3071 477 3115 superadditum
491 3069 641 3108 struilura
665 3076 828 3103 novitatem
835 3070 1053 3113 praeseferunt.
1082 3071 1124 3103 Et

238 3122 270 3154 in
294 3129 393 3163 oper-e
415 3118 562 3152 adversus
583 3118 772 3154 Musculum
795 3121 976 3155 consentire
998 3119 1125 3155 videtur

238 3172 382 3214 Joannes:
404 3167 578 3202 Cochlaeus
598 3180 605 3199 :
643 3172 717 3202 Non
737 3170 846 3211 inficior
873 3177 955 3203 intra
973 3176 1123 3212 proximos

236 3222 469 3264 quadringentos
488 3229 582 3251 annos
607 3217 791 3253 vehementer
812 3222 1012 3262 multiplicata
1035 3221 1125 3264 fusffe

237 3273 357 3304 Altaria
378 3270 480 3313 magis
502 3270 592 3311 quim
606 3268 714 3300 antea.
741 3272 834 3313 ,Quod
853 3273 923 3304 inde
933 3272 1124 3314 accidlffepu-

235 3331 266 3353 to
279 3346 288 3361 ,
314 3324 388 3363 quia
398 3324 498 3352 rarius
522 3320 611 3361 quam
633 3321 720 3351 antea
741 3326 950 3354 communicare
975 3329 1122 3362 caeperunt

238 3374 341 3409 Laia-i,
366 3380 490 3412 quorum
503 3370 679 3413 negligentia
697 3376 753 3410 per
775 3371 963 3404 Sacerdotum
979 3371 1123 3415 sacrificia

229 3422 285 3463 pie
302 3419 474 3462 supplenda
496 3430 528 3451 m
545 3417 681 3460 pluribus
703 3419 854 3452 Altaribus
876 3420 943 3458 visci
966 3422 1018 3461 est.

285 3469 486 3515 Respcindeo
497 3468 585 3505 aliud
596 3469 657 3504 esse
665 3468 862 3512 privatarum
874 3469 1043 3506 Miffarum
1056 3471 1122 3507 sub·

1610 84 1625 131 s

1253 194 1715 240 ROMANUM.
1930 202 2023 255 153

1201 275 1354 312 stantiam
1380 289 1417 312 ac
1443 278 1668 323 antiquitatem
1690 301 1700 318 ,
1736 275 1822 313 aliud
1848 278 2085 324 frequentiam.⁸
2126 317 2131 322 ¹

1202 327 1288 361 Nam
1309 329 1341 362 ὃς
1363 328 1443 370 ipsas
1463 340 1516 371 per
1536 329 1609 363 suos
1632 327 1841 370 Presbyteros
1864 328 1882 362 a
1903 330 1935 363 se
1945 328 2085 364 celebra·
2101 315 2162 347 hb·
2191 319 2240 348 ²²3

1200 377 1226 409 ri
1249 377 1344 420 jussas
1365 377 1548 411 affirmatio
1563 377 1653 413 libris
1664 378 1706 413 de
1718 378 1781 423 Dei
1795 378 1939 414 Civitate
1950 379 2084 414 Sanstus
2102 364 2166 395 cap*
2187 359 2218 388 8.

1199 424 1404 472 Augustinus
1428 451 1434 459 .
1474 427 1559 471 lpsas
1579 427 1615 462 in
1637 429 1731 463 omni
1758 428 1900 463 Ecclesia
1920 430 1982 464 effe
2001 429 2085 464 anti-

1199 477 1362 519 quiffimas
1380 476 1503 512 evincit
1524 476 1577 510 vel
1598 478 1715 511 unicus
1735 502 1746 517 ‚
1781 479 1817 513 in
1840 479 1953 514 multis
1975 478 2085 524 postea

1199 527 1343 570 Synodis
1367 527 1579 562 confirmatus
1597 551 1607 567 ,
1637 526 1841 562 Laodicenfis
1863 530 2006 570 Canon,
2033 539 2085 563 ve-

1197 586 1271 611 tans
1294 576 1410 611 Missas
1429 576 1582 620 deinceps
1604 577 1676 611 fieri
1697 576 1732 611 iri
1758 578 1888 620 privatis
1906 579 1959 613 seu
1981 580 2086 624 profa-

1199 627 1249 660 nis
1271 626 1445 667 domibus,
1473 626 1586 672 utique
1607 627 1674 662 fine
1688 626 1783 661 venia
1795 626 1965 671 Episcopi.
1994 630 2085 664 Nam

1197 676 1285 720 quod
1309 682 1448 721 magnus
1471 675 1661 712 Antiochiae
1687 676 1876 712 Patriarcha
1908 677 2086 713 Flavianus
2103 701 2146 733 Ca
2171 702 2201 729 «ι
2230 703 2239 713 η

1197 726 1281 770 ipsas
1302 726 1336 761 in
1361 727 1555 762 Macedonii
1577 724 1791 762 Anachoretae
1804 727 1935 763 Cellula
1946 727 2088 763 celebra·
2147 709 2176 739 p·
2206 710 2237 736 3⁶.

1197 777 1260 817 rit,
1286 788 1324 811 ac
1340 777 1443 820 ipsum
1454 777 1512 811 sub
1524 777 1588 812 illis
1612 778 1646 811 in
1670 776 1901 820 Presbyterum
1922 778 2087 813 consecra-

1198 826 1263 867 rit,
1291 827 1385 861 refert
1407 828 1441 861 in
1464 827 1649 862 Monastica
1674 826 1822 861 Historia
1834 825 2066 863 Theodoretus
2081 851 2090 861 .

1200 877 1243 911 Et
1264 877 1386 911 ibidem
1399 878 1440 912 de
1450 876 1762 912 MariAnachoreta
1774 889 1812 911 ac
1823 877 1993 920 semetipso
2015 878 2092 912 scri·

1199 926 1265 960 bit:
1296 929 1372 960 ciam
1383 931 1485 961 Mares
1492 926 1640 972 spiritalis
1651 939 1686 961 ac
1696 927 1803 969 Mysticz·
1821 925 1959 970 sacrificii
1979 929 2088 962 viden·
2105 930 2178 969 cap.
2191 930 2236 958 20:

1198 978 1230 1009 di
1241 976 1378 1018 defiderio
1390 979 1534 1012 diuturno
1542 987 1690 1012 teneretur
1702 1003 1713 1019 ,
1738 983 1859 1022 rogavit
1871 987 1903 1011 ut
1913 978 1973 1011 illic
2001 981 2090 1011 Divi·

1199 1032 1231 1059 m·
1242 1028 1312 1060 doni
1323 1027 1406 1069 fieret
1415 1028 1521 1061 oblatio
1535 1053 1541 1059 .
1570 1031 1636 1072 Ego
1649 1031 1719 1063 vero
1730 1029 1853 1062 libenter
1863 1028 2065 1070 obtemperavi
2077 1053 2089 1069 ‚

1199 1078 1233 1111 (θ’
1250 1076 1338 1120 sacra
1361 1076 1439 1121 vasa
1463 1078 1580 1120 adferri
1595 1079 1666 1121 juffi
1680 1103 1690 1119 ,
1718 1082 1968 1121 Diaconorumque
1994 1083 2090 1111 mani-

1199 1127 1251 1160 bus
1277 1136 1366 1162 utens
1382 1137 1439 1170 pro
1462 1129 1581 1170 altari,
1609 1129 1752 1170 mysticum
1774 1141 1810 1163 ac
1821 1132 1969 1162 Divinum
1978 1128 2092 1171 sacrifi-

1199 1184 1275 1211 cium
1299 1179 1388 1211 obtuli
1413 1203 1420 1211 .
1461 1178 1696 1222 Antiquiffima
1715 1180 1749 1214 &
1772 1180 1863 1223 plura
1891 1180 1965 1212 sunt
1987 1178 2090 1212 istius-

1202 1227 1292 1261 modi
1315 1228 1463 1271 exempla
1476 1254 1483 1261 .
1511 1229 1555 1262 Et
1577 1228 1666 1272 quod
1679 1227 1844 1262 Altarium
1857 1228 2092 1271 multiplicatio

1200 1278 1369 1321 aquatuor
1379 1288 1481 1318 tunc,
1505 1288 1561 1312 aut
1574 1290 1661 1312 nunc
1683 1279 1829 1323 quinque
1851 1278 2021 1313 dumtaxat
2042 1278 2093 1311 sae-

1202 1328 1283 1361 culis
1308 1328 1342 1361 in
1364 1328 1478 1362 eadem
1502 1328 1643 1362 Ecclesia
1666 1330 1823 1373 coeperit,
1849 1328 1991 1363 omnino
2014 1326 2092 1361 iabi-

1205 1389 1254 1410 tur
1277 1378 1419 1420 Joannes
1430 1377 1602 1412 Cochlaeus
1614 1402 1621 1409 .
1650 1378 1735 1411 Eum
1747 1378 1918 1412 convincit
1931 1378 1964 1411 in
1980 1377 2093 1411 litteris

1201 1427 1242 1460 ad
1254 1426 1439 1461 Palladium
1451 1428 1706 1462 Sanstonensem
1720 1428 1753 1461 in
1768 1428 1876 1462 Gallia
1894 1427 2095 1471 Episcopum

1202 1477 1336 1510 Sanitus
1348 1477 1529 1520 Gregorius
1541 1478 1687 1520 Magnus
1702 1490 1709 1509 z
1738 1482 1866 1511 Veniens
1879 1478 1955 1510 lator
1963 1476 2099 1520 praesen·

1200 1531 1276 1556 tium
1303 1528 1490 1565 Leuparieus
1517 1526 1676 1562 Presbyter
1702 1525 1796 1564 vester
1822 1527 1983 1568 infirmavit
2010 1528 2093 1560 nobis

1202 1576 1444 1606 Fraternitatem
1465 1572 1593 1611 vestram
1614 1573 1771 1614 Ecclesiam
1797 1580 1829 1606 in
1852 1575 1932 1608 beati
1956 1579 2041 1609 Petri
2061 1578 2095 1610 δ’
2114 1578 2163 1609 Lib
2177 1593 2203 1618 ς.

1203 1623 1293 1655 Pauli
1316 1621 1508 1664 Apostolorum
1530 1646 1542 1662 ‚
1580 1634 1688 1657 necnon
1712 1627 1869 1657 Laurentii
1889 1633 1977 1668 atque
2015 1629 2096 1658 Pan·
2115 1623 2165 1658 ΕΡ·
2189 1631 2234 1656 50·

1200 1677 1288 1705 cratii
1310 1675 1479 1710 Martyrum
1500 1672 1681 1717 construxifflr
1704 1697 1715 1714 ,
1751 1684 1842 1717 atque
1871 1676 1931 1708 illic
1953 1677 2096 1709 tredecim

1202 1723 1320 1756 Altaria
1343 1724 1485 1767 collocasse
1501 1747 1508 1755 .
1534 1722 1650 1758 Paucae
1674 1724 1820 1769 profesto
1840 1723 1941 1758 hodie
1952 1725 2096 1760 Bafilicae

1200 1770 1324 1806 habent
1351 1772 1508 1807 tredecim
1536 1773 1663 1808 Altaria
1686 1801 1692 1807 .
1732 1774 1807 1809 Nec
1831 1786 1956 1809 morem
1997 1776 2096 1811 istum

1201 1820 1286 1864 apud
1313 1823 1430 1858 Gallos
1457 1821 1632 1858 inchoavit
1657 1823 1843 1867 Palladius,
1879 1824 1933 1859 sed
1960 1827 2095 1861 suorum

1198 1871 1370 1915 Majorurn
1393 1873 1544 1918 exempla
1566 1874 1613 1909 est
1645 1875 1812 1914 imitatus,
1839 1874 1981 1919 ideoque
2006 1876 2094 1910 lucet

1199 1933 1266 1956 rem
1291 1922 1382 1957 istam
1402 1923 1489 1966 apud
1525 1924 1665 1958 Latinos
1691 1925 1752 1959 esse
1778 1924 1872 1959 valde
1898 1926 2067 1970 antiquam
2083 1952 2091 1958 .

1202 1971 1309 2006 Unde
1343 1974 1376 2007 δ(
1402 1973 1573 2008 Basilicam
1597 1975 1690 2009 istam
1712 1975 1858 2010 laudavit
1886 1977 2090 2021 Gregorius,
2129 2007 2133 2014 ‚

1198 2023 1232 2056 δε
1255 2023 1295 2057 ad
1321 2034 1487 2066 quatuor,
1524 2036 1592 2066 quae
1617 2024 1662 2060 ob
1683 2026 1843 2060 sacrarum
1878 2027 2089 2070 reliquiarum

1197 2072 1358 2106 defessum
1384 2086 1453 2109 non
1477 2076 1662 2110 consecrata
1689 2071 1928 2118 remanserant,
1957 2077 2088 2112 Altaria.

1197 2123 1414 2157 consecranda
1441 2125 1595 2167 reliquias
1620 2126 1808 2162 transmisit.
1836 2128 1949 2174 Qem
1961 2139 2089 2163 morem

1197 2169 1296 2203 etiam
1325 2171 1359 2202 in
1385 2172 1509 2214 Anglia
1534 2174 1692 2215 viguisse,
1720 2175 1808 2208 lucet
1825 2187 1867 2208 ex
1894 2177 2089 2220 illisquaede

1197 2218 1448 2264 Hagustaldensi
1470 2221 1612 2255 Ecclesia
1637 2221 1746 2256 scribit
1765 2225 1799 2256 in
1826 2223 2014 2268 Anglorum
2027 2227 2088 2260 Hi-

1199 2269 1295 2302 storia
1321 2269 1515 2303 venerabilis
1531 2269 1635 2305 Beda.
1662 2272 1706 2305 Et
1719 2272 1799 2306 hinc
1810 2272 1976 2309 laudatum
1990 2277 2087 2312 Anti·
2107 2284 2167 2314 Lib.
2193 2295 2218 2320 5-

1196 2318 1611 2354 fiodorensemCanonem
1624 2321 1765 2355 omnino
1774 2322 1927 2358 existimo
1939 2325 2082 2369 loquide
2101 2333 2163 2364 <3³1³-
2186 2335 2232 2355 2¹·

1196 2368 1313 2402 eodem
1336 2368 1509 2403 dumtaxat
1532 2370 1657 2410 Altari,
1687 2383 1755 2406 non
1776 2372 1816 2406 de
1836 2374 1947 2409 eadem
1966 2376 2081 2413 Eccle-

1196 2418 1254 2451 sia.
1283 2418 1387 2465 Qod
1410 2419 1499 2453 enim
1526 2419 1644 2455 Latina
1665 2421 1808 2457 Ecclesia
1827 2425 1944 2459 eodem
1967 2426 2082 2461 dieiu-

1201 2478 1249 2502 tra
1274 2468 1411 2502 eandem
1434 2469 1604 2505 Basilicam
1625 2472 1749 2516 semper
1769 2475 1946 2517 permiserit
1971 2476 2081 2512 iterari

1200 2519 1387 2552 sacrificium
1402 2543 1412 2559 ‚
1440 2520 1531 2563 supra
1553 2521 1740 2557 audivimus
1756 2523 1774 2556 ὲ
1796 2535 1921 2569 magno
1942 2527 2078 2569 Leone,

1197 2568 1287 2611 cujus
1309 2568 1455 2603 notanda
1478 2571 1553 2604 sunt
1573 2569 1641 2606 haec
1663 2572 1776 2619 vffia:
1805 2574 1923 2615 Nostrae
1933 2576 2081 2620 consuetu·

1196 2620 1264 2651 dini
1290 2631 1327 2652 ex
1341 2619 1446 2660 forma
1464 2628 1602 2662 paternae
1619 2623 1788 2657 traditionis
1812 2624 1935 2668 insedit.
1974 2628 2076 2663 Hanc

1195 2669 1404 2703 traditionem
1427 2672 1595 2712 quomodo
1620 2673 1850 2716 improbasset,
1877 2685 1933 2709 aut
1955 2678 2076 2719 perob-

1194 2720 1386 2753 servantiam
1408 2730 1559 2756 venerata
1572 2733 1638 2756 non
1658 2722 1765 2757 fuisset
1779 2723 1949 2759 Gallicana
1964 2726 2076 2762 Eccle-

1193 2769 1230 2801 sia
1245 2769 1261 2799 ἕ
1287 2769 1426 2804 Suorum
1450 2770 1573 2806 rituum
1597 2771 1743 2816 Regulas
1766 2774 1889 2818 semper
1909 2777 2035 2820 accepit
2054 2779 2074 2813 a

1190 2819 1297 2853 Matre
1319 2819 1489 2855 Romana.
1529 2822 1573 2855 Et
1596 2821 1673 2856 hinc
1696 2822 1879 2859 Deusdedit
1900 2824 2074 2862 Pontificis

1190 2869 1415 2905 Constitutum
1439 2870 1537 2917 dirigi
1559 2871 1712 2906 existimo
1734 2871 1774 2908 ad
1794 2874 1900 2908 solum
1912 2875 2047 2912 Clerum
2062 2902 2073 2920 ‚

1188 2919 1226 2952 ad
1250 2919 1330 2953 solas
1357 2919 1569 2957 Cathedrales
1592 2923 1773 2963 Ecclesias,
1800 2925 1833 2958 δε
1855 2924 1896 2958 ab
1918 2928 1987 2969 ipso
2003 2940 2071 2962 non

1188 2970 1374 3006 facultatem
1401 2971 1492 3012 dari,
1514 2973 1565 3006 sed
1579 2972 1704 3017 imponi
1720 2986 1931 3019 praeceptum:
1966 2977 2069 3012 Utin

1187 3030 1271 3054 certa
1292 3032 1349 3063 aut
1371 3023 1527 3056 festorum
1553 3024 1638 3056 inter
1658 3025 1690 3057 se
1711 3048 1721 3064 ‚
1748 3035 1804 3058 aut
1830 3025 1973 3067 ipsorum
1992 3038 2068 3061 cum

1188 3071 1377 3105 Dominicis
1402 3081 1457 3106 aut
1494 3071 1685 3116 quibusdam
1721 3074 1810 3107 feriis
1842 3079 2072 3111 concurrentia

1186 3119 1376 3163 obligentur
1398 3122 1438 3156 ad
1458 3122 1539 3157 duas
1561 3123 1721 3157 solemnes
1742 3123 1872 3158 Missas.

1235 3170 1401 3218 Qidquit
1422 3173 1481 3212 sit,
1509 3172 1649 3207 libenter
1671 3174 1775 3207 fateor
1796 3175 1934 3217 privatas
1953 3176 2066 3210 Missas

1185 3219 1267 3254 olim
1291 3231 1360 3254 non
1380 3222 1471 3256 fuisse
1495 3224 1529 3257 in
1554 3223 1673 3257 Latina
1687 3223 1828 3257 Ecclesia
1841 3235 1906 3257 tarn
1920 3226 2067 3268 frequen-

1186 3281 1231 3302 tes
1257 3293 1263 3299 -
1300 3270 1432 3306 Etenim
1456 3273 1489 3305 in
1514 3271 1597 3306 libro
1622 3271 1661 3306 de
1684 3274 1915 3308 Ecclesiasticis
1934 3276 2066 3310 Officiis

1186 3318 1381 3355 Walafridus
1402 3322 1518 3357 Strabo
1540 3322 1695 3366 quosdam
1719 3323 1889 3357 dumtaxat
1903 3326 1997 3358 semel
2010 3337 2065 3368 per

1185 3380 1307 3403 annum
1331 3370 1364 3403 in
1391 3372 1570 3407 Dominica
1583 3374 1710 3411 Coena,
1736 3373 1891 3417 quosdam
1903 3374 2063 3408 omnidie

1185 3418 1383 3461 Dominica,
1423 3422 1580 3466 quosdam
1607 3423 1762 3456 omnibus
1785 3423 1922 3456 Domini
1955 3423 2062 3464 festis,

1184 3470 1340 3515 quosdam
1351 3472 1505 3507 omnibus
1514 3473 1612 3508 etiam
1624 3473 1812 3507 Sanstorum
1819 3472 1905 3506 festis
1914 3472 2065 3508 celebras-

1982 3524 2015 3558 se
