2366 3756
850 115 1341 171 D1crArus.

195 211 363 252 Beatiffimo
377 206 502 250 coltegae
519 208 550 250 J
553 207 610 240 ulio
629 207 789 241 Marcellus
807 211 840 240 in
862 205 974 245 cbristo
999 205 1075 251 salu-

193 271 274 296 eem.
305 259 346 292 Et
369 257 438 301 post
457 256 575 291 edictas
605 257 859 292 Eusebianorum
883 258 925 298 in
951 256 1074 298 seinju-

194 311 260 346 rias
271 308 492 352 prosequitur:
520 309 680 348 Propterea
699 307 849 347 necessario
860 309 986 341 Romam
1001 304 1074 340 mibi

195 361 396 398 veniendum,
422 359 455 391 ἐν
476 365 505 389 te
527 355 764 389 commonendum
779 360 892 396 putav!
915 379 925 394 ,
951 365 986 388 ut
1005 366 1072 395 eos,

196 416 249 453 qui
260 419 360 442 contra
381 419 425 440 me
444 405 650 450 scripserunt,
677 403 853 447 accerseres,
880 402 914 443 (θ’
934 406 998 438 cum
1020 406 1074 437 ad-

196 460 362 502 venissent,
388 460 408 489 ἃ
420 462 714 490 meconvincerentur
727 480 734 486 .
763 456 844 488 Non
871 455 1001 498 plenam
1015 455 1073 488 Ec-

198 509 411 545 cleliaetotius
423 506 616 549 synodum,
643 506 696 541 sed
708 505 794 538 solos
808 507 881 538 suos
906 503 1075 539 damnato-

195 562 251 595 res
269 568 363 602 rogat
382 556 473 590 citari
488 555 653 594 Romam,
678 554 698 588 ὲ
719 554 887 597 Judicibus
912 554 1073 591 demutari

188 609 236 649 *in
247 609 469 647 accusatores,
494 606 578 639 &lic
588 604 748 648 cumipiis
765 603 942 649 confligere
964 615 1074 639 coram

196 658 273 693 folo
294 657 478 696 Pomifice,
504 656 536 688 δε
557 655 679 698 abipso
690 655 761 688 solo
784 654 938 697 judicari,
972 654 1074 702 Qod

197 709 309 752 ipsum
322 705 464 751 pluribus
486 705 682 742 testimoniis
702 704 747 739 est
770 706 860 748 supra
881 703 1074 738 demonstra-

197 769 272 793 tum
286 782 297 798 ,
323 770 360 791 ac
379 756 462 790 infra
483 754 789 789 demonstrandum.
817 755 920 797 Julius
944 755 1075 797 quidem

197 806 244 843 ad
265 807 465 842 dirimendas
484 803 579 840 hasce
600 806 709 839 causas
727 806 927 839 convocavit
947 815 1077 849 genera-

200 859 268 892 lem
294 857 466 899 Synodum
495 866 503 889 t
542 854 643 903 Qod
680 854 792 898 nempe
829 864 919 888 tanta
955 855 1079 888 cuustae

197 907 384 943 Orientalis
409 904 557 939 Ecclefiae
581 905 672 939 turba
695 906 875 939 censeretur
901 905 995 938 aliter
1023 904 1076 936 vix

199 954 452 1000 componenda.
482 953 539 987 Ast
558 955 632 999 quia
650 954 832 993 Eusebiana
856 953 952 988 faffio
976 952 1078 986 edesse

201 1008 332 1048 noluit,
360 1007 418 1041 suo
438 1005 507 1049 jure
532 1005 565 1037 &
581 1006 719 1047 antiquo
737 1014 826 1036 more
842 1002 980 1045 perrexit
1002 1002 1077 1041 ille,

192 1058 237 1091 ¹&
259 1068 373 1092 omnes
392 1054 586 1099 appellantes
600 1053 779 1097 Episcopos
803 1052 837 1085 in
860 1052 919 1085 suae
939 1051 1079 1089 Provin-

200 1108 262 1141 ciae
271 1105 410 1150 Synodo
424 1105 511 1141 solus
523 1105 678 1146 reparavit
690 1128 697 1135 .
725 1103 797 1135 Nec
808 1102 979 1135 dumtaxat
1004 1100 1079 1134 revi-

190 1157 246 1191 ‘sio
273 1157 336 1190 fuit
361 1181 371 1196 ‚
409 1155 462 1190 sed
490 1154 662 1188 Canonica
699 1151 875 1194 appellatio
902 1176 910 1183 .
948 1151 1080 1184 Etenim

197 1206 325 1251 priores
347 1205 476 1248 Judices
495 1203 675 1239 demutavit
689 1201 721 1234 in
736 1202 936 1236 accusatores
949 1226 960 1241 ‚
985 1200 1018 1233 &
1030 1212 1082 1244 pe-

199 1256 286 1300 perit
308 1255 455 1288 effectum
478 1252 572 1297 plene
594 1251 826 1296 suspensivum.
855 1250 969 1294 Pergit
989 1251 1080 1284 enim

201 1306 239 1339 in
261 1304 407 1348 Epistola
431 1303 602 1340 Pontifex:
635 1304 700 1345 ‚Qut
712 1299 785 1345 sunt
804 1305 971 1342 quicontra
985 1304 1081 1333 Cano-

197 1366 258 1389 otes
275 1363 390 1399 agunt,
414 1352 502 1397 nosne
516 1359 641 1395 quicum
663 1358 760 1390 tantis
783 1362 880 1385 rerum
902 1352 1080 1385 documentis

204 1404 397 1446 Athanafircm
407 1409 568 1446 recepimus
579 1427 590 1444 ,
615 1414 656 1435 an
670 1401 820 1450 quisblum
832 1402 878 1434 ad
888 1408 1016 1445 triginta
1026 1400 1081 1445 sex

199 1453 349 1499 suffragia
358 1467 457 1488 eorum
470 1478 480 1494 ‚
505 1460 556 1496 qui
573 1452 735 1486 Antiocbiae
747 1452 878 1495 fuerunt
890 1476 901 1491 ,
927 1461 1083 1485 externum

204 1504 354 1538 hominem
375 1503 553 1547 Episcopum
574 1501 745 1546 salutarunt
766 1525 778 1542 ,
812 1513 931 1544 eumque
958 1504 1084 1534 militari

203 1563 298 1587 manu
308 1555 525 1591 Alexandriam
537 1554 747 1592 deduxerunt?
773 1553 865 1596 ,Quod
884 1562 921 1584 ne
937 1560 1006 1584 tunc
1024 1555 1102 1593 qui--

202 1604 273 1636 dem
300 1602 418 1644 fufium
455 1604 494 1644 est
519 1628 529 1644 ,
565 1605 630 1636 cum
666 1601 842 1642 Athanasius
880 1606 913 1633 in
950 1600 1081 1632 Galliam

200 1652 390 1696 ablegaretur
401 1677 409 1685 .
439 1654 531 1695 ‚Quod
546 1660 611 1684 tum
619 1651 705 1683 baud
723 1650 813 1682 dubie
822 1648 947 1688 fadum
961 1646 1060 1690 fuiffet
1073 1672 1083 1687 ‚

198 1700 230 1743 fi
242 1710 298 1743 pro
320 1703 391 1736 vere*
410 1702 553 1738 damnato
575 1699 695 1733 babitus
713 1698 828 1742 fuiJJee.
866 1697 1082 1732 Eusebianam

202 1750 377 1786 factionem
398 1751 507 1796 arguit
525 1774 537 1791 ‚
572 1747 661 1791 quod
681 1748 896 1792 appellantem
935 1746 1082 1791 Athana·

1093 1785 1100 1794 =

1808 142 1933 190 v321

1133 206 1210 240 sium
1250 204 1406 241 habuisset
1429 217 1486 250 pro
1523 206 1700 250 degradato
1723 231 1733 248 ,
1768 217 1864 251 atque
1900 210 1943 243 ita
1971 209 2007 243 in

1134 255 1199 297 ejus
1219 256 1329 291 locum
1354 257 1523 293 intrusisset
1543 257 1728 303 Georgium
1751 258 2006 302 Cappadocem:

1135 306 1213 339 Hoc
1233 306 1277 339 est
1300 330 1311 347 ,
1337 304 1424 349 quod
1461 309 1554 339 suum
1577 307 1618 341 de
1643 306 1821 342 Athanasio
1849 307 2007 355 judicium

1133 355 1177 388 ob
1202 354 1367 398 interjeilae
1392 355 1620 397 appellationis
1656 359 1865 393 reverentiam
1893 358 1933 393 ab
1957 369 2012 393 ex·

1134 404 1299 443 secutione
1337 417 1402 438 non
1429 404 1634 448 suspendisset
1657 431 1663 438 .
1703 406 1835 441 Etenim
1856 406 2010 451 degrada-

1134 455 1216 487 toria
1252 453 1470 491 Orientalium
1516 454 1724 497 Synodorum
1763 458 1931 500 praesertim
1968 458 2009 493 de

1134 502 1326 538 patriarchis
1348 504 1467 546 judicia
1489 505 1589 548 usque
1610 504 1651 538 ad
1674 506 1859 539 Romanam
1888 507 2005 541 confir-

1134 554 1312 587 mationem
1351 554 1471 596 semper
1509 554 1639 591 fuerunt
1673 555 1818 599 suspensa
1838 577 1849 593 ,
1883 568 1943 591 nec
1969 556 2010 591 ad

1135 614 1254 636 novam
1279 604 1476 640 creationem
1503 613 1681 648 potuerunt
1709 605 1878 649 procedere
1899 630 1909 646 ,
1938 605 2011 640 licet

1136 653 1185 686 isti
1210 665 1276 686 non
1300 653 1526 695 appellasient.
1556 653 1719 698 Judicium
1741 655 1847 693 referri
1873 655 2010 696 debuit,

1135 704 1248 737 relatio
1274 704 1436 745 suspendit
1458 703 1587 747 ipsum,
1612 704 1645 737 &
1668 703 1733 741 sola
1758 706 1949 748 Apostolica
1969 706 2011 740 ad

1136 753 1226 789 istam
1257 751 1420 795 rescriptio
1448 751 1511 787 hoc
1534 753 1674 787 firmavit
1696 777 1703 784 .
1744 754 1915 799 lnfigniter
1946 754 2011 790 boc

1135 802 1232 836 docet
1265 799 1481 839 Antiochenae
1503 825 1514 841 ,
1550 814 1621 846 quae
1652 801 1790 836 Paulum
1813 805 2011 837 Samosaten-

1136 853 1201 885 sem
1223 852 1434 897 degradavit,
1461 852 1585 896 Synodi
1608 850 1648 885 ad
1673 851 1872 896 Dionysium
1890 851 2012 896 Papam

1135 902 1268 936 relatio:
1298 903 1381 936 Illum
1403 908 1497 947 igitur
1518 911 1580 934 tam
1593 904 1653 935 Deo
1673 900 1913 945 adversarium,
1938 912 2015 935 tam·

1137 962 1191 992 que
1210 962 1406 986 contumacem
1429 978 1439 994 ,
1477 964 1594 986 eramus
1613 952 1704 986 coac‘Ji
1727 951 1854 995 Ecclefia
1890 953 1923 986 Θ
1943 952 2014 993 fide·

1137 1003 1207 1034 lium
1229 1008 1442 1045 congregatione
1463 1004 1636 1036 interdicere
1657 1026 1669 1043 ,
1702 1003 1912 1047 &cludereque
1933 1026 1945 1043 ,
1981 1004 2016 1036 o·

1139 1050 1228 1083 alium
1253 1050 1427 1093 Episcopum
1452 1058 1485 1085 in
1506 1055 1570 1093 eJ‘us
1592 1054 1684 1087 locum
1704 1050 1894 1095 substituere.
1938 1050 2017 1086 Uti-

1140 1111 1202 1143 que
1224 1100 1397 1133 Domnum
1423 1125 1430 1132 .
1467 1100 1652 1137 Adfirmant
1676 1103 1742 1140 sese
1766 1103 1808 1137 ad
1843 1113 2019 1146 utrumque

1139 1150 1231 1183 fuiss'e
1244 1151 1373 1186 coastos
1387 1162 1393 1181 :
1423 1150 1526 1197 Qod
1540 1152 1654 1194 nempe
1668 1153 1732 1189 fine
1752 1152 1907 1186 coaffivis
1924 1153 2021 1185 ratio-

1142 1198 1235 1234 nibus
1247 1210 1401 1234 nentrum
1415 1199 1611 1244 potuiffieut.
1643 1199 1695 1234 Ex
1713 1211 1781 1242 quo
1803 1202 1892 1235 vides
1916 1201 2021 1234 Sardi-

1140 1251 1269 1284 censem
1294 1249 1468 1284 Canonern
1484 1273 1495 1288 ,
1520 1249 1627 1292 quiin
1650 1248 1844 1292 appellantis
1868 1248 2020 1292 Episcopi

1141 1299 1299 1338 thronum
1322 1309 1407 1334 vetat
1422 1299 1661 1343 imponialium
1684 1322 1695 1343 ,
1721 1309 1789 1332 non
1808 1298 1872 1333 effe
1897 1310 2021 1334 novum

1140 1350 1210 1393 jus,
1235 1349 1288 1389 sed
1300 1349 1472 1393 antiquum
1494 1349 1796 1388 Ecclefiaemorem.
1823 1349 1906 1382 Item
1933 1347 2022 1383 vides

1142 1399 1296 1436 convinci
1310 1411 1450 1434 errorem
1466 1423 1476 1439 ,
1503 1409 1571 1441 quo
1582 1399 1625 1432 D.
1639 1397 1910 1441 Archiepiscopus
1932 1398 2038 1431 adsit--

1142 1460 1209 1483 mat
1231 1449 1448 1492 Synodalium
1472 1449 1671 1492 judiciorum
1696 1447 1885 1482 revifionem
1912 1460 1977 1481 non
2006 1448 2026 1480 a

1127 1499 1300 1534 -Romano
1325 1499 1491 1541 Episcopo
1507 1523 1516 1537 ,
1545 1498 1598 1530 sed
1626 1497 1668 1530 ab
1696 1491 1848 1540 Augusto
1874 1497 2027 1539 Principe

1144 1550 1245 1589 usque
1267 1546 1308 1580 ad
1329 1545 1514 1580 Sard1cense
1528 1546 1718 1584 Concilium
1739 1546 1833 1579 fuiffe
1854 1547 2028 1588 petendam

1145 1608 1242 1640 atque
1254 1596 1387 1639 petitam
1399 1623 1408 1630 .
1436 1596 1518 1642 Qae
1528 1593 1568 1628 de
1582 1595 1725 1629 Maximi
1739 1595 1860 1638 Cynici
1875 1595 2031 1630 Romana

1144 1647 1364 1689 appellatione
1389 1656 1503 1680 movet
1530 1646 1575 1679 D.
1603 1643 1881 1690 Archiepiscopus
1907 1670 1918 1690 ,
1953 1646 2028 1680 sunt
2049 1686 2052 1688 Α

1144 1695 1223 1737 alibi
1235 1695 1407 1740 explanata
1419 1719 1426 1727 .

1701 3361 1933 3447 Eluci-
