2366 3756
873 98 1367 142 D1crA-rus.

207 190 282 225 facii
304 185 436 224 secundi
463 181 602 228 Synodo
628 192 730 226 nuper
754 180 905 225 vulgavit
929 182 972 214 D.
987 179 1093 214 Lucas

202 237 402 276 Holstenius
415 261 423 269 .

251 288 402 337 Qintus
427 297 523 320 error
547 283 594 317 est
621 282 655 316 in
683 280 734 315 his
760 280 864 314 verbis
886 294 897 313 :
926 280 1091 313 orientales

201 342 327 373 Romam
337 338 475 372 accedere
490 335 669 372 noluerunt,
694 328 810 370 tametfi
822 338 876 371 per
901 334 1091 371 Imperatoris

201 388 347 431 Theodosii
359 389 480 422 litteras
511 382 638 426 accersiti
646 383 731 424 tffent
746 404 756 420 ,
778 380 931 423 postquam
951 379 1090 420 Constan-

199 441 323 482 tinopoli
345 446 377 472 in
409 448 503 471 unum
521 436 586 479 effet
608 441 785 467 conventum
803 455 810 462 .
836 435 900 463 Cur
925 439 1026 463 autem
1047 435 1092 463 ita

202 489 270 532 ipfis
293 491 439 532 placitum
456 487 558 529 fuerit
580 509 591 524 ‚
617 483 698 516 nulla
734 480 797 513 alia
819 480 986 523 probabilis
1015 486 1093 512 ratio

202 545 324 574 occurrit
347 564 358 580 ‚
384 539 478 581 quam
501 536 586 579 quod
607 533 779 577 supremam
804 532 855 573 effe
880 532 1092 563 contenderent

204 592 398 624 Conciliat-um
409 586 614 623 Orientalium
635 582 860 616 «suavitatem.
892 580 1093 623 Respondeo

201 640 236 674 ὅ(
247 650 412 674 occurrere
438 638 472 671 &
485 637 549 669 efl'e
561 635 704 669 rationes
719 631 775 664 lon
781 631 821 676 ge
832 630 911 664 alias
922 656 931 663 .
961 631 1023 664 Eas
1039 629 1092 664 ha-

203 689 261 724 bes
277 690 310 723 in
324 687 482 732 Synodali
497 685 539 720 ad
553 685 707 720 sanaem
719 682 901 717 Damasum
915 681 1074 715 relatione
1085 705 1092 715 .

204 738 317 775 Prima
344 738 390 774 est
416 738 594 772 diuturnus
627 732 828 767 Asianorum
865 742 919 774 per
956 741 1093 764 omnem

203 790 377 825 Orientem
390 788 581 823 dominatus
592 809 604 825 ‚
631 781 800 830 multaque
817 793 858 815 ex
877 782 948 825 ipso
962 780 1093 816 calami-

204 851 252 876 tas
267 853 274 872 :
304 846 382 877 Heri
399 839 492 882 prope*
506 837 637 869 dixerim
647 843 673 874 ,1
686 842 740 866 aut
751 832 971 868 nudiustertius
983 855 993 871 ‚
1021 842 1093 863 non-

204 891 279 924 nulli
293 888 433 931 Episcopi
447 887 535 921 exilii
547 884 674 918 vinculis
685 882 826 923 liberati,
854 884 887 916 (δ’
911 880 1031 924 infinita
1045 879 1094 921 fe-

205 942 238 975 re*
249 939 453 980 adflillionum
461 946 574 980 genera
581 934 704 976 perpeffi
717 957 727 973 ,
753 935 798 966 ad
805 930 948 973 Ecclefias
961 929 1038 973 suas
1050 940 1094 962 re-

205 992 352 1031 dierunt;
378 989 503 1021 aliorum
520 994 622 1018 autem
633 985 718 1018 exilii
741 982 919 1016 cruciatibus
945 978 1093 1019 exstinblo·

205 1052 271 1073 rum
283 1039 428 1081 Reliquiae
440 1038 605 1070 dumtaxat
615 1040 648 1066 in
663 1036 803 1074 patriam
823 1029 898 1073 sunt
908 1037 1071 1070 reportatae
1084 1052 1092 1060 .

206 1092 347 1134 ,Quidam
366 1087 427 1131 post
452 1087 581 1120 reditum
601 1082 639 1117 ab
653 1083 741 1115 exilio
751 1087 784 1115 in
797 1079 934 1123 furorem
945 1078 1094 1113 baeretico·

205 1152 272 1173 rum
286 1137 572 1182 adhucsaevientem
586 1134 750 1166 incidentes
763 1155 774 1171 ‚
796 1135 945 1173 graviora
971 1137 1094 1161 tormen-

206 1199 241 1222 ta
251 1196 283 1222 in
289 1188 344 1231 sua
355 1187 486 1231 ipsorum
494 1211 504 1226 ‚
531 1185 622 1228 quam
636 1189 670 1215 in
680 1181 781 1214 aliena
794 1183 909 1223 regione
918 1178 1095 1219 tolerarunt,

206 1238 318 1281 &ficut
331 1241 446 1271 Beatus
460 1236 626 1276 stephanus
636 1257 647 1271 ,
672 1230 828 1272 lapidibus
843 1229 941 1263 obruti
963 1228 1095 1262 occubue-

206 1299 294 1323 runt.
323 1286 479 1321 Adflictas
505 1285 539 1318 ὅ(
560 1282 759 1317 deformatas
781 1279 905 1315 existis
920 1279 1020 1314 caulis
1036 1279 1098 1313 Ec-

205 1339 313 1373 clefias
327 1337 541 1371 adfirmarunt
556 1333 573 1367 a
585 1332 617 1367 se
630 1342 698 1366 non
710 1332 800 1375 poffe
811 1330 935 1372 deseri,
955 1329 1097 1372 ideoque

204 1400 266 1423 nec
288 1389 323 1422 in
346 1386 566 1422 Occidentem
590 1382 760 1427 navigari.
788 1379 902 1416 Altera
924 1379 1010 1414 ratio
1032 1379 1097 1413 fuit

204 1438 310 1474 nimia
331 1450 371 1473 ex
385 1437 456 1470 istis
467 1432 713 1470 adfliffionibus
733 1441 922 1476 paupertas:
955 1432 1096 1464 Pecuniae

197 1480 536 1531 jaciu‘rantfflnuieias
550 1488 713 1518 civitatum
725 1505 735 1521 ,
756 1479 986 1526 proscriptiones
999 1479 1099 1525 fingu-

204 1540 299 1574 lorum
311 1563 322 1579 ‚
349 1536 473 1579 infidias
489 1560 499 1575 ,
526 1535 739 1572 contumelias,
765 1542 897 1566 carceres
907 1535 976 1574 quis
985 1535 1099 1574 poterit

203 1599 376 1622 enumerare
391 1589 404 1622 2
429 1585 547 1620 Tertia
560 1584 646 1619 ratio
662 1583 726 1618 fuit
740 1582 918 1617 imminens
936 1578 1044 1616 adhuc
1057 1578 1099 1613 ab

203 1637 342 1680 expulsis
356 1636 516 1671 haeteticis
541 1633 713 1677 Episcopis
732 1631 915 1673 periculum
926 1631 948 1662 ὲ»
964 1627 1035 1670 Etsi
1053 1633 1100 1662 vi-

203 1688 329 1721 deamur
351 1683 566 1727 persecutionis
603 1679 767 1723 asperitate
786 1679 909 1713 liberati
926 1704 938 1720 ,
978 1680 1015 1713 Θ
1039 1681 1098 1712 Ec-

202 1735 298 1773 clefias
328 1735 380 1768 diu
402 1734 441 1766 ab
453 1732 600 1766 baereticis
622 1738 778 1770 occupatas
799 1731 883 1762 modo
905 1737 1099 1770 recuperare,

204 1794 319 1819 tamen-
336 1785 399 1826 lupi
426 1782 508 1815 nobis
518 1779 699 1823 permultum
716 1777 866 1822 facessunt
877 1778 1011 1819 molestiae
1023 1803 1030 1811 .
1058 1782 1099 1813 Ac

202 1837 272 1869 licet
298 1834 336 1867 ab
348 1833 453 1867 ovibus
467 1831 566 1865 abacis
585 1829 645 1871 fint
660 1853 671 1870 ‚
695 1835 729 1864 in
749 1827 843 1873 silvis
870 1838 971 1864 tamen
991 1840 1096 1874 greges

205 1886 335 1927 diripere
346 1909 357 1925 ‚
381 1893 542 1916 conventus
554 1886 719 1916 contrarios
737 1880 820 1913 nobis
849 1880 992 1915 mdaUer
1010 1887 1099 1922 oppo-

204 1946 273 1968 nere
296 1958 308 1974 ‚
328 1934 504 1977 populorum
520 1930 684 1975 seditiones
709 1936 854 1967 concitare
878 1942 938 1964 non
965 1929 1073 1973 ceffant
1088 1955 1097 1964 .

204 1984 343 2028 Propter
354 1983 421 2018 haec
435 1983 578 2026 pericula
589 1982 802 2017 adfirmatum
824 1981 856 2015 se
865 1981 884 2016 a
905 1980 970 2016 suis
983 1979 1101 2014 Eccle-

206 2034 341 2073 iiianon
354 2034 442 2077 poffe
453 2032 559 2067 abire.
587 2031 669 2067 Haec
678 2031 724 2065 est
747 2041 860 2075 quarta
884 2031 995 2065 tatio:
1020 2034 1099 2064 Con-

203 2084 425 2127 stantinopolim
437 2088 631 2117 convenimus
644 2106 656 2122 ,
677 2082 838 2122 propterea
861 2082 943 2122 quiid
952 2081 1098 2112 mandato

207 2135 381 2169 litterarum
403 2132 547 2176 superiori
573 2142 653 2163 anno
678 2132 698 2163 ὰ
718 2129 816 2167 vestra
836 2131 1019 2162 Reverentia
1036 2126 1099 2168 post

211 2186 372 2217 Concilium
395 2177 575 2223 Aquileiense
599 2180 644 2212 ad
662 2176 872 2221 sanblaffimum
886 2180 1099 2218 Imperatorem

210 2230 393 2272 Theodosium
415 2231 564 2274 missarum
573 2254 590 2270 ,Y
611 2229 655 2262 ad
679 2233 734 2261 iter
747 2228 912 2260 dumtaxat
932 2225 1098 2267 constanti-

210 2283 337 2325 nopolim
347 2279 436 2324 usque
441 2279 615 2322 faciendum
637 2289 689 2311 nos
710 2283 957 2319 preparat-imus
971 2300 981 2316 ,
1009 2285 1098 2319 atque

210 2334 248 2366 de
257 2331 308 2366 hoc
332 2342 390 2366 uno
407 2331 538 2364 Concilio
561 2328 735 2364 celebrando
758 2324 923 2369 consinfiim
936 2324 1097 2368 Episcopo-

212 2394 300 2422 rm,
323 2386 377 2424 qui
399 2386 431 2413 in
444 2383 613 2414 Provinciis
632 2375 834 2420 manserant,
859 2377 921 2409 una
947 2374 1093 2418 nobiscum

212 2431 368 2467 attulimus
377 2455 385 2463 .
417 2432 527 2463 Idcirco
539 2439 631 2470 neque
642 2428 764 2471 longiori
776 2431 882 2459 itinere
892 2433 964 2467 opus
976 2425 1028 2468 effe
1045 2436 1097 2459 ex-

208 2481 438 2526 spec‘labamus,
465 2490 559 2521 neque
568 2479 606 2511 de
616 2477 672 2511 ullo
683 2477 740 2511 alio
761 2478 879 2509 omnino
901 2484 972 2508 ante
983 2483 1099 2517 accepe-

212 2543 316 2566 ramus
328 2556 340 2572 ,
365 2531 457 2573 queim
468 2527 718 2570 Constantinopoli
727 2531 759 2559 in
777 2536 871 2558 unum
891 2525 956 2568 effet
973 2534 1098 2558 conven-

214 2592 282 2615 tum
292 2605 300 2613 .
327 2585 393 2615 Huc
403 2580 534 2618 accedit,
551 2575 798 2620 quidpraeflituti
808 2581 949 2616 temporis
960 2573 1102 2622 angustia,

216 2641 308 2674 neque
318 2630 363 2663 ad
371 2630 483 2673 longius
491 2634 548 2661 iter
553 2626 730 2669 parandum
739 2648 750 2665 ‚
776 2635 870 2667 neque
881 2625 925 2657 ad
937 2623 1102 2667 Episcopat-

217 2679 387 2724 infingulis
401 2681 569 2712 Provinciis
583 2699 595 2717 ,
621 2679 673 2719 qui
693 2672 768 2717 sunt
793 2672 926 2717 eJ‘usdem
951 2672 1099 2717 nobiscum

219 2734 428 2765 communionis
442 2752 453 2769 ,
478 2729 515 2761 de
537 2726 592 2763 hac
606 2737 638 2760 re
656 2723 959 2765 commonefaciendos
970 2745 982 2763 ‚
1004 2735 1100 2768 ¹neque

219 2782 264 2815 ad
287 2790 382 2814 eorum
408 2774 560 2820 consensus
585 2775 756 2809 obtinendos
778 2773 856 2817 satis
878 2772 973 2816 spatii
996 2775 1098 2811 dedit.

219 2828 405 2865 orientales
415 2826 593 2869 Episcopos
606 2825 764 2860 Damasus
776 2823 824 2858 bis
835 2824 967 2858 vocavit
988 2823 1030 2859 ad
1041 2826 1099 2868 Sy·-

220 2878 366 2915 nodum:
394 2876 506 2912 Primo
526 2875 568 2909 ad
590 2873 1019 2919 Constantinopolitanam‚
1043 2874 1095 2910 de-

221 2929 300 2967 inde
321 2929 362 2964 ad
386 2927 595 2963 Romanam.
622 2923 991 2969 Constantinopolitana
1009 2923 1099 2960 dam-

222 2980 318 3015 navit
336 2977 527 3013 Maximum
540 2974 729 3018 Cynicum,
754 2975 898 3013 Romam
921 2973 976 3009 hic
989 2973 1030 3010 ab
1041 2975 1099 3013 illa

223 3028 441 3074 provocavit,
466 3027 501 3061 &
524 3025 687 3060 accusavit
712 3026 811 3069 ipsam
836 3026 877 3060 de
895 3023 1025 3064 multis,
1054 3026 1099 3060 Et

223 3079 293 3114 haec
305 3077 420 3112 omnia
430 3074 625 3110 retractanda
635 3073 782 3118 judicans
794 3077 952 3112 Pontifex
962 3086 1097 3111 omnem

223 3128 399 3173 Synodum
420 3125 571 3161 evocavit
589 3125 735 3159 Romam
755 3149 766 3165 ,
813 3126 928 3161 volens
945 3126 1013 3162 illic
1037 3127 1099 3171 ple-

223 3180 391 3214 niffirnum
413 3188 455 3211 ex
466 3174 652 3213 Occidente
676 3174 711 3209 δε
731 3175 868 3212 Oriente
890 3176 1012 3222 agitare
1024 3189 1099 3212 con-

223 3240 359 3264 ventum
373 3253 383 3270 ,
408 3227 442 3262 &
461 3236 596 3261 omnem
607 3222 889 3262 christianitatem
914 3228 1098 3271 pacificare.

223 3280 317 3314 Hinc
328 3278 370 3313 de
383 3289 452 3312 non
463 3277 554 3312 factis
563 3275 604 3311 ad
625 3285 755 3311 tantum
765 3276 825 3311 iter
850 3278 883 3312 δε
906 3288 1031 3313 tantam
1043 3279 1100 3322 Sy-

224 3330 349 3364 nodum
363 3326 619 3373 praeparamentis
629 3350 641 3367 ‚
666 3324 706 3360 de
718 3337 785 3360 non
798 3327 900 3370 petito
926 3341 964 3364 ac
987 3328 1101 3364 obten-

224 3390 261 3416 to
274 3378 457 3417 absentium
469 3378 683 3425 collegarum
699 3376 832 3413 adsensu
843 3401 856 3420 ‚
881 3379 914 3417 &
934 3379 976 3415 de
999 3379 1099 3414 nimis

1874 116 1894 157 3
1906 108 1967 155 0”9

1153 179 1294 224 angusto
1308 180 1347 214 ad
1361 179 1419 214 ista
1431 191 1520 216 nune
1542 179 1720 224 supplenda
1733 189 1878 227 tempore
1899 184 2032 227 Episco-

1155 230 1186 273 pi
1209 231 1258 264 illi
1282 232 1310 264 se
1330 232 1544 265 excusarunt.
1573 231 1684 266 Aliam
1709 235 1872 268 rationem
1898 234 2032 269 adducit

1157 281 1191 314 in
1216 281 1457 325 supralaudatis
1484 281 1525 316 ad
1547 281 1783 326 Imperatorem·
1801 282 2031 319 Theodosium

1154 330 1269 365 litteris
1295 333 1425 365 Sanetus
1437 331 1650 366 Ambrofius:
1678 334 1757 366 Sane
1781 334 1912 378 allegata
1939 339 2031 368 τεκαὶ,

1154 392 1219 415 mus
1244 405 1255 421 ‚
1283 393 1339 414 non
1358 379 1519 422 definiendi
1541 405 1551 421 ‚
1573 381 1630 425 sed
1653 383 1814 422 instruendi
1835 390 1957 428 gratia.
1985 387 2032 418 Ee

1155 437 1206 473 qui
1226 432 1377 472 judicium
1401 436 1565 473 petivimus
1580 455 1591 472 ,
1618 444 1674 466 non
1700 434 1864 476 deferimus
1885 435 2037 477 prejudi-

1153 487 1251 513 cium.
1278 486 1385 524 Neque
1411 481 1503 515 ullum
1525 492 1621 514 eorum
1646 483 1854 522 aeflimandum
1872 489 2034 518 convitium

1147 530 1214 572 fuit
1236 555 1246 570 ,
1273 533 1393 573 quando
1414 537 1445 564 in
1467 543 1614 567 commune
1638 531 1779 575 consuluit
1800 559 1807 565 .
1846 535 2034 570 Orientales

1157 581 1312 624 Episcopi
1333 581 1484 616 videntur
1498 582 1629 616 Damasi
1640 582 1814 626 Synodum
1825 586 1982 619 accusaffe
1992 585 2034 619 de

1154 629 1300 664 duobus.
1327 630 1462 670 Primo,
1489 630 1578 675 quod
1603 632 1747 668 Maximi
1759 634 1881 677 Cynici
1903 636 2033 669 causam

1154 680 1220 724 jam
1229 679 1398 724 judicaffet
1411 682 1445 715 in
1458 682 1513 715 sua
1526 692 1638 717 mente
1650 706 1661 722 ,
1689 683 1827 728 ideoque
1843 685 1876 719 se
1887 685 2032 719 Romam

1157 732 1265 765 vocari
1284 756 1296 773 ‚
1326 743 1393 766 non
1418 729 1458 765 ad
1484 729 1693 774 synodaliter
1718 733 1953 776 judicandum,
1980 734 2035 769 sed

1155 781 1328 815 dumtaxat
1353 781 1393 815 ad
1416 780 1620 825 praejudicata
1643 780 1805 817 audienda
1821 808 1828 816 .
1860 784 2036 826 Secundo,

1156 830 1246 874 quod
1259 832 1349 866 istius
1364 831 1534 872 Maximi,
1562 829 1708 867 hominis
1728 831 1918 876 neophyti,
1940 834 1976 867 δε
1995 834 2038 868 de

1156 878 1306 916 haeretico
1317 893 1422 916 errore
1444 882 1575 922 notati,
1600 892 1641 915 ex
1655 881 1746 917 vario
1756 883 1862 927 capite
1885 882 2039 928 irregula-

1156 941 1223 965 rem
1245 932 1490 974 promotionem
1514 931 1675 975 probasset
1697 944 1774 968 cum
1786 934 1841 968 sua
1855 933 2041 977 ignominia

1156 990 1252 1026 atque
1273 983 1424 1016 convitio
1446 1007 1454 1014 .
1493 982 1624 1026 Nempe
1648 982 1783 1018 istorum
1803 984 2041 1027 Epist-operum

1158 1029 1293 1072 quidam
1306 1030 1411 1066 adhuc
1422 1030 1606 1067 retinebant
1619 1032 1744 1077 aliquid
1757 1034 1934 1068 Eusebiani
1947 1033 2045 1067 finto·

1159 1080 1200 1113 ris
1211 1104 1222 1120 ‚
1250 1080 1307 1124 qui
1328 1081 1489 1123 scripserat
1511 1083 1552 1116 de
1562 1082 1732 1118 Athanasii
1750 1084 1844 1118 causa
1862 1084 1904 1119 ad
1918 1083 2043 1127 Iulium
2164 1100 2201 1126 q,

1158 1129 1300 1174 Papam:
1329 1132 1544 1163 Contumelias&
1556 1131 1654 1174 agitur
1666 1146 1731 1167 cum
1735 1135 1842 1174 judice
1856 1158 1867 1175 ,
1892 1136 1975 1176 cujus
1989 1135 2044 1174 Ju-

1159 1181 1269 1212 dicium
1291 1180 1329 1212 ab
1351 1181 1420 1213 alils
1433 1187 1643 1213 examinatur.
1671 1182 1753 1215 Haec
1766 1193 1881 1228 purgat
1902 1182 2046 1217 Ambro-

1160 1230 1219 1263 sius
1231 1252 1242 1268 ‚
1267 1230 1493 1272 monstratque
1505 1241 1607 1264 vacua
1620 1230 1847 1266 fundamenti.
1877 1232 1919 1265 Et
1928 1233 2047 1266 Orien·

1160 1279 1239 1314 tales
1265 1278 1324 1313 ista
1349 1289 1418 1312 non
1444 1277 1531 1322 apud
1556 1279 1761 1320 Damasum,
1786 1281 1840 1316 sed
1873 1282 2048 1316 dumtaxat

1161 1328 1246 1374 apud
1264 1327 1497 1365 Theodosium
1522 1328 1726 1374 allegarunt.
1753 1331 1876 1365 Omnis
1899 1342 2047 1367 reveren-

1160 1380 1211 1414 tiae
1221 1379 1403 1424 plenissima
1414 1378 1459 1414 est
1469 1377 1646 1421 Synodalis
1658 1380 1698 1414 ad
1710 1380 1891 1415 Damasum
1907 1381 2024 1416 relatio
2034 1404 2047 1421 ,

1161 1430 1302 1476 ideoque
1324 1429 1392 1474 ipse
1412 1428 1454 1464 ad
1476 1428 1568 1464 illam
1590 1430 1766 1473 rescripsit:
1794 1432 1890 1475 ‚Quid
1912 1430 2048 1473 debitam

1161 1483 1180 1515 5
1181 1482 1231 1516 edi
1242 1479 1407 1523 Aptfiolieae
1419 1486 1622 1514 reverentiam
1631 1478 1751 1515 exbibet
1761 1481 1908 1516 Charitas
1925 1481 2024 1522 vestra
2036 1504 2049 1522 ,

1160 1530 1246 1565 vobis
1267 1528 1335 1571 ipfis
1355 1531 1520 1572 plurimum
1537 1529 1691 1572 praestatis
1704 1555 1715 1572 ‚
1737 1531 1795 1573 filli
1821 1531 2027 1572 honora-tissimi
2038 1557 2047 1565 .

1163 1578 1343 1615 Adunatos
1353 1578 1562 1622 Synodaliter
1582 1590 1626 1614 ex
1646 1580 1740 1615 omni
1754 1581 1894 1617 Oriente
1915 1582 2050 1626 Episco-

1159 1640 1244 1674 pos,
1267 1640 1338 1664 non
1348 1629 1480 1670 fratres,
1508 1629 1564 1664 sed
1586 1630 1675 1665 filios
1701 1641 1822 1675 vocat,
1848 1630 1938 1675 quod
1961 1643 2050 1669 nem-

1161 1678 1199 1723 pe
1223 1677 1322 1713 &illi
1334 1678 1440 1723 ipsum
1453 1679 1633 1715 titulassent
1652 1680 1803 1715 Patrem.
1837 1682 1936 1718 Adeo
1959 1693 2050 1718 vetu-

1160 1729 1208 1764 sta
1220 1728 1265 1765 est
1287 1728 1356 1764 haec
1369 1728 1611 1774 Episcoporum
1634 1730 1669 1764 in
1681 1731 1799 1766 Romae
1818 1733 1936 1767 veteris
1950 1732 2051 1767 Anti-

1160 1779 1271 1815 ssitem
1281 1780 1482 1816 reverentia.
1509 1781 1556 1815 Et
1577 1781 1772 1826 pergitille:
1798 1782 1944 1816 Timothei
1963 1782 2052 1816 abdi-

1159 1836 1302 1865 tationem
1312 1832 1417 1874 quida
1430 1842 1477 1865 me
1487 1831 1585 1865 denuo
1597 1837 1775 1873 requiritis,
1801 1838 1853 1875 qui
1881 1834 1916 1868 ὁ·
1935 1831 1984 1865 hie
1998 1835 2051 1874 J'u-

1133 1915 1136 1919 ,
1159 1883 1236 1915 dicio
1243 1880 1328 1925 sedis
1341 1881 1506 1925 Apostolicae
1518 1904 1529 1921 ,
1552 1880 1699 1925 praesente
1711 1885 1802 1916 Petro
1814 1884 1901 1917 sedis
1921 1884 2052 1917 Alexan-

1159 1932 1258 1964 drinae
1269 1930 1438 1974 Episcopo,
1463 1931 1622 1966 abdicatus
1632 1932 1671 1973 est
1680 1934 1742 1966 una
1754 1944 1818 1966 cum
1838 1933 1977 1978 Magistro
1994 1932 2057 1977 suo

1159 1977 1354 2023 Apollinari?
1378 1981 1442 2015 Ista
1453 1981 1606 2023 Synodus
1617 1983 1682 2016 fuit
1706 1981 1789 2017 adeo
1810 1986 1946 2018 reverita
1958 1983 2054 2026 Apo-
2114 1986 2121 1995 ‘

1159 2030 1308 2064 stolicam
1319 2030 1436 2066 Sedem
1448 2055 1460 2071 ,
1487 2042 1523 2066 ut
1536 2033 1635 2066 etiam
1645 2032 1712 2075 jam
1726 2044 1782 2076 per
1793 2029 1895 2076 ipsam
1914 2034 2057 2068 damna-

1158 2079 1185 2111 ti
1206 2077 1385 2114 Timothei
1406 2079 1655 2114 damnationem
1677 2083 1847 2123 retulerit,
1874 2083 1910 2118 δε
1932 2083 2054 2127 suppli·

1159 2127 1240 2161 catit
1266 2127 1468 2161 confirmari.
1495 2128 1600 2174 Qod
1624 2130 1741 2172 nempe
1763 2132 1854 2165 sciret
1875 2134 1944 2167 fine
1957 2133 2052 2176 Apo-

1159 2177 1273 2213 stolica
1294 2176 1378 2212 Sede
1401 2187 1470 2211 non
1493 2177 1581 2220 posse
1599 2176 1640 2211 de
1660 2177 1726 2212 fide
1747 2178 1902 2222 judicari.
1933 2182 2048 2217 Exstat

1160 2227 1308 2270 Epistola
1329 2226 1417 2269 apud
1439 2226 1477 2259 T
1479 2226 1697 2261 heodoretum
1715 2253 1722 2260 .
1751 2228 1796 2263 Et
1816 2241 1858 2264 ex
1882 2229 1934 2265 his
1955 2231 2049 2266 vides
2065 2252 2115 2283 Hb
2154 2262 2169 2288 5

1161 2277 1322 2310 tationem
1334 2300 1345 2316 ,
1370 2286 1411 2310 ex
1436 2286 1500 2318 qua
1513 2276 1658 2310 Romam
1679 2279 1832 2314 accedere
1854 2280 2046 2317 detrectavit
2061 2275 2123 2332 cap]
2140 2274 2182 2325 ,οἶ

1163 2325 1535 2369 Constantinopolitana
1559 2325 1733 2369 Synodus,
1759 2339 1829 2366 non
1848 2331 1941 2366 fuisse
1962 2343 2047 2367 erro-

1161 2387 1230 2413 rem
1250 2374 1292 2409 de
1304 2376 1448 2418 suprema
1474 2385 1571 2420 atque
1582 2371 1807 2421 inappellabili
1818 2381 1951 2417 suorum
1961 2382 2050 2426 judi·

1163 2425 1289 2461 ciorum
1307 2425 1518 2460 austoritate.

1213 2476 1332 2511 Sextus
1341 2486 1428 2510 error
1438 2475 1483 2510 est
1498 2477 1533 2510 in
1547 2474 1600 2511 his
1610 2476 1732 2513 verbis:
1760 2483 1797 2513 In
1809 2481 1943 2524 Epistola
1964 2485 2047 2523 syno-

1164 2528 1233 2560 dica
1257 2526 1303 2559 ad
1327 2523 1491 2568 Damasum
1517 2528 1553 2561 ὁ·
1577 2529 1624 2561 ad
1646 2530 1789 2568 synodum
1825 2534 2046 2568 occidentalem

1164 2587 1222 2611 mn
1244 2575 1387 2609 dubitant
1398 2574 1548 2619 scribere,
1570 2576 1606 2621 se
1625 2590 1703 2612 anno
1708 2578 1853 2622 superiori
1878 2585 2046 2618 Concilium

1158 2625 1297 2670 generale
1328 2624 1512 2669 celebravisse
1537 2651 1549 2667 ,
1587 2628 1707 2672 tametfi
1735 2631 1814 2664 illud
1838 2633 1979 2671 constaret
2003 2646 2043 2668 ex

1161 2675 1235 2719 solis
1246 2673 1404 2719 Episcopis
1417 2677 1631 2712 Orientalibus.
1661 2682 1854 2723 ,Quapropter
1864 2688 1897 2715 in
1910 2686 2045 2717 Concilio

1164 2724 1339 2768 Aquileienfi
1360 2726 1438 2760 rede
1460 2727 1579 2761 dicebat
1604 2729 1764 2771 Ambrofius
1784 2732 1836 2774 effe
1861 2731 2042 2776 consuetudi-

1161 2788 1231 2810 nem
1241 2774 1411 2819 hujusmodi
1425 2801 1436 2818 ,
1461 2786 1496 2811 ut
1505 2781 1537 2819 in
1550 2782 1671 2812 oriente
1683 2782 1878 2814 Orientalium
1889 2784 1954 2825 effer
1964 2788 2041 2816 Con-

1159 2828 1260 2860 cilium
1278 2851 1289 2868 ,
1312 2832 1394 2860 intra
1407 2828 1593 2861 Occidentem
1613 2831 1867 2864 occidentalium.
1895 2833 2044 2876 Respon-

1160 2876 1224 2911 deo
1235 2877 1302 2912 fine
1315 2876 1472 2914 Romano
1495 2879 1661 2923 Episcopo
1681 2890 1750 2914 non
1771 2881 1858 2924 poste
1868 2882 1932 2916 effe
1942 2894 2043 2928 gene-

1160 2926 1262 2962 ralem
1274 2925 1447 2971 Synodum
1461 2953 1468 2961 .
1495 2928 1540 2963 Et
1557 2926 1648 2963 hunc
1659 2931 1722 2964 effe
1740 2941 1929 2974 perpetuum
1941 2943 2040 2975 atque

1160 2977 1349 3012 unanimem
1362 2978 1541 3014 orientalis
1555 2979 1701 3014 Ecclesiae
1713 2981 1840 3013 sensum
1854 3005 1865 3020 ‚
1890 2980 1934 3013 est
1947 2982 2041 3025 supra

1160 3026 1417 3065 demonstratum
1430 3054 1437 3061 .
1466 3030 1509 3063 Et
1532 3028 1610 3063 hinc
1630 3030 1672 3064 de
1683 3028 1744 3063 hac
1757 3029 2040 3074 Constantinopo-

1161 3077 1260 3112 litana
1282 3078 1420 3122 Synodo
1444 3078 1552 3114 scribit
1573 3079 1673 3113 Nilus
1687 3080 1934 3123 Doxopatrius:
1960 3083 2039 3114 Cum

1161 3133 1289 3170 quinque
1300 3129 1351 3170 effe
1364 3129 1597 3163 Patriarebatus
1608 3129 1674 3172 esset
1686 3130 1873 3173 necessarium
1884 3155 1895 3170 ‚
1915 3138 2037 3172 propte-

1158 3180 1212 3211 red
1231 3180 1361 3220 spiritus
1384 3179 1509 3213 saneim
1523 3185 1616 3213 movit
1620 3177 1761 3222 sanilam
1786 3182 2036 3214 &oecumenicam

1121 3252 1123 3254 -
1155 3226 1320 3271 secundam
1330 3229 1552 3272 synodumque»
1563 3238 1667 3264 contra
1676 3232 1882 3263 Macedonium
1894 3229 2037 3270 Constan-

1160 3279 1279 3320 tinopoli
1289 3277 1327 3319 est
1337 3279 1446 3321 conda,
1455 3279 1652 3324 praesentibus
1663 3279 1794 3313 omnibus
1808 3277 1989 3322 Praesulibus
2001 3282 2035 3314 <⁴5

1160 3333 1302 3361 maximis
1309 3326 1428 3371 sedibus
1435 3329 1661 3372 praesidentibus
1673 3354 1684 3370 ,
1710 3329 1840 3373 Damaso
1854 3328 1967 3373 scilicet
1980 3334 2034 3363 Ro-

1161 3391 1248 3413 mano
1256 3403 1268 3420 ,
1287 3380 1489 3415 Alexandrino
1501 3405 1512 3422 ‚
1527 3380 1780 3424 Hierofthmitano
1790 3382 1824 3415 (τ
1836 3379 2013 3463 Ληνὶαεζηο
2026 3401 2037 3410 .

1974 3439 1987 3463 t
