2366 3756
112 1733 197 1761 Strm.
219 1733 267 1766 98.

563 117 1079 150 CONCILIUM

293 194 375 227 ullas
397 192 537 224 fixorum
558 190 755 233 jejuniorum
768 189 854 232 leges
874 198 934 221 nec
945 186 985 219 ab
997 184 1166 228 Apostoiis

290 241 471 284 acceperit,
499 252 558 274 nec
580 239 638 273 fibi
649 239 772 273 dudum
799 237 987 280 imposuerit
1000 234 1141 269 Ecclefia
1155 259 1165 274 ,

289 293 395 336 liquet
419 302 459 325 ex
479 291 595 324 eodem
605 287 807 322 Tertulliani
830 286 933 326 libro,
958 286 1185 327 confirmant-i

289 353 354 384 que
365 351 439 375 curn
458 340 601 383 pluribus
626 338 698 372 aliis
711 335 867 370 Eusebius
881 336 1102 375 Caesariensis,
1128 345 1165 367 ac

289 391 326 425 in
349 390 465 424 litteris
486 390 527 424 ad
553 388 750 422 casulanum
774 385 1004 428 Presbyterum
1032 386 1165 423 Sanetus

288 438 514 485 Augustinus.
541 438 583 472 Et
595 436 887 470 pontificalisiibri
915 437 1002 479 prior
1013 436 1112 478 usque
1126 432 1166 467 ad

285 491 487 532 sylvestrum
514 498 583 530 pars
602 511 613 527 ‚
651 487 685 520 δε
707 498 823 520 omnes
849 486 910 519 iliae
934 496 989 529 per
1010 485 1166 519 isidorum

288 540 506 573 Mercatorem
528 548 566 570 ex
591 537 751 578 Hispania
775 538 808 569 in
829 535 998 569 Franciam
1020 535 1167 578 deporta-

288 599 327 622 tae
353 589 578 621 Romanorum
602 586 804 619 Pontificum
827 585 980 628 Epistoiae
1004 596 1070 619 non
1093 585 1166 618 sunt

287 637 496 671 authenticae.
525 636 686 684 Qaterni
711 635 804 679 hujus
825 635 939 679 jejunii
952 635 1059 668 nullus
1069 635 1167 668 etiam

287 688 446 730 posterior
458 688 588 720 Graecus
600 686 751 720 meminit
763 710 773 725 ,
786 685 917 728 ejusque
931 686 1036 729 legem
1053 685 1168 720 Orien·

290 737 364 770 talis
394 737 534 771 Ecciefia
558 747 736 779 numquam
758 734 884 769 admifit
905 760 911 767 .
942 735 1045 778 Ipsam
1067 733 1167 767 admi-

288 786 356 820 siffe
394 787 520 820 videtur
559 785 777 820 Gerundenfis
802 784 956 828 Synodus
984 809 995 824 ,
1022 794 1166 818 attamen

288 837 375 871 infra
399 835 607 869 pentecostes
629 837 790 870 Odiavam
810 847 877 869 non
901 846 991 868 more
1014 835 1168 868 Romano

287 884 491 920 sabbathum
513 886 547 919 &
563 897 639 919 cum
661 888 749 919 sexta
773 895 921 932 quartam
944 885 1058 919 feriam
1075 909 1086 925 ‚
1117 885 1167 918 sed

289 934 440 978 quintam
465 934 599 978 jejunari
622 934 775 976 mandat,
803 946 897 977 atque
908 937 953 969 ita
977 945 1067 968 tanta
1082 934 1170 968 Lati·

289 996 405 1018 narum
427 986 525 1019 etiam
540 985 751 1019 Ecclesiarum
776 986 910 1019 varietas
924 986 1047 1018 evincit
1059 985 1166 1029 legem

289 1046 359 1068 non
383 1036 445 1068 ess'e
467 1035 740 1078 antiquissimam.
768 1034 971 1069 Crediderim
992 1035 1168 1068 effeintro·

288 1083 417 1118 ductam
433 1084 586 1128 paulatim
606 1084 874 1120 consuetudinem
886 1111 896 1126 ,
925 1097 1021 1129 quam
1036 1085 1169 1118 Sanctus

284 1133 451 1176 Sylvester
472 1136 648 1169 efformarit
670 1137 703 1169 in
725 1136 851 1180 legem.
880 1135 969 1170 Nam
990 1135 1030 1168 ab
1045 1136 1112 1178 ipso
1123 1135 1167 1168 est

288 1184 324 1216 &
347 1183 502 1218 Sabbathi
523 1185 682 1228 jejunium
708 1211 716 1218 .
757 1186 801 1219 Et
824 1185 903 1219 hinc
928 1186 1073 1230 Magnus
1100 1185 1169 1217 Leo

289 1243 482 1275 quaternum
505 1234 569 1269 hoc
593 1235 753 1278 jejunium
780 1235 862 1269 dicit
887 1235 950 1269 effe
978 1237 1084 1279 legem
1111 1234 1170 1267 Pa-

288 1291 374 1317 trum
393 1308 399 1315 .
427 1285 520 1318 Hinc
543 1286 622 1319 item
638 1287 705 1329 ejus
726 1297 786 1319 nec
798 1286 930 1320 Sanstus
943 1285 1147 1329 Augustinus
1161 1309 1170 1323 ,

287 1343 351 1365 nec
364 1334 448 1367 unus
461 1334 539 1367 Afer
553 1335 643 1369 istius
667 1337 820 1378 temporis
834 1360 844 1375 ,
874 1348 933 1370 nec
945 1338 1079 1369 Sanctus
1092 1334 1157 1368 Am

287 1381 411 1416 btofius
426 1385 594 1423 meminit,
621 1386 654 1418 &
666 1387 751 1417 circa
769 1386 837 1424 ejus
861 1386 995 1416 modum
1010 1385 1168 1424 Hispania

291 1432 425 1464 variavit
448 1456 454 1463 .
483 1430 586 1479 Qdd
612 1431 734 1474 nempe
770 1430 809 1463 ad
836 1431 1028 1465 Sabbathini
1054 1432 1167 1474 jejunii

287 1479 390 1511 instar
412 1480 429 1509 ὲ
457 1481 610 1511 Romana
636 1480 779 1510 Ecclesia
806 1479 846 1509 ad
874 1480 952 1510 alias
978 1480 1170 1511 Provincias

286 1536 356 1559 non
372 1526 428 1558 nisi
453 1524 648 1568 pedetentim
674 1527 709 1560 sit
722 1525 901 1559 tradustum
916 1551 923 1557 .

338 1574 445 1609 Unde
465 1574 518 1608 hic
552 1576 693 1609 nascitur
717 1575 866 1619 quaestio,
897 1574 1080 1620 Qomodo
1101 1577 1173 1609 Ma-

285 1636 374 1669 gnus
384 1625 455 1658 Leo
479 1626 583 1668 ipsum
604 1626 738 1658 affirmet
768 1627 830 1658 effe
852 1625 1065 1659 traditionem
1082 1625 1174 1669 Apo-

284 1675 436 1708 :stolicam
465 1676 477 1707 ?
516 1675 726 1709 Lucidiffima
763 1675 836 1708 sunt
863 1672 930 1708 haec
957 1676 1024 1719 ejus
1051 1675 1171 1710 verba:

284 1726 397 1758 Merito
417 1722 619 1767 disposuerunt
634 1725 797 1766 Apostollcae
822 1723 990 1767 sanlliones
1006 1751 1016 1766 ‚
1042 1736 1075 1758 ut
1093 1736 1174 1759 vete-

285 1786 355 1807 rum
374 1776 555 1814 jejuniorum
579 1777 695 1808 utilitas
716 1782 903 1816 permaneret
916 1801 927 1815 ,
952 1777 1064 1809 &licet
1076 1779 1174 1809 Eccle-

283 1823 336 1866 fiae
351 1823 520 1866 consuetudo
541 1825 749 1865 prolixioribus
769 1824 802 1868 se
814 1825 1047 1868 castigationibus
1063 1838 1174 1859 exerce-

291 1884 323 1907 re
345 1875 487 1919 didtctffet
502 1899 514 1915 ‚
540 1875 767 1917 amplecteretur
792 1884 893 1909 tamen
903 1881 1091 1910 continentiae
1100 1874 1192 1922 san-¹

1150 101 1831 149 FLORENTINUM.

2017 120 2038 163 5

1232 187 1431 229 &ficationem
1452 200 1490 221 ex
1501 189 1562 232 lege
1572 195 1756 223 venientem.
1784 188 1903 234 ‚Quibus
1923 193 2001 222 enim
2013 191 2103 222 dona-

1232 246 1294 270 tum
1318 247 1384 270 erat
1390 240 1466 280 poffe
1486 240 1567 281 quod
1573 242 1674 281 majus
1694 239 1751 279 est,
1776 241 1910 273 indecens
1914 238 1980 279 fuit
1992 250 2047 271 non
2059 251 2103 272 ce·

1231 287 1342 320 lebrare
1368 289 1449 329 quod
1466 295 1565 321 minus
1586 287 1623 328 est
1644 314 1651 320 .
1681 288 1878 330 Respondeo
1904 290 2007 330 ipsum
2034 287 2052 319 Ξῖ
2072 288 2104 321 se

1233 337 1301 378 ipso
1329 339 1451 378 exponi
1474 350 1481 368 ε
1509 339 1715 371 Dubitandum
1742 349 1798 369 non
1818 338 1856 377 est
1879 349 1991 371 omnem
2012 334 2104 380 obser·
2123 345 2197 374 Serm
2230 356 2274 380 4⁷·

1232 391 1371 418 vantiam
1394 385 1596 426 christianam
1621 390 1794 421 eruditionis
1821 387 1870 430 effe
1891 389 2008 420 divinae
2029 411 2043 428 ,
2068 388 2103 421 Θ
2122 393 2146 413 C·
2160 396 2182 413 ¹-

1230 435 1379 477 quidquid
1397 436 1435 467 ab
1448 433 1571 476 Ecclefia
1593 441 1624 468 in
1637 437 1872 478 consuetudinem
1892 436 1929 476 est
1939 438 2103 470 devotionis

1230 493 1375 526 receptum
1395 510 1406 525 ‚
1434 486 1468 517 de
1494 487 1653 517 traditione
1677 484 1831 527 Apostolica
1851 512 1861 526 ‚
1888 488 1922 520 (9⁹
1943 488 1979 520 de
2004 486 2103 519 sandi}

1231 537 1360 576 spiritus
1383 536 1502 576 prodire
1528 535 1662 568 domina
1685 560 1691 566 .
1721 535 1764 568 Et
1791 535 1825 567 in
1850 536 1915 567 alio
1940 537 2104 570 sermone:

1232 589 1312 618 Inter
1338 589 1435 617 omnia
1449 584 1612 626 Apostolicae
1631 584 1762 624 instituta
1786 584 1928 617 dodirmae
1941 610 1950 625 ‚
1976 599 2042 628 quae
2066 598 2103 619 ex
2123 586 2263 618 Serm.76‚

1232 636 1348 668 divinae
1372 634 1558 674 institutionis
1572 635 1662 676 fonte
1684 644 1846 667 manarunt
1871 660 1881 675 ,
1907 635 2026 667 dubium
2049 648 2106 669 non

1231 683 1267 723 est
1284 708 1294 724 ,
1320 684 1460 721 influente
1478 691 1510 717 in
1523 685 1655 726 Ecclefiae
1670 687 1824 726 Principes
1845 687 1956 726 spiritu
1979 686 2084 718 Sanc‘io
2096 711 2107 725 ‚

1231 733 1308 767 hanc
1326 741 1460 776 primam
1481 735 1520 767 ab
1541 741 1583 768 eis
1596 733 1815 777 observantiam
1819 734 1908 776 fuiffe
1920 743 2085 777 conceptam
2097 760 2107 775 ‚

1232 793 1265 817 ut
1282 782 1382 827 sanc‘li
1403 783 1603 827 observatione
1614 787 1727 825 jejunii
1755 790 1881 818 omnium
1894 790 2040 818 virtutum
2064 796 2108 819 re-

1229 836 1316 879 gulas
1340 834 1527 868 inchoarent.
1558 835 1741 880 Distinguit
1762 835 1941 878 jejunium,
1968 836 2002 869 &
2023 835 2108 869 fixos

1235 884 1322 918 illius
1334 884 1420 919 dies:
1449 885 1537 918 Istud
1548 886 1685 919 affirmat
1701 886 1912 919 traditionem
1933 885 1966 918 &
1980 886 2110 918 sanctio-

1236 946 1310 969 nem
1335 934 1584 978 Apostolicam,
1610 933 1708 969 hosce
1733 936 1795 970 esse
1821 945 2010 970 manantem
2036 934 2111 969 inde

1236 985 1448 1019 Ecciefiarum
1471 984 1740 1020 consuetudinem
1769 986 1802 1019 &
1826 986 1934 1031 legem
1958 986 2110 1018 patrum.

1235 1034 1518 1069 Consuetudinem
1531 1061 1540 1076 ,
1566 1047 1662 1079 quam
1679 1036 1810 1069 tandem
1822 1035 1932 1070 Patres
1955 1036 2112 1069 firmarint

1235 1085 1268 1119 in
1282 1086 1388 1128 legem
1400 1110 1407 1117 .
1437 1086 1603 1128 Ejusmodi
1627 1086 1697 1119 suas
1707 1086 1960 1120 consuetudines
1973 1085 2112 1119 Ecclesia

1236 1136 1510 1179 sempertitulavit
1527 1137 1705 1170 saniiiones
1729 1136 1957 1179 Apostolicas.
1987 1135 2029 1170 Et
2040 1146 2113 1179 qua-

1235 1196 1363 1219 ternum
1388 1184 1451 1219 hoc
1472 1186 1629 1228 jejunium
1651 1186 1791 1219 omnino
1806 1185 2089 1229 poffintApostoii
2103 1194 2120 1224 ,“

1235 1236 1280 1268 uti
1310 1235 1433 1269 &alios
1445 1237 1626 1280 Synagogae
1659 1236 1766 1270 bonos
1791 1247 1897 1270 mores
1913 1261 1923 1276 ,
1950 1246 2116 1269 commen-

1235 1285 1333 1319 dasse.
1366 1286 1500 1319 lnterim
1523 1285 1655 1319 Parrum
1680 1287 1781 1330 legem
1801 1286 1909 1320 omnis
1922 1286 2040 1320 Latina
2055 1285 2115 1318 Ec-

1236 1336 1327 1369 elefia
1342 1335 1472 1369 tandem
1495 1336 1643 1370 admisit.
1672 1336 1714 1370 Et
1734 1336 1914 1382 neglestam
1927 1337 1983 1371 suo
2000 1335 2115 1370 saeculo

1240 1385 1388 1424 pietatem
1402 1386 1541 1425 pra-,senti
1558 1386 1696 1418 Canone
1708 1387 1866 1428 reparavit
1881 1387 1998 1421 Viecor
2008 1388 2116 1419 secun-

1238 1432 1297 1465 dus
1344 1432 1444 1464 Aliud
1467 1432 1537 1472 ejus
1556 1434 1734 1466 Decretum
1755 1434 1866 1468 laudat
1886 1437 2013 1477 praefata
2026 1446 2117 1468 com-

1238 1479 1353 1520 pilatio
1375 1490 1382 1508 τ
1423 1481 1516 1520 ,Quod
1538 1481 1610 1511 nulli
1646 1482 1752 1512 Clerici
1774 1484 1945 1514 ordinentur
1969 1508 1978 1522 ‚
2006 1484 2062 1524 nist
2081 1491 2114 1517 in

1236 1526 1386 1559 Sabbatha
1412 1553 1418 1559 .
1459 1528 1563 1574 Qod
1591 1528 1695 1571 ipsum
1725 1530 1837 1564 statuit
1865 1530 2035 1565 Tolosana
2063 1544 2117 1575 per
2177 1542 2189 1553 ·

1235 1575 1377 1619 ejusdem
1410 1576 1555 1612 Victoris
1577 1579 1717 1621 Legatos
1755 1580 1913 1615 celebrata
1940 1582 2117 1624 Synodus:

1235 1628 1391 1660 Ordinatio
1412 1639 1468 1660 non
1483 1627 1542 1669 fiat
1556 1627 1614 1669 m'fi
1631 1630 1822 1671 Temporibus
1841 1629 2002 1673 secundum
2015 1635 2115 1665 Cano·

1238 1689 1290 1710 nes
1304 1675 1443 1716 statutis.
1480 1678 1532 1711 Est
1545 1678 1669 1712 Leonis
1683 1679 1762 1714 noni
1793 1681 1826 1714 in
1838 1681 2044 1726 Moguntina
2057 1684 2114 1725 Sy-

1239 1727 1328 1761 nodo
1350 1728 1524 1762 Decretum
1537 1742 1547 1761 :
1577 1728 1631 1762 Ab
1655 1727 1715 1764 hac
1729 1741 1863 1774 utraque
1879 1756 1888 1771 ‚
1915 1732 2004 1776 quod
2023 1734 2118 1776 plena

1238 1778 1390 1811 executio
1413 1788 1478 1811 non
1506 1780 1583 1812 effer
1606 1780 1684 1814 fasta
1703 1805 1714 1822 ,
1742 1781 1887 1817 Vistoris
1907 1783 2046 1826 synodo
2062 1794 2121 1817 no-

1240 1838 1350 1861 vatum
1373 1838 1469 1872 atque
1488 1829 1669 1863 firmatum.

390 3433 490 3473 Christ.
499 3438 572 3478 Lupi
583 3440 665 3479 oper.
681 3440 705 3469 T
706 3442 794 3471 om.V.
