2366 3756
357 109 906 179 304N1c0LA1
974 108 2003 162 sze'unnrponmmcrs

145 212 288 375 -
364 260 1040 385 DECRETUM
1093 278 1250 369 DE
1307 250 2035 383 SIMONIACIS.
2080 354 2093 361 Α,

519 459 732 521 JOminus
767 459 906 537 Papa'
925 467 1143 519 Nicolaus
1175 504 1189 529 ,
1238 467 1420 536 Synodo
1454 469 1502 520 in
1535 468 1716 521 Bafilica
1753 468 2121 523 Constantiniana.
2288 516 2292 522 ,

274 568 277 570 -
549 536 803 605 :praefidens
836 538 949 589 dixit
982 559 994 589 ε
1031 543 1146 603 Erga
1183 539 1460 591 simoniacos
1494 540 1660 590 nullam
1695 539 2035 592 misericordiam
2069 542 2123 590 in
2199 539 2202 542 ’
2250 540 2252 542 ’
2287 538 2289 541 ’

573 607 792 673 dignitate
820 608 1028 664 servanda
1063 608 1310 663 habendam
1326 608 1415 678 'effe
1448 608 1722 662 decernimus
1738 647 1753 672 ‚
1787 609 1871 677 sed
1884 613 2006 678 juxta
2028 616 2118 684 Ca-

572 697 738 731 nonum
774 679 1015 732 sanctiones
1038 718 1055 742 ,
1087 685 1132 732 &
1166 684 1361 732 Decreta
1395 679 1633 733 sandiorum
1669 687 1875 744 Patrum,
1909 700 1986 734 eos
2020 699 2120 733 om-

273 749 389 804 nino
421 748 704 813 damnamus,
741 768 794 802 ac
828 751 1113 823 deponendos
1147 750 1254 817 esse,
1289 752 1553 823 Apostolica
1587 755 1843 804 aussoritate
1880 750 2121 818 sancimus,

270 821 352 872 De
385 821 442 871 iis
482 837 637 876 autem
673 823 753 890 qui
800 839 891 874 non
925 842 1005 892 per
1052 825 1287 891 pecuniam
1321 861 1335 886 ‚
1383 821 1455 874 sed
1489 826 1625 888 gratis
1659 823 1757 874 sunt
1791 821 1819 873 ὲ
1855 823 2120 873 Simoniacis

271 887 468 942 ordinati
482 918 503 953 ,-
533 892 642 959 quia
676 892 859 960 quaestio
893 891 923 944 ὲ
955 895 1091 958 longo
1126 911 1327 964 tempore
1359 894 1423 944 est
1456 893 1620 946 diutius
1655 895 1868 944 ventilata
1893 931 1907 955 ,
1941 911 2122 945 omnem
2196 907 2200 911 ’

268 959 438 1014 nodum
489 960 730 1016 dubietatis
764 963 1028 1018 absolvimus
1060 1001 1073 1024 ,
1125 968 1191 1016 ita
1238 981 1287 1018 ut
1335 963 1460 1034 super
1495 966 1581 1018 hoc
1629 966 1844 1034 Capitulo
1899 967 2121 1016 neminem

268 1029 478 1101 deinceps
514 1032 736 1098 ambigere
772 1038 1100 1104 permittamuS.
1149 1037 1273 1109 Qia
1306 1039 1442 1099 igitur
1475 1035 1612 1106 usque
1647 1036 1763 1087 adeo
1799 1037 1891 1087 haee
1925 1051 2120 1087 venena-

265 1116 327 1155 ta.
351 1105 577 1171 pernicies
602 1105 810 1157 hastenus
846 1107 1032 1158 inolevit
1056 1142 1069 1167 ,
1107 1122 1157 1155 ut
1192 1108 1268 1157 vix
1303 1107 1512 1177 quaelibet
1549 1106 1741 1156 Ecclefia
1775 1107 1923 1157 valeat
1958 1107 2120 1174 reperi-

264 1174 335 1234 ri,
371 1191 470 1240 quae
505 1175 591 1226 hoc
626 1176 785 1227 morbo
820 1172 917 1227 non¹
949 1176 1002 1226 fit
1037 1177 1188 1244 aliqua
1222 1193 1276 1226 ex
1309 1193 1435 1246 parte
1470 1193 1676 1246 corrupta
1706 1215 1720 1239 ,
1754 1194 1831 1227 eos
1865 1179 1945 1244 qui
1981 1174 2120 1243 usque

263 1241 401 1293 modo
437 1247 573 1307 gratis
610 1244 707 1296 sunt
743 1245 770 1295 a
808 1249 1069 1296 Simoniacis
1107 1243 1348 1297 consecrati
1391 1284 1405 1309 ,
1438 1266 1529 1298 non
1563 1263 1657 1298 tam
1692 1246 1886 1296 Censura
1920 1246 2118 1311 justitiae,

263 1329 421 1379 quaml,
449 1313 749 1381 misericordiae
784 1318 950 1367 intuitu
997 1320 1045 1366 in
1080 1319 1276 1384 acceptis
1308 1317 1536 1367 ordinibus
1571 1335 1745 1368 manere
1779 1317 2075 1384 permittimus
2102 1336 2118 1366 z

230 1433 231 1436 ,
263 1382 364 1432 Nifi
402 1382 515 1431 forte
551 1384 639 1432 alia
673 1385 806 1451 culpa
832 1402 886 1434 ex
919 1386 1016 1435 vita
1051 1401 1203 1435 eorum
1238 1401 1396 1436 contra
1432 1391 1640 1435 Canones
1675 1390 1742 1436 eis
1776 1386 1956 1434 existat.
1996 1387 2121 1435 Tan-

263 1466 312 1500 ta
364 1451 533 1519 quippe
568 1454 724 1503 talium
773 1454 1015 1503 multitudo
1049 1455 1112 1504 est
1143 1492 1160 1515 ,
1215 1472 1268 1504 ut
1302 1456 1409 1503 dum
1456 1459 1644 1518 rigorem
1693 1457 1913 1505 Canonici
1949 1457 2120 1519 vigoris

260 1521 387 1589 super
423 1539 498 1573 eos
536 1520 704 1574 servare
741 1539 831 1571 non
866 1521 1085 1591 possumus
1118 1558 1133 1586 ‚
1169 1523 1337 1575 necesse
1373 1523 1426 1574 fit
1450 1558 1464 1583 ‚
1511 1539 1562 1572 ut
1597 1523 1906 1591 dispensatorie
1941 1523 1998 1574 ad
2034 1528 2119 1593 piae

263 1589 644 1657 condescensionis
678 1592 868 1641 studium
904 1593 1071 1643 nostros
1105 1595 1277 1643 animos
1312 1591 1370 1642 ad
1403 1592 1584 1661 praesens
1620 1595 1906 1643 inclinemus.
1943 1599 2013 1643 Ita
2049 1611 2117 1645 ta-

261 1664 365 1716 men
401 1664 662 1719 auctoritate
711 1660 952 1714 sanctorum
987 1663 1313 1731 Apostolorum
1335 1666 1459 1713 Petri
1505 1668 1551 1714 &
1586 1665 1708 1713 Pauli
1744 1665 2012 1715 omnimodis
2049 1668 2118 1722 in->

261 1731 546 1793 terdicimus,
582 1749 639 1781 ne
673 1732 916 1800 aliquando
950 1734 1115 1801 aliquis
1153 1731 1447 1783 Successorum
1482 1733 1726 1784 nostrorum
1761 1753 1815 1784 ex
1850 1736 1935 1785 hac
1972 1736 2117 1786 nostra

260 1802 534 1872 permistione
548 1804 768 1866 Regulam
806 1803 885 1852 fibi
922 1805 992 1853 vel
1028 1805 1165 1854 alicui
1200 1802 1384 1853 assumat
1412 1803 1483 1854 vel
1500 1803 1719 1872 praefigat.
1758 1807 1881 1876 Qia
1908 1805 1992 1854 hoc
2026 1823 2116 1856 non

260 1876 496 1925 auctoritas
548 1876 835 1942 antiquorum
871 1879 1053 1924 Patrum
1088 1873 1284 1939 jubendo
1316 1890 1395 1924 aut
1446 1873 1731 1930 concedendo
1777 1876 2077 1943 promulgavit
2098 1913 2114 1937 ‚

259 1944 333 1995 sed
371 1948 582 2014 temporis
619 1947 758 1997 nimia
792 1945 1018 1996 necessitas
1051 1944 1399 2012 permittendum
1434 1943 1462 1995 a
1492 1942 1625 1995 ¹nobis
1660 1944 1841 1994 extorfit*
1867 1981 1884 1994 .
1923 1949 1997 1995 De
2031 1964 2114 1996 cae-

259 2030 359 2065 tero
409 2031 560 2065 autem
607 2016 640 2066 fi
687 2019 789 2084 quis
835 2016 940 2064 hinc
967 2014 1274 2084 'imposterum
1319 2016 1380 2066 ab
1425 2032 1481 2065 eo
1528 2032 1663 2082 quern
1699 2016 1992 2065 Simoniacum
2028 2015 2114 2067 effe

259 2104 352 2137 non
385 2085 564 2136 dubitat
597 2123 611 2148 ,
663 2086 705 2136 se
743 2086 982 2136 consecrari
1050 2084 1260 2135 ermiserit
1292 2122 1309 2148 ,
1358 2090 1404 2136 &
1439 2085 1720 2136 consecrator
1755 2089 1800 2135 &
1835 2084 2112 2138 consecratus

261 2171 354 2207 non
403 2155 634 2222 disparems
667 2155 967 2204 damnationis
1003 2106 1264 2204 sententiam
1311 2153 1461 2204 subeat
1495 2189 1510 2214 ,
1558 2155 1631 2203 sed
1668 2170 1856 2222 uterque
1890 2156 2111 2225 depositus

258 2227 570 2297 poenitentiam
606 2241 710 2288 agat
744 2262 758 2286 ‚
792 2230 838 2274 ὅτ
871 2227 1071 2292 privatus
1107 2223 1134 2274 ὲ
1170 2226 1352 2292 propria
1385 2223 1607 2287 dignitate
1641 2224 1858 2292 persistat.
1934 2232 1937 2236 ’
2082 2230 2090 2247 ⁷

330 2295 639 2347 Nihilominus
675 2296 936 2345 auctoritate
971 2294 1233 2363 Apostolica
1266 2293 1567 2353 decernimus,
1604 2293 1730 2358 quod
1766 2297 1814 2343 in
1849 2296 1951 2345 aliis
1986 2302 2113 2348 Con-'

261 2368 466 2420 ventibus
501 2366 657 2418 nostris
692 2365 964 2417 decrevimus
990 2402 1004 2427 ‚
1040 2380 1090 2414 ut
1125 2363 1158 2412 fi
1191 2366 1294 2432 quis
1329 2364 1520 2432 pecunia
1539 2398 1554 2423 ,
1598 2364 1670 2411 vel
1705 2366 1848 2426 gratia
1886 2365 2108 2429 humana,

263 2442 337 2492 vel
378 2439 581 2509 populari
624 2432 695 2487 s6u
735 2438 918 2487 militari
959 2435 1150 2484 tumultu
1173 2470 1188 2496 ,
1226 2435 1314 2484 fine
1350 2431 1559 2484 concordi
1602 2436 1899 2485 &Canonica
1933 2438 2109 2489 electio-

266 2528 318 2560 ne
355 2528 407 2560 ac
447 2507 755 2561 benedictione
793 2505 1097 2559 Cardinalium
1137 2503 1452 2574 Episcoporum
1490 2540 1503 2563 ,
1544 2519 1597 2552 ac
1634 2502 1794 2554 deinde
1833 2503 2107 2573 sequentium

264 2580 467 2632 otdinum
505 2578 827 2643 Religiosorum
869 2578 1180 2641 Clericorumq,
1225 2575 1355 2625 fuerit
1391 2572 1655 2643 Apostolicae
1690 2573 1795 2623 Sedi
1831 2576 2106 2628 inthroniza-

265 2669 337 2702 tus
359 2690 373 2715 ,
410 2670 499 2702 non
523 2655 673 2720 Papa,
708 2650 783 2699 vel
818 2648 1099 2718 Apostolicus
1119 2683 1133 2708 ,
1168 2645 1243 2697 sed
1277 2645 1559 2714 Apostaticus
1598 2643 1810 2693 habeatur
1833 2681 1847 2705 ,
1883 2647 2106 2716 liceatque

267 2720 579 2772 Cardinalibus
616 2719 844 2790 Episcopis
865 2756 880 2781 ‚
935 2735 1036 2768 cum
1076 2714 1310 2780 Religiofis
1348 2720 1391 2766 δε
1416 2720 1564 2765 Deum
1604 2714 1860 2785 timentibus
1911 2719 2105 2769 Clericis

269 2798 314 2840 δε
342 2794 488 2840 Laicis
528 2827 541 2851 ‚
582 2789 825 2839 invasorem
868 2790 1004 2840 etiam
1040 2807 1144 2838 cum
1181 2787 1462 2837 anathemate
1488 2823 1502 2848 ‚
1541 2789 1585 2835 δι
1627 2786 1818 2835 humano
1859 2789 2024 2839 auxilio
2057 2794 2105 2841 δε

269 2859 452 2923 Ιὶᾳάἰ””,
500 2857 528 2909 ὲ
554 2858 665 2909 Sede
704 2860 962 2926 Apostolica
999 2860 1209 2927 repellere
1231 2894 1246 2921 ,
1302 2861 1347 2907 δε
1372 2874 1506 2927 quem
1544 2855 1728 2920 dignum
1767 2856 2061 2923 judicaverint
2083 2896 2103 2922 ,

270 2951 357 3002 prae
419 2947 520 2981 nere
535 2964 548 2977 .
585 2927 720 3001 Qod
745 2929 777 2978 si
801 2929 887 2979 hoc
923 2932 1040 2979 intra
1080 2929 1230 2996 urbem
1253 2927 1458 2997 perficere
1499 2929 1775 2995 nequiverint
1799 2965 1813 2989 ,
1851 2930 1994 2979 nostra
2025 2946 2104 2980 au-

269 3006 474 3053 &oritate
510 3000 765 3068 Apostolica
805 3015 931 3050 extra
972 2998 1122 3049 urbem
1152 3001 1406 3064 congregati
1432 3036 1446 3061 ‚
1503 3000 1550 3047 in
1586 2999 1690 3048 loco
1716 3001 1795 3067 qui
1824 3002 1886 3048 eis
1923 3002 2101 3069 placue-

270 3076 329 3127 rit
355 3110 368 3135 ,
408 3071 574 3134 eligant
600 3088 735 3139 quem
760 3068 1005 3134 digniorem
1044 3075 1088 3121 δε
1114 3073 1333 3122 utiliorem
1358 3068 1619 3138 Apostolicae
1653 3068 1750 3119 Sedi
1781 3069 2096 3138 perspexerint,

274 3140 474 3195 concessa
512 3142 557 3190 ei
592 3144 850 3191 auetoritate
887 3140 1064 3204 regendi
1110 3146 1153 3192 ἃ,
1191 3139 1448 3209 disponendi
1485 3157 1551 3189 res
1596 3143 1638 3189 &
1670 3142 1907 3192 utilitatem
1950 3140 2100 3189 sanetae

274 3217 490 3273 Romanae
526 3212 728 3261 Ecclefiae
754 3249 768 3272 ,
807 3210 1039 3261 secundum
1066 3212 1188 3293 quod
1223 3214 1266 3263 ei
1305 3212 1460 3261 melius
1488 3208 1710 3262 videbitur
1753 3216 1871 3277 juxta
1908 3212 2101 3281 qualitas

275 3300 368 3338 tem
408 3285 621 3353 temporis
643 3319 657 3347 ,
705 3282 827 3352 quasi
852 3287 943 3350 jam
983 3283 1168 3336 ommno
1206 3282 1525 3342 inthronizatus
1550 3281 1629 3332 lit.

1918 3452 2059 3489 set-10-
