2366 3756
93 732 154 764 Lib.
166 745 191 765 2.
202 742 228 765 c.

98 783 160 804 102·

329 133 870 179 106N1c0LA1

270 225 305 258 ἃ.
334 225 466 258 damnat
489 222 555 255 haec
581 221 760 269 Synodus‚
788 221 927 263 ideoque
953 218 1081 254 dandos
1117 220 1158 258 ab

273 275 345 317 ipsis
361 275 512 314 deinceps
523 271 658 307 ordines
673 296 684 312 ‚
711 282 770 304 nec
782 282 848 303 non
866 271 899 303 &
914 280 1024 313 praeter
1036 270 1160 314 Baptis-

273 320 365 357 mum
388 323 450 355 alia
473 318 705 359 Sacrhmentffi
736 319 812 354 licet
834 318 950 354 diserte
962 331 1031 354 non
1056 321 1160 364 expri-

271 384 340 405 mat
357 397 366 412 ‚
393 372 500 407 censet
526 371 615 409 irrita
636 371 670 403 &
693 369 782 403 nulla
804 395 812 402 .
841 370 890 403 Ea
910 371 1001 404 enim
1029 371 1158 415 Regula

273 433 354 456 tunc
382 421 490 465 passim
516 418 646 464 vigebat
658 443 667 452 .
696 419 739 453 Et
751 419 830 454 hinc
841 419 881 454 ad
893 421 966 454 talis
978 421 1158 456 ordinatio-

273 472 325 505 nis
348 473 510 510 valorem,
537 481 574 504 ut
595 470 803 504 simoniacus
814 471 995 514 Episcopus
1018 482 1076 514 pro
1096 472 1159 507 Ca-

273 521 403 556 tholico
425 519 595 555 haberetur
616 521 650 554 in
665 520 804 555 Ecclesia
817 546 829 562 ,
854 520 990 565 requirit
1003 521 1157 564 Synodus

274 570 467 605 Placentina
481 596 488 604 .

294 620 297 622 ’
326 622 381 656 De
404 621 483 664 Joan
491 621 538 654 nis
550 619 671 654 Mincii
685 619 877 655 Velitrensis
889 620 1042 666 Episcopi
1054 625 1088 656 in
1100 622 1158 657 Pa·

273 683 387 715 patum
411 672 588 705 intrusione
601 670 709 710 scribjt
723 672 793 706 Leo
806 671 986 717 Episcopus
1000 673 1158 707 Hostien-

272 722 312 756 fis
336 735 342 754 :
373 723 491 754 Inferet}
516 724 676 765 Gregorius
698 721 905 766 Later-artensis
927 748 937 763 ,
964 726 998 757 cb·
1021 721 1158 766 Tuscula-

273 771 370 814 nensis
398 776 503 804 Comes
519 795 530 815 ‚
555 779 700 813 comperto
726 770 854 805 Romani
878 771 1034 815 Pontificii·
1054 773 1133 816 obitu
1146 796 1158 813 ,

268 821 381 867 sociato
395 820 449 863 fibi·
463 822 596 858 Gerardo
611 821 782 864 Gallefienfi
789 847 800 862 ,
825 823 1012 856 &Romanir
1025 825 1158 857 Potenti-

272 872 330 906 bus
354 871 466 914 aliquot
478 896 488 911 ,
515 872 599 905 noc‘lu
621 882 685 905 cum
696 881 879 906 armatorum
891 872 989 906 turbis
1002 872 1157 915 Ecclesiam

273 923 334 957 una
356 917 532 964 pervadunt
551 948 561 965 ,
587 923 622 956 (5
638 925 668 967 J
673 934 797 956 oannem
821 924 1016 967 Velitrensem
1039 923 1157 967 Epist-o-

267 975 343 1016 p'um
356 997 367 1013 ‚
393 976 534 1006 Mincium
552 971 652 1014 posted
673 978 909 1017 cognominatam
921 999 932 1016 ‚
961 976 1082 1016 Papam
1092 984 1158 1008 con·

267 1023 420 1064 stituunt,
447 1023 605 1056 Renedreri
623 1024 668 1056 illi
678 1022 805 1066 imposito
828 1029 961 1058 nomine.
989 1025 1083 1068 ,Quod
1092 1025 1156 1058 cum

271 1076 384 1108 Petrus
416 1076 603 1115 Damianus,
633 1079 683 1106 vir
705 1075 798 1110 valde
817 1073 977 1119 Religiosus
993 1100 1003 1115 ‚
1028 1087 1116 1118 quem
1126 1087 1156 1109 eo

271 1131 399 1166 tempore
418 1126 439 1156 5
441 1123 587 1165 iepbanus
603 1126 692 1165 Papa
706 1123 744 1157 ab
755 1128 864 1160 Eremo
877 1126 1045 1166 extrac‘lum
1055 1132 1089 1160 in
1100 1131 1157 1160 Ho-

267 1173 367 1216 fitensi
373 1173 501 1215 Ecclesia
513 1173 692 1217 Episcopum
694 1174 834 1217 fecerat,
859 1173 1035 1220 comperisse}
1055 1202 1066 1218 ,
1094 1179 1156 1210 und

269 1225 336 1257 cum
349 1223 563 1258 cardinalibus
583 1222 702 1265 resistere
712 1250 723 1266 ‚
751 1238 787 1260 ac
800 1226 960 1260 reclamare
971 1233 1057 1269 coepit
1068 1236 1156 1269 atque

269 1272 527 1308 anathematizare
541 1298 549 1306 .
575 1276 636 1308 Sed
645 1283 748 1309 tamen
759 1275 791 1308 bi
807 1287 904 1309 omnes
921 1281 1022 1311 timore
1033 1278 1155 1318 compul-

268 1322 310 1364 Ιῐ,
333 1334 391 1366 per
404 1331 497 1357 varia
508 1325 569 1357 loca
574 1324 697 1370 fugere.
726 1326 999 1359 ItaAESatellitr‘bur
1010 1326 1157 1360 Satbanae

270 1373 423 1414 Hoflienfis
444 1372 579 1413 Ecclesiae
617 1373 855 1414 Archrpresbyter
873 1397 884 1414 ‚
925 1382 959 1407 ut
977 1374 1160 1417 praedfflum

269 1425 414 1456 Mincium
435 1424 479 1455 ad
490 1421 668 1464 apostolatus
691 1424 803 1457 culmen
824 1422 1003 1465 proveheret
1016 1447 1027 1464 ,
1053 1433 1159 1467 raptus

268 1485 303 1506 ac
325 1475 470 1507 violenter
492 1472 642 1505 attrac‘lus
664 1471 703 1510 est
716 1496 724 1504 .
753 1473 936 1507 flambertus
960 1476 1072 1506 interea
1084 1478 1160 1515 Epi·

264 1523 368 1566 scopus
392 1524 548 1555 Florentia
571 1521 690 1552 rediens
718 1521 780 1552 und
803 1530 869 1552 cum
893 1523 984 1554 Petro
998 1520 1160 1563 Tusculano

267 1571 416 1615 Episcopo
437 1596 449 1613 ,
475 1580 662 1612 nequaquam
688 1572 791 1603 Romae
814 1571 1026 1604 remorandum
1048 1580 1134 1603 ratus
1148 1595 1159 1611 ‚

266 1624 345 1656 clam
367 1628 422 1656 iter
442 1626 588 1662 accipiens
613 1644 625 1660 ‚
651 1621 862 1653 Beneventum
883 1643 895 1660 ,
923 1627 956 1653 ut
978 1620 1019 1653 ibi
1042 1618 1159 1663 Pascha

266 1673 450 1711 celebraret,
473 1677 619 1713 properat
634 1694 642 1700 .
669 1670 818 1703 Omnem
831 1668 968 1703 turbidae
986 1669 1031 1703 rei
1045 1670 1157 1704 seriem

263 1722 330 1757 late
348 1720 487 1765 exponit
508 1719 543 1752 in
571 1718 690 1752 litteris
721 1717 762 1752 ad
783 1717 970 1752 Henricum
989 1715 1158 1752 Ravennae

265 1770 563 1814 Archiepiscopum
577 1769 712 1803 sanetus
723 1766 839 1802 Petrus
850 1766 1016 1802 Damiani.
1043 1767 1158 1803 Osten-

264 1822 317 1858 dit
340 1823 427 1855 varia
452 1819 649 1853 fuiffeistius
671 1817 1096 1853 intrufionissubstantialia
1113 1819 1157 1851 vi-

265 1873 333 1907 tia.
361 1868 475 1905 Primo
498 1894 508 1910 ‚
540 1867 629 1912 quod
652 1879 827 1911 paucorum
850 1868 1059 1903 factiosorum
1084 1879 1158 1902 vota

268 1924 413 1967 Ioannes
426 1919 575 1964 promissa
591 1920 729 1963 pecunia
744 1918 878 1953 emisset.
896 1917 1061 1958 secundo,
1069 1918 1158 1962 quod

267 1973 458 2007 Simoniaca
482 1968 633 2014 promissa
661 1968 812 2014 stcrilege
835 1968 979 2005 solvistet
999 1980 1041 2003 ex
1052 1968 1158 2002 Sansti

266 2023 359 2058 Petri
389 2019 635 2056 oblationibus.
665 2018 814 2060 Tertio,
840 2018 930 2063 quod
952 2018 1099 2062 populari
1123 2029 1161 2052 ac

268 2072 406 2110 militari
420 2070 577 2104 violentia
589 2069 700 2103 fuisset
714 2078 834 2113 patrata
846 2068 962 2102 electio
973 2094 980 2100 .
1008 2068 1136 2114 Qarto
1154 2093 1165 2109 ,

268 2123 360 2168 quod
385 2132 501 2156 omnes
527 2118 720 2153 Cardinales
741 2118 896 2161 Episcopi
922 2118 1161 2150 constanterre-

268 2172 461 2208 clamassent
485 2170 519 2202 ἅτ
550 2165 619 2200 haec
653 2167 769 2200 omnia
818 2164 1162 2199 anathematizassent.

269 2219 425 2270 Qinto,
452 2214 544 2261 quod
570 2226 638 2249 non
664 2227 721 2258 per
744 2216 776 2249 se
788 2214 1004 2249 Hostiensem
1030 2215 1163 2258 Episco-

271 2283 350 2317 pum
366 2271 457 2314 juxta
469 2266 639 2309 antiquam
653 2264 928 2299 consuetudinem
938 2289 949 2305 ,
975 2264 1027 2298 sed
1039 2277 1094 2308 per
1107 2277 1162 2299 ne-

242 2350 251 2357 ,
269 2324 342 2357 scio
362 2330 459 2365 quem
485 2318 580 2351 suum
603 2315 702 2350 vilem
723 2327 760 2350 ac
774 2315 882 2349 latinae
905 2315 1162 2360 linguaeimperi-

271 2383 343 2408 tum
356 2396 366 2413 ,
393 2379 491 2413 atque
501 2369 519 2402 ὲ
533 2364 697 2402 militibus
716 2365 756 2399 ad
769 2365 801 2399 id
814 2373 944 2409 raptum
967 2366 1001 2399 &
1014 2364 1162 2408 compul-

272 2420 357 2458 sum*
371 2418 603 2461 Presbyterum
619 2415 714 2451 *faeta
725 2415 833 2450 fuisset
845 2415 950 2450 Elesti
963 2414 1161 2450 inthroniza-

274 2474 351 2519 ti03
375 2469 475 2508 Sexto
485 2493 498 2515 ‚
523 2466 612 2517 quod
623 2465 810 2516 Stephanus
820 2465 970 2505 decimus
981 2490 994 2510 ,
1018 2477 1062 2503 ne
1082 2475 1160 2503 ante

942 126 1332 179 sncufinl

1401 125 1962 181 P0N11ii1c1s

1224 221 1442 256 Hildebrandi
1465 221 1670 255 &Germania
1693 220 1854 263 reditum,
1882 233 1937 258 aut
1959 222 2022 255 sine
2033 222 2102 264 ejus

1224 272 1361 305 confilio
1389 283 1474 306 nova
1495 273 1610 306 eleftio
1637 279 1848 305 attentaretur
1869 298 1880 313 ,
1906 272 2103 317 rigidiflimo

1225 321 1382 364 synodali
1407 323 1552 356 Decreto
1574 321 1749 361 sanxisset,
1773 321 1808 354 &
1830 321 1920 356 aliter
1942 331 2104 356 attentan-

1224 371 1300 406 dam
1312 372 1452 405 cassasset
1466 397 1474 404 .
1501 372 1596 406 Hinc
1607 372 1734 406 reverso
1746 370 1975 406 Hildebrundo
1986 396 1997 412 ‚
2023 371 2104 406 Car·

1224 421 1350 455 dinales
1377 422 1553 465 Episcopi,
1578 421 1669 467 quod
1691 421 1912 455 Lateranenfis
1933 422 1967 455 &
1992 421 2105 456 Galle-

1223 472 1329 510 fiensis
1342 471 1493 506 Comites
1505 483 1637 516 agerent
1650 481 1787 506 armatas
1797 471 1906 506 turbas
1920 495 1932 511 ,
1955 470 2104 513 abjerunt

1223 521 1264 555 ad
1286 521 1467 556 Civitatem
1488 517 1661 556 senensem
1683 546 1693 561 ,
1719 521 1789 555 illic
1809 521 1979 566 elegerunt
1990 519 2106 554 Gerar-

1223 571 1302 604 dum
1328 571 1560 606 Florentinum
1588 573 1791 616 Episcopum
1815 596 1826 612 ,
1851 573 1885 605 &
1905 581 2106 605 vocaverunt

1222 621 1403 655 Nicolaum
1415 622 1592 656 secundum
1605 648 1613 655 .
1640 622 1775 656 Etenim
1785 631 1864 655 tunc
1874 633 1914 655 ex
1925 621 2018 655 novis
2027 631 2107 655 cum

1224 670 1374 706 Beatrice
1399 672 1535 706 Duciffa
1560 672 1684 718 nuptiis
1705 671 1857 706 Thuscia
1880 671 2041 714 spestabat
2062 670 2105 705 ad

1223 721 1443 756 Godefridum
1472 720 1697 767 Lotharingiae
1720 723 1872 760 Ducem,
1899 722 2030 755 fratrem
2049 720 2107 754 de·

1226 771 1327 806 functi
1356 771 1515 816 Stephani
1538 795 1550 813 ,
1576 769 1716 816 ideoque
1746 773 1780 806 δε
1801 772 1867 815 ejus
1886 772 2107 805 Decretorum

1224 822 1391 856 strenuum
1413 822 1613 857 defensorem
1626 848 1633 855 .
1662 823 1706 856 Et
1727 822 1805 866 quia
1825 821 1953 866 Regius
1967 821 2106 854 consen-

1223 874 1272 906 sus
1285 872 1407 916 Joanni
1420 872 1594 907 velitrensi
1609 871 1718 907 adhuc
1728 872 1837 907 deerat
1848 897 1860 913 ,
1886 871 1990 915 ipsum
2002 870 2106 904 Nico·-

1223 923 1278 957 lao
1299 922 1518 966 supplicarunt
1541 923 1631 958 missa
1655 923 1843 967 legatione,
1870 921 1911 956 de
1934 933 1996 965 qua
2006 922 2104 955 Lam-

1224 973 1333 1007 bertus
1346 971 1673 1018 Schafnaburgenfis:
1700 977 1828 1006 Romani
1839 975 1995 1014 Principes
2013 969 2107 1015 satis-

1216 1023 1381 1065 fac‘lionem
1393 1025 1436 1056 ad
1448 1028 1556 1069 Regem
1570 1029 1693 1057 mittunt
1704 1048 1715 1064 ‚
1735 1022 1768 1067 se
1777 1022 2003 1066 scilicetfidem‚
2013 1032 2106 1065 quam

1225 1076 1313 1108 Patri
1337 1075 1475 1121 dIrerffent
1487 1098 1498 1114 ,
1519 1074 1581 1117 filio
1602 1099 1613 1116 ,
1640 1075 1740 1117 quoad
1754 1074 1884 1117 possent,
1905 1071 2105 1116 servaturos,

1220 1136 1311 1169 eoque
1331 1130 1433 1159 animo
1453 1130 1579 1159 vacanti
1599 1128 1744 1158 Romana
1766 1121 1900 1164 Ecclefiae
1932 1121 2106 1164 Pontificem

1223 1175 1264 1218 us
1258 1187 1312 1219 que
1326 1177 1371 1208 ad
1379 1177 1415 1208 id
1426 1184 1541 1218 tempus
1554 1187 1613 1209 nm
1627 1174 1790 1221 subrogaffe
1801 1199 1812 1216 ,
1837 1176 1902 1216 ejus
1912 1179 2008 1217 magis
2014 1171 2107 1214 super

1224 1225 1277 1259 boc
1298 1220 1471 1271 exspecqare
1497 1224 1680 1270 sententiam
1703 1250 1714 1268 ,
1740 1234 1882 1267 orantque
1912 1221 2014 1266 sedulo
2034 1246 2045 1261 ,
2071 1229 2108 1254 ut

1224 1287 1309 1318 quem
1329 1274 1391 1319 ipse
1413 1277 1488 1310 velit
1509 1273 1702 1319 transmittat
1726 1299 1737 1316 ‚
1764 1274 1844 1306 nihil
1862 1275 1926 1314 ejus
1945 1271 2109 1304 ordinatio-

1225 1329 1257 1358 m‘
1280 1325 1392 1366 obstare
1412 1349 1423 1365 ‚
1440 1324 1472 1365 fi
1487 1332 1555 1368 quis
1577 1338 1635 1359 non
1663 1334 1720 1367 per
1744 1324 1884 1368 legitimae
1909 1322 2108 1355 ordinationis

1224 1373 1325 1414 ostium
1346 1397 1357 1413 ,
1379 1372 1435 1416 sed
1454 1375 1576 1406 aliunde
1599 1397 1612 1414 ,
1638 1373 1805 1415 ascendfflet
1828 1378 1865 1405 in*
1889 1373 1965 1405 ovile
1983 1376 2107 1404 ovium.

1225 1427 1293 1456 Rex
1318 1421 1499 1456 habituum
1513 1422 1697 1455 primoribus
1717 1421 1927 1455 deliberatione
1938 1420 2109 1454 Gerardum

1226 1474 1431 1517 Florentlnum
1456 1471 1658 1514 Episcopum,
1685 1477 1718 1504 in
1743 1479 1829 1512 quem
1852 1472 1887 1505 δ’
1907 1474 2112 1503 Romanorum

1225 1522 1260 1553 (5
1272 1523 1493 1552 Teutonicorum
1509 1519 1610 1559 studia
1621 1519 1825 1563 consenserant
1836 1543 1847 1559 ‚
1874 1520 2046 1560 Pontificem
2057 1520 2110 1551 de-

1219 1566 1317 1611 fignat
1339 1593 1351 1608 ,
1384 1572 1566 1611 Romamque
1593 1577 1650 1611 per
1685 1568 1880 1610 Godefridum
1907 1566 2109 1602 Marcbionem

1225 1616 1406 1662 transmittit
1418 1623 1437 1651 .“
1451 1623 1501 1651 Ita
1512 1619 1674 1652 Benediei'o
1684 1642 1696 1659 ,
1721 1624 1774 1661 qut
1787 1618 1849 1658 fine
1862 1618 1940 1661 juffu
1954 1622 2046 1662 Regis
2071 1619 2118 1652 θ’

1222 1671 1402 1710 Principum
1439 1669 1639 1702 Sacerdotium
1676 1667 1878 1712 usurpaverat
1896 1694 1907 1710 ‚
1932 1668 2108 1710 reprobato,

1226 1719 1383 1750 Gerardus
1394 1741 1406 1758 ,
1434 1723 1485 1759 qui
1501 1719 1536 1752 ὁ·
1548 1719 1691 1752 Nicolaus
1704 1743 1715 1758 ,
1742 1717 1949 1759 Pontificatum
1960 1718 2086 1751 obtinuit
2095 1742 2107 1751 .

2126 989 2158 1018 A.
2174 988 2261 1024 1058·v

1228 1765 1344 1800 Nimia
1356 1766 1418 1799 fuit
1430 1766 1489 1800 ista
1501 1766 1607 1801 Laicae
1619 1767 1769 1812 potestati
1779 1768 1946 1813 submissio
1956 1791 1966 1807 ,
1991 1765 2129 1802 verunt*-

1228 1814 1352 1850 turbati
1374 1816 1533 1860 temporis
1553 1818 1720 1852 neeeffitas
1730 1819 1775 1851 ita
1787 1816 1945 1861 cogebat.
1968 1815 2117 1857 Interim

1228 1866 1283 1900 hic'
1309 1866 1427 1900 iterum
1452 1866 1695 1901 videsdefuneti
1717 1867 1823 1901 fratris
1834 1867 1978 1901 Decreto
1998 1863 2109 1901 Gode·

1229 1915 1351 1950 fridum
1365 1918 1494 1950 Ducem
1505 1915 1672 1961 insigniter
1681 1917 1790 1951 favisse
1800 1942 1807 1948 .
1835 1917 1986 1951 Praesenti
1999 1916 2108 1959 itaque

1227 1965 1388 2009 Synodali
1412 1967 1555 2000 Decreto
1567 1966 1730 2001 Nicolaus
1742 1967 1833 2001 suam
1845 1966 2040 2000 ele-{tionem
2051 1965 2109 2000 de-

1225 2016 1386 2050 monstrat
1410 2015 1619 2050 canonicam
1639 2041 1650 2056 ,
1676 2016 1709 2050 ἅ
1734 2015 1871 2058 Joannis
1891 2016 2108 2050 intrusionem

1226 2065 1386 2101 exsufflat.
1401 2064 1553 2100 Affirmat
1566 2065 1712 2100 Electum
1724 2066 1821 2100 istum
1833 2066 1926 2100 fuisse
1936 2078 2005 2100 non
2016 2065 2108 2110 Apo-

1226 2114 1379 2150 stolicum
1393 2139 1404 2155 ,
1430 2115 1484 2150 sed
1497 2115 1727 2159 Apostaticum
1738 2141 1750 2157 ,
1777 2116 1916 2160 potuisse
1926 2115 1944 2149 ὲ
1954 2115 2107 2159 quolibet

1225 2165 1358 2198 refutari
1385 2165 1697 2199 &anathematizari
1710 2189 1722 2205 ,
1746 2177 1788 2199 eo
1809 2167 1844 2200 in
1865 2166 1939 2200 casu
1951 2165 2109 2200 Cat-dina-

1227 2215 1271 2247 les
1293 2214 1475 2257 Episcopos
1498 2214 1594 2248 fuisse
1605 2214 1808 2255 audiendos,
1833 2214 2029 2249 electionem
2050 2225 2109 2257 po-

1226 2263 1319 2298 tuiss'e
1343 2263 1413 2296 fieri
1435 2259 1526 2297 extra
1539 2263 1652 2298 urbem
1663 2288 1675 2304 ,
1701 2264 1733 2298 δε
1745 2265 1892 2299 ΕΙεὶὶιιιτι
1902 2274 1978 2299 ante
1990 2265 2109 2299 fastam

1228 2313 1262 2347 in
1284 2312 1493 2347 Lateranenfi
1510 2311 1645 2347 Basilica
1669 2311 1982 2348 inthronizationem
2005 2313 2110 2347 admi-

1227 2362 1380 2398 nistrare.
1408 2359 1531 2396 Ethaee
1552 2363 1666 2396 omnia
1688 2362 1750 2395 suae
1763 2362 1918 2400 elestioni
1939 2365 2024 2401 fasta
2035 2362 2107 2401 vult

1226 2412 1380 2457 deinceps
1391 2413 1454 2450 effe
1468 2411 1634 2463 Regulam
1658 2412 1692 2449 &
1701 2411 1830 2462 legem²

1872 3466 2067 3507 CATHo-
