2366 3756
595 181 1130 226 COthLIUM·

252 267 322 301 lum
345 262 433 299 hunc
458 262 658 306 Sylvestrum
680 286 692 302 ,
728 260 780 297 sed
816 260 917 295 etiam
943 257 1142 303 Gregorium

253 317 407 361 quintum
427 314 519 349 fuiffe
541 314 560 347 a
574 313 706 348 laudato
727 310 877 354 Principe
905 320 1049 344 creatum
1071 309 1143 342 scri-

86 346 114 373 L.
131 353 190 376 '¹⁶'
207 354 233 380 4-
252 366 301 400 bit
323 365 446 400 Glaber
470 361 685 407 Rudolphus.
715 359 846 403 Nempe?
871 360 977 403 Regia
1007 359 1146 402 Episco‘

227 432 229 438 ι
253 417 288 460 pi
312 415 418 450 Elesti
452 414 661 450 confirmatio
687 410 772 446 olim
794 409 988 448 titulabatur
1013 409 1142 444 donum

1140 490 1144 494 .
1203 472 1250 493 res
1275 461 1387 495 ibidem
1408 459 1491 503 quasi
1498 460 1560 503 fine
1583 462 1714 495 eleelione
1731 462 1928 498 inthronizati
1940 463 2082 505 fuerint.

253 467 289 501 &
310 466 474 501 concessio
498 463 716 507 Episcopatus
730 485 738 494 .

305 516 368 551 Per
390 513 568 550 Othonum
595 510 822 556 Augustorum
850 520 994 546 mortem
1025 521 1142 556 nequa-

255 578 352 610 quam
375 564 531 601 dormivit
552 563 706 598 servitus.
734 562 887 605 lpsamin
902 562 1017 597 Edi-sto
1031 585 1042 602 ‚
1074 570 1141 605 quo

254 616 414 651 Romanae
435 612 585 649 Ecclefiae
607 612 805 657 patrimonia
829 612 971 647 firmavit
981 612 1015 646 in
1040 612 1142 645 Bene·

253 666 330 700 dieti
354 664 462 699 ostavi
488 664 652 708 gratiam,
678 662 846 696 Henricus
873 663 998 699 sanstus
1024 661 1080 698 fibi
1091 661 1139 696 di-

253 715 335 749 serre
354 713 530 748 stabilivit.
558 712 638 756 Ejus
661 712 733 756 post
764 712 974 748 Conrardum
995 710 1139 747 Salicum

251 766 411 799 succeffot'·
437 763 603 798 Henricus
627 762 741 797 tertius
760 763 952 806 praesumpfit
969 763 1068 797 etiam
1081 772 1139 794 no-

252 816 378 849 minare
392 839 399 846 .
426 813 561 847 Etenim
583 813 622 847 de
652 813 778 856 Ioanne
801 813 967 847 Gratiano
987 835 997 853 ‚
1031 811 1138 846 Sancti

252 864 386 908 Joannis
411 863 452 897 ad
477 861 612 897 Portam
639 863 792 899 Latinam
820 861 1139 906 CardinaliPresby-

250 925 346 953 tero,
369 914 424 956 qui
447 912 752 957 pseudopontifices
774 914 990 949 Benedistum
1009 924 1136 948 nonum

249 965 284 997 δε
306 963 504 1005 Sylvestrum
527 964 661 998 tertium
685 963 771 998 datis
797 963 1006 1007 pensionibus
1027 962 1069 996 ad
1088 974 1139 997 ce-

248 1012 395 1048 dendum
418 1013 590 1048 induxerat
609 1038 620 1054 ‚
659 1021 756 1058 atque
789 1014 834 1048 ita
871 1014 906 1047 in
937 1013 1136 1058 Gregorium

249 1063 375 1097 sextum
400 1065 504 1098 fuerat
528 1065 712 1109 provesin&
742 1063 898 1098 Simoniae
919 1062 1068 1106 &empti
1080 1062 1137 1099 Pa·

249 1111 344 1157 patu's
367 1114 517 1149 accusato
545 1138 557 1154 ‚
591 1113 626 1148 &
648 1114 691 1148 ad
731 1113 949 1156 dejectionem
972 1113 1136 1157 postulato

249 1164 334 1206 apud
358 1174 577 1198 memoratum
601 1163 787 1207 Principem
802 1189 813 1203 ,
840 1164 950 1198 scribit
978 1164 1012 1197 in
1040 1175 1135 1208 gene-

250 1213 309 1246 rali
334 1215 390 1247 sua
414 1212 551 1249 historia
573 1213 669 1251 Otho
696 1213 906 1259 Frifingenfis
934 1214 1134 1257 Episcopus:

252 1266 420 1296 Gratianus
448 1267 555 1309 Regi,
594 1264 739 1298 Romam
769 1265 915 1298 venienti
953 1264 994 1298 ad
1029 1265 1134 1307 ipsum

251 1312 476 1354 ejiciendum,
506 1314 592 1356 apud
609 1317 739 1348 Sutrium
761 1325 914 1349 occurrens
927 1339 937 1354 ,
964 1316 1008 1347 ad
1027 1316 1136 1348 lenien.

250 1364 320 1394 dum
342 1362 430 1405 ipfius
455 1369 588 1396 animum
602 1389 612 1405 ‚
651 1365 799 1398 Diadema
823 1363 982 1406 pretiosum
1009 1364 1136 1406 obtulisse

252 1415 364 1445 dicitur
378 1438 385 1444 .
411 1415 512 1455 ,Quem
535 1416 600 1446 Rex
620 1415 744 1454 primo,
768 1420 801 1446 ut
824 1415 921 1446 decuit
943 1435 953 1450 ,
979 1411 1133 1453 honorifice

246 1460 373 1504 suscepit
386 1487 396 1502 ,
417 1462 600 1503 postmodum
619 1473 719 1495 autem
740 1486 752 1501 ‚
791 1462 901 1495 collec‘lo
922 1461 1135 1504 Episcoporum

248 1515 426 1549 conventu,
457 1514 478 1543 ἃ
505 1510 684 1551 Pontificum
703 1518 760 1550 pro
786 1520 855 1541 nota
880 1512 1134 1542 simoniae'cedere

241 1556 408 1601 persuasit,
435 1563 515 1599 eique
538 1558 717 1600 Suegderum
745 1556 991 1600 Bambergensem
1012 1556 1134 1599 Episco-

242 1617 317 1651 pum
331 1632 342 1648 ‚
368 1612 421 1650 qul
447 1609 482 1642 Θ
509 1608 645 1641 Clemens
667 1605 813 1650 secundus
827 1631 838 1648 ‚
863 1605 1000 1649 consensu
1026 1611 1133 1640 Roma-

245 1670 298 1692 πα·
322 1656 454 1699 Ecclefiae
478 1655 627 1700 substituit
641 1682 648 1690 .
675 1660 721 1689 Et
747 1657 816 1689 binc
841 1660 978 1689 Romana
1005 1656 1132 1698 Ecclesia

244 1713 279 1741 in
299 1708 434 1741 ele-Alione
457 1711 608 1741 canonica
632 1707 807 1749 Pontificum
828 1712 859 1739 in
871 1707 1131 1749 tantuminfirma-

246 1766 281 1791 ta
304 1763 480 1798 invenitur,
506 1760 585 1801 quod
608 1768 734 1801 quatuor
753 1756 909 1801 sequentes
934 1757 973 1790 ab
1000 1762 1131 1799 Impera-

247 1817 308 1842 tore
332 1809 373 1841 ibi
389 1806 471 1850 pofiti
495 1814 526 1842 in
554 1808 696 1852 catalogo
721 1814 915 1842 inveniantur
938 1832 945 1839 .
988 1809 1133 1850 ‚Qualiter

247 1867 345 1892 autem
367 1857 513 1899 industria
535 1858 740 1892 Hildebrandi
769 1857 826 1901 sub
846 1861 942 1891 Leone
958 1860 1076 1898 juniore
1095 1861 1131 1891 li-

247 1908 388 1941 bertatem
399 1907 488 1951 suam
510 1919 548 1942 ex
570 1917 682 1950 parte,
709 1906 763 1950 sub
786 1909 957 1941 Alexandro
979 1909 1049 1941 vero
1068 1909 1130 1949 ple-

244 1960 289 1991 nev
304 1958 472 1992 rehabuerit
490 1980 502 1997 ,
540 1957 624 1999 infre?
661 1960 791 1991 dicemus
813 1983 820 1991 .
847 1956 1034 2004 Qomodo
1058 1957 1130 1991 Cle-

245 2019 337 2043 mens
357 2007 538 2047 secundus,
578 2008 742 2042 Damasus
766 2009 926 2042 secundus
949 2032 960 2048 ,
998 2018 1036 2042 ac
1058 2008 1130 2043 Leo

244 2070 374 2098 nonus,
402 2071 470 2093 non
497 2057 672 2092 Canonice
698 2057 790 2092 elesii
809 2081 819 2098 ,
844 2058 898 2093 sed
926 2058 945 2092 ὲ
965 2056 1130 2093 'memora-

244 2117 282 2142 to
302 2108 453 2153 Principe
485 2109 648 2143 nominati
668 2108 790 2142 fuerint
813 2133 824 2149 ,
862 2109 925 2143 late
957 2120 1129 2150 exponunt

244 2158 380 2192 istorum
402 2169 585 2202 temporum
599 2159 777 2201 Scriptores
788 2183 798 2198 ,
825 2159 982 2192 addentes
995 2158 1131 2191 Benedi-

246 2209 334 2240 &um
358 2207 549 2247 decimum,
577 2219 646 2241 non
670 2208 776 2239 solum
789 2207 834 2239 ob
846 2205 1053 2245 simoniam,
1079 2204 1131 2238 sed

245 2256 344 2288 etiam
366 2255 410 2289 ob
429 2257 591 2290 violatum
615 2254 786 2297 Imperiale
828 2254 1035 2297 privilegium
1057 2256 1131 2289 fuis-

246 2306 280 2337 se
298 2305 435 2346 ejectum
457 2329 467 2344 ,
495 2306 530 2339 <Sc
551 2306 716 2337 suffestum
740 2304 902 2345 praesentis
927 2303 1053 2345 Synodi
1076 2315 1130 2337 au·

77 2367 111 2396 Α,
150 2356 363 2397 1046,ci:orem
385 2353 568 2387 Nicolaum
591 2352 788 2386 secundum.
819 2352 1041 2396 Privilegium
1071 2365 1127 2387 ex·

79 2981 201 3010 A-iof

203 2999 209 3008 ⁸
240 3003 348 3045 fridus
371 3002 407 3042 est
433 3006 579 3036 patritius
600 3007 795 3036 Romanorum
817 3030 828 3045 ,

242 2405 340 2447 ponit
360 2403 545 2447 sigebertus
567 2401 807 2436 Gemblacenlis
829 2414 835 2434 :
864 2406 993 2435 Romam·
1009 2404 1142 2442 jurant,

239 2452 274 2496 se
290 2453 352 2495 fine
383 2458 503 2486 Henrici
526 2450 662 2495 consensu
696 2463 856 2494 numquam
885 2456 1004 2494 Papam
1026 2444 1141 2505 eleth-J

243 2515 310 2536 ros.
341 2501 617 2537 Addit-exstincti
642 2502 727 2535 inter
752 2512 815 2535 tres
834 2501 874 2536 de
899 2502 1022 2546 Papatu
1048 2507 1140 2548 con-1

244 2553 415 2587 tendentes
436 2551 615 2586 schismatis
625 2552 718 2585 fuisse
729 2553 926 2586 mercedem.
956 2554 1003 2586 At
1026 2551 1140 2618 longe?

244 2603 338 2637 aliter
358 2602 466 2636 Sancti
499 2602 644 2646 Benigni
678 2601 888 2637 Divionenlis
903 2601 1098 2637 Chronicon
1113 2618 1138 2637 :v

246 2653 389 2694 Defunllo
415 2656 500 2695 Papa
511 2654 662 2686 Clemente
673 2652 745 2686 secu
752 2653 817 2686 ndo
830 2656 960 2686 Romani
971 2660 1123 2695 petierunt
1135 2665 1137 2691 l

1196 176 1674 227 Romanunm
1953 194 2021 241 79

1205 259 1268 303 ipse
1290 260 1458 296 Henricus
1477 271 1630 306 quartus,
1652 263 1734 305 quid
1753 260 1814 305 ipso
1835 259 2013 306 inconsulto,
2036 269 2088 308 qui
2101 260 2171 294 101.
2187 269 2212 292 c.
2233 269 2266 297 ις’

1204 319 1360 352 tamquam
1379 315 1445 344 Rex
1469 314 1503 346 Θ
1525 315 1673 347 Patritius
1693 318 1725 344 in
1753 313 1887 346 electione
1904 311 1971 355 suae
1994 314 2090 346 Urbis

1206 359 1343 403 Episcopi
1360 367 1481 402 primus
1504 364 1554 404 effe
1580 363 1699 397 deberet
1712 387 1724 403 ,
1746 366 1877 398 Romani
1890 362 1942 403 fibi
1964 363 2087 409 Pontifi-

1203 421 1263 444 cem
1277 410 1493 454 praefeciffent,
1520 413 1584 444 cum
1605 415 1624 444 ἃ
1644 421 1736 454 patre
1753 411 2087 456 fiiolmperatoreplu-

1203 510 1371 559 Quocirca
1391 522 1600 554 nequaquam
1622 511 1815 545 nominandi
1843 513 2017 551 pontificis
2027 524 2084 550 au.

1201 561 1406 600 (toritatem,
1431 560 1483 597 sed
1505 559 1609 595 solum
1630 560 1664 594 in
1686 561 1846 596 elestione
1865 564 2085 610 principatum-

1201 612 1255 646 seu
1278 611 1420 654 primurn
1444 612 1631 656 suffragium
1652 634 1662 650 ‚
1686 622 1723 646 ac
1747 611 1847 656 Regii
1868 614 2039 648 consensus
2061 614 2089 651 a«

1201 662 1343 704 praesenti
1366 661 1428 697 hac
1450 662 1589 704 Synodo
1619 663 1780 696 firmatam
1810 661 2089 700 consuetudinem*

1201 712 1351 746 Henrico
1373 711 1470 747 tertio
1493 711 1651 747 dederunt
1673 711 1842 753 Rotnani,
1863 722 1961 756 atque
1989 712 2081 747 itail-

1200 761 1230 794 le
1253 761 1403 807 Augusta
1427 763 1574 806 potentia
1608 761 1725 797 abusus
1760 762 1926 807 legitimos
1959 763 2080 801 limites

1199 810 1361 847 horrende
1381 813 1529 849 exceffit.
1553 813 1597 847 Et
1618 812 1698 848 hinc
1721 813 1827 856 ipsum
1849 813 1918 856 post
1931 813 2081 850 Clemen-

1198 862 1241 896 tis
1262 861 1396 897 secundi
1422 873 1563 898 mortem
1583 862 1625 899 de
1651 875 1743 898 novo
1764 862 1972 897 nominando
1994 864 2081 901 Pon.

1198 912 1287 948 tifice
1307 912 1542 950 deliberantem
1567 939 1578 954 ,
1612 914 1896 958 postulantemque
1926 913 2083 957 consilia,

1197 961 1239 996 de
1259 963 1361 1005 ejecto
1383 964 1547 1008 Gregorio
1567 966 1660 999 sexto
1683 965 1824 1010 graviter
1843 963 1949 1009 arguit
1973 961 2080 999 Vene-

1197 1012 1314 1048 randus
1348 1012 1580 1049 Leodiensium
1616 1015 1797 1060 Episcopus
1825 1016 1935 1048 Wazo
1955 1038 1967 1055 ,
1998 1012 2081 1049 affir-

1196 1074 1290 1098 mans
1313 1062 1506 1099 Romanum
1531 1065 1730 1109 Episcopum
1753 1065 1823 1099 solo
1836 1065 1966 1102 Divino
1978 1063 2081 1098 subes-

1198 1115 1230 1148 se
1255 1114 1400 1158 judicio;
1425 1115 1531 1158 ipsum
1553 1114 1661 1150 adhuc
1683 1117 1798 1150 vivum
1819 1115 1963 1151 revocari
1984 1114 2018 1149 in
2028 1115 2080 1149 Se-

1195 1164 1295 1204 dem,
1332 1165 1364 1198 ἀ
1389 1164 1431 1198 ad
1454 1175 1575 1199 novam
1607 1176 1677 1198 non
1713 1165 1844 1210 procedi
1878 1164 2084 1199 nominatio-

1196 1226 1272 1248 nem
1299 1214 1390 1248 suasit
1405 1237 1417 1256 ‚
1438 1225 1536 1259 atque
1557 1215 1711 1257 adjunxit
1730 1229 1737 1249 :
1768 1216 1844 1247 Cum
1858 1217 1962 1260 Judae
1985 1215 2081 1248 tradi·

1194 1271 1266 1297 toris
1290 1265 1347 1298 loco
1368 1266 1503 1309 legamus
1535 1265 1676 1308 Apostolos
1709 1263 1816 1309 absque
1849 1265 1910 1300 ulia
1939 1262 2083 1307 saeculari

1193 1321 1330 1355 potentia
1353 1315 1520 1350 Matthiam
1549 1316 1715 1358 Apostolum
1735 1315 1902 1358 ordinasse,
1935 1315 2080 1348 credimus

1195 1363 1245 1396 boc
1265 1366 1397 1405 exemplo
1414 1373 1469 1405 per
1489 1365 1698 1408 Ecclefiasticos
1729 1365 1878 1406 Ministro:
1899 1363 2010 1407 absque
2028 1372 2081 1405 po-

1195 1419 1294 1446 tentia
1311 1411 1453 1455 saeculart
1472 1414 1623 1450 elefflones
1648 1416 1682 1448 (rt
1699 1421 1894 1456 promotiones
1918 1413 2082 1456 Apostolico-

1195 1474 1261 1495 rum
1278 1463 1344 1506 fieri
1368 1461 1473 1499 debere
1496 1488 1504 1496 .
1530 1465 1748 1505 Nequaquam
1771 1464 1918 1508 Regium
1942 1464 2081 1497 consen-

1195 1512 1265 1542 sum
1289 1510 1427 1544 damnat
1442 1533 1452 1549 ‚
1473 1510 1527 1543 sed
1552 1511 1653 1545 solam
1680 1512 1877 1548 nominandi
1903 1512 2080 1547 Pontificis

1195 1558 1391 1592 violentiam
1411 1582 1420 1590 .
1456 1558 1598 1593 Exstant
1633 1557 1703 1593 haec
1736 1559 1833 1594 latius
1856 1560 1942 1605 apud
1966 1561 2082 1596 Ansel·

1193 1619 1288 1641 mum
1312 1607 1526 1644 Canonicum
1548 1608 1784 1646 Leodiensem.
1808 1611 1902 1645 Hinc
1928 1611 2028 1646 etiam
2040 1611 2082 1646 de

1192 1658 1307 1692 Leone
1328 1669 1441 1700 nono,
1475 1660 1532 1701 qui
1557 1671 1613 1704 per
1643 1660 1787 1697 eundem
1812 1659 2000 1705 Principem
2024 1674 2085 1698 no·
2098 1660 2173 1700 eap-
2191 1662 2256 1695 κοῦ-ζ

1193 1709 1335 1742 minatus
1356 1709 1466 1743 statim
1485 1710 1693 1754 assumpserat
1721 1721 1914 1747 ornamenta
1925 1712 2083 1755 Papalia,

1191 1768 1290 1801 atque
1311 1758 1357 1792 ita
1380 1759 1537 1803 pompose
1558 1772 1612 1805 per
1643 1761 1788 1796 Galliam
1819 1762 2082 1805 proficiscebatur

1191 1808 1232 1842 ad
1252 1808 1386 1844 Urbem
1401 1833 1412 1849 ‚
1442 1810 1556 1845 scribit
1577 1809 1672 1846 Otho
1694 1812 1876 1856 Episcopus
1897 1813 2082 1859 Frifingen·

1191 1859 1252 1892 fis:
1288 1859 1538 1899 Hildebrandus,
1557 1861 1785 1897 Cluniacenfis
1807 1873 1887 1896 tunc
1911 1862 2082 1897 Monaste-

1190 1909 1231 1942 rii
1252 1908 1349 1944 Prior
1374 1934 1384 1949 ,
1418 1914 1545 1944 Leonem
1571 1913 1676 1945 adiens
1690 1936 1700 1951 ‚
1732 1914 1927 1947 aemulationis
1949 1915 2004 1947 Dei
2021 1916 2084 1955 ple-

1190 1970 1269 2000 nus,
1292 1959 1456 2000 constanter
1478 1973 1545 1995 eum
1566 1963 1604 1996 de
1622 1969 1748 2005 incaepto
1782 1965 1934 2007 redarguit
1950 1988 1960 2004 ,
1997 1966 2080 1998 illici-

1188 2017 1253 2042 tum
1274 2011 1326 2054 effe
1352 2016 1488 2053 inquiens
1510 2020 1567 2054 per
1603 2025 1726 2046 manum
1767 2017 1889 2047 Laicam
1924 2016 2079 2048 Summum

1190 2060 1363 2102 Pontificem
1388 2063 1434 2093 ad
1450 2062 1697 2106 gubernationem
1724 2070 1814 2097 totius
1842 2064 1979 2106 Ecclefiae
2015 2071 2079 2098 vio-

1187 2110 1283 2142 lenter
1308 2116 1429 2143 introire
1454 2136 1461 2144 .
1499 2117 1607 2145 Verum
1637 2113 1667 2155 fi
1692 2113 1755 2157 suis
1789 2113 1823 2158 se
1858 2116 1976 2150 credere
2002 2117 2077 2149 velie

1188 2158 1310 2198 confiliis
1326 2182 1338 2198 ,
1363 2168 1544 2200 utrumque,
1571 2165 1606 2194 (τ
1631 2166 1712 2204 quod
1735 2167 1902 2204 Imperialt's
1932 2165 2076 2205 Maiestas

1189 2212 1221 2238 in
1247 2205 1308 2249 ipso
1333 2218 1390 2239 non
1415 2209 1607 2242 exacerbetur
1631 2234 1643 2250 ‚
1680 2213 1816 2254 quodque
1850 2213 1976 2246 libertas
2017 2218 2077 2248 Ec-

1187 2254 1275 2296 clefiae
1301 2263 1336 2287 in
1360 2257 1493 2290 electione
1522 2263 1671 2291 canonica
1697 2270 1878 2302 renovetur,
1899 2261 1934 2304 se
1956 2265 2075 2305 pollice-

1188 2314 1238 2336 tur
1263 2304 1449 2344 effee‘lurum.
1480 2308 1648 2340 Inclinatus
1676 2311 1725 2342 ille
1750 2312 1795 2342 ad
1818 2316 1960 2346 monitum
1985 2316 2074 2356 eJ'us,

1182 2362 1352 2396 purpuram
1378 2356 1498 2397 deponit
1510 2379 1519 2394 ‚
1540 2362 1746 2401 peregrlnique
1757 2359 1896 2394 habitum
1906 2362 2050 2404 assumens
2061 2389 2073 2406 ‚

1186 2405 1296 2438 ducens
1317 2403 1415 2447 secum
1443 2407 1685 2443 Hildebrandum
1718 2434 1730 2450 ,
1767 2415 1825 2444 iter
1851 2417 1948 2453 carpit
1970 2438 1977 2445 .
2014 2418 2074 2458 Igi-

1186 2464 1237 2487 tur
1263 2456 1308 2487 ad
1332 2455 1439 2488 Urbem
1472 2455 1560 2500 usque
1600 2464 1754 2493 venientes
1781 2485 1792 2502 ‚
1826 2462 1936 2503 confilio
1972 2465 2074 2498 Hilde-

1187 2505 1315 2544 brania,
1342 2507 1362 2536 ci
1391 2508 1475 2539 clero
1504 2509 1539 2541 (θ’
1566 2510 1672 2551 Populo
1697 2515 1730 2543 in
1757 2513 1908 2546 Summum
1948 2514 2076 2556 Pontifi«

1186 2566 1246 2587 cem
1270 2558 1327 2587 Leo
1346 2556 1464 2599 elIgitur
1480 2582 1489 2595 ,
1507 2555 1602 2600 ficquc
1620 2569 1774 2604 utcumque
1795 2565 1932 2596 Romana
1944 2563 2075 2607 Ecclesia

1185 2605 1230 2637 ad
1243 2604 1417 2645 faciendam
1435 2607 1601 2642 elec‘lionem
1620 2610 1823 2652 informatur.
1856 2613 1964 2648 Etiam
1980 2615 2073 2658 supra

1186 2655 1270 2688 dixit
1298 2653 1384 2689 idem
1402 2655 1518 2691 Otho:
1547 2660 1696 2701 1ndustria
1718 2664 1751 2695 6·
1771 2671 1859 2703 opera
1872 2664 2076 2698 Hildebrandt

248 2704 447 2748 Halinqrdum
468 2714 509 2737 ex
532 2703 638 2738 Sansti
664 2702 806 2748 Benigni
832 2702 962 2736 Abbate
989 2693 1137 2756 Lugdu-4¹¹
1179 2703 1236 2748 sub
1263 2708 1359 2739 Leone
1385 2718 1478 2740 nono
1515 2709 1681 2742 libertatem
1714 2710 1803 2753 suam
1839 2716 1976 2746 Romana
2013 2717 2073 2747 Ec-

248 2755 381 2787 nensem
405 2752 716 2797 Archiepiscopum.
747 2758 808 2789 Hoc
827 2764 953 2795 namque
975 2756 995 2785 ὰ
1017 2757 1137 2787 Roma-l

248 2808 296 2835 nis
320 2808 484 2846 Imperator
502 2805 577 2836 data
595 2809 724 2846 pecunia
745 2814 803 2836 non
828 2811 935 2845 parva
965 2813 1102 2848 exegerat
1110 2787 1137 2854 ,ἓ

248 2861 281 2885 ut
296 2852 358 2895 fine
377 2856 441 2891 eius
460 2854 597 2896 permissu
621 2857 708 2895 Papa
729 2865 786 2886 non
809 2854 965 2896 eligeretur
985 2879 992 2885 .
1021 2854 1065 2888 Et
1086 2855 1137 2887 inl

248 2902 409 2946 synodali
429 2903 514 2947 apud
539 2905 690 2938 Sanctum
705 2903 838 2937 Petrum
850 2904 1004 2937 Damiani
1017 2896 1137 2947 &spu-2

247 2955 374 2987 tatione
397 2954 521 2998 Regius
543 2953 734 2988 Advocatus
748 2968 758 2987 .-
794 2958 937 2987 Henricus
961 2958 1137 2996 Imperatori

862 3006 882 3036 ἃ
905 3004 1011 3045 quihus
1031 3012 1122 3038 etiam

248 3060 358 3092 accepit
380 3059 413 3086 in
431 3052 560 3086 eleelione
567 3052 683 3096 semper
694 3055 855 3088 ordinandi
870 3053 1021 3095 Pontificis
1034 3058 1124 3088 Prin·

249 3111 397 3144 cipatum.
424 3110 491 3139 Huc
503 3105 643 3144 accedit,
670 3104 945 3146 quodpraestantius
968 3103 1026 3145 est,
1048 3111 1120 3146 quia

251 3153 394 3186 Nicolaus
410 3151 556 3195 secundus
577 3156 665 3195 Papa
678 3154 727 3187 boc
738 3158 860 3188 Domino
874 3166 934 3187 meo
944 3158 1017 3198 Regi
1028 3156 1122 3189 Hen-

250 3205 319 3237 rico
341 3212 455 3246 quarto
471 3203 662 3245 privilegium
683 3229 693 3245 ,
719 3208 754 3238 in
773 3217 829 3247 quo
849 3216 886 3238 ex
906 3213 1033 3247 paterno
1053 3208 1123 3246 jam

243 3255 317 3295 jure
335 3251 501 3295 successerat
519 3279 528 3294 ,
559 3253 686 3293 praebuit
707 3278 719 3294 ,
739 3256 773 3288 Θ
799 3263 852 3297 per
873 3256 1023 3294 synodalis
1044 3254 1123 3299 insu-

247 3313 303 3344 per
325 3306 440 3336 Decreti
456 3307 602 3347 paginam
621 3303 655 3336 in
678 3302 739 3338 hac
773 3305 882 3339 nostra
903 3305 1039 3348 synodo
1061 3316 1123 3339 con-

247 3353 387 3395 firmavit
405 3377 413 3385 .
438 3352 480 3387 Et
503 3352 652 3387 adversus
674 3353 825 3398 Gregorii
850 3356 977 3399 septimi
996 3356 1123 3390 eleeiio·

253 3415 327 3437 nem
350 3402 496 3446 queritur
517 3403 601 3446 apud
623 3403 789 3437 laudatum
821 3405 1056 3450 Frilingensem
1082 3407 1122 3440 E-

252 3453 420 3498 piscopum
452 3454 487 3489 in
511 3464 605 3499 opere
621 3452 662 3490 de
694 3454 855 3490 Frederici
885 3456 983 3500 primi
1014 3457 1120 3492 Gestis

1184 2754 1266 2795 clefia
1290 2764 1426 2797 exparte
1439 2757 1595 2791 rehabuit.
1624 2760 1750 2795 Revera
1763 2763 1892 2796 tantum
1914 2773 2066 2806 exparte.

1186 2804 1308 2839 Leonis
1328 2806 1417 2840 enim
1442 2807 1557 2842 electio
1583 2811 1691 2852 quoad
1716 2811 1819 2846 solam
1842 2813 1979 2856 speciem
2007 2813 2071 2848 fuit

1186 2855 1355 2890 Canonica
1372 2881 1383 2896 ‚
1408 2858 1523 2901 utpote
1548 2860 1628 2894 fasta
1658 2861 1690 2894 in
1715 2862 1910 2906 designatam
1934 2864 1951 2898 ὲ
1980 2863 2072 2897 Prin-

1184 2907 1256 2948 cipe
1279 2908 1469 2950 personam.
1499 2908 1607 2943 Etiam
1634 2910 1882 2946 Hildebrandus
1906 2926 1971 2947 non
1985 2914 2073 2948 dam·

1187 2956 1273 2990 navit
1294 2956 1439 3002 Regium
1466 2960 1661 2994 consensum
1682 2986 1688 2994 .
1733 2961 1776 2996 Et
1798 2961 1877 2996 hinc
1909 2962 2070 2998 Nicolaus

1185 3007 1264 3040 item
1290 3008 1470 3048 secundus,
1496 3008 1514 3041 a
1541 3021 1608 3053 quo
1634 3011 1797 3045 Romanae
1825 3011 1972 3047 Ecclefiae
2009 3014 2070 3048 Ar-

1184 3054 1449 3091 chidiaconatum
1475 3058 1724 3095 Hildebrandus
1750 3063 1897 3105 accepit,
1923 3064 2068 3106 praesenti

1185 3104 1262 3139 huic
1287 3131 1297 3146 ,
1334 3119 1401 3151 quo
1425 3109 1529 3151 papan
1553 3108 1703 3144 electioni
1737 3111 1866 3155 plenam
1888 3111 2067 3149 libertatem

1185 3167 1260 3190 cum
1289 3159 1384 3191 novis
1408 3158 1607 3202 »quibusdam
1634 3159 1781 3197 adversus
1803 3161 1971 3197 schismata
1994 3175 2067 3197 cau-

1186 3206 1258 3240 telis
1278 3207 1441 3249 restituit‚
1468 3209 1627 3251 Synodali
1654 3211 1799 3247 Decreto
1832 3211 1948 3246 diserte
1986 3213 2068 3248 inse·

1185 3257 1264 3289 ruit:
1290 3259 1379 3291 salvo
1405 3258 1503 3292 debito
1527 3258 1631 3294 bonore
1657 3263 1691 3296 (ν’
1716 3269 1886 3296 reverentia
1911 3263 2008 3296 dilec¹7i
2029 3265 2065 3306 fi-

1184 3307 1217 3339 lii
1239 3306 1327 3343 nosirt
1350 3313 1471 3341 Henrici
1493 3310 1622 3352 quarti,
1645 3318 1697 3353 qui
1718 3318 1750 3346 in
1757 3313 1987 3355 praesentiarum
2003 3318 2064 3346 Rex

1184 3356 1328 3397 habetur,
1354 3360 1388 3392 (9·
1407 3358 1535 3400 futurus
1563 3364 1747 3403 Imperator,
1785 3366 1847 3396 Deo
1866 3366 2037 3396 concedente
2053 3387 2066 3403 ,

1179 3405 1338 3450 speratur,
1355 3406 1427 3448 ficut
1446 3411 1515 3449 jam
1535 3409 1592 3452 fibi
1618 3414 1815 3452 conceffimur,
1858 3415 1890 3447 Θ
1910 3412 2066 3454 fiissefforl-

1184 3457 1240 3490 bus
1259 3458 1339 3510 illius
1360 3481 1372 3498 ,
1407 3466 1459 3501 qul
1495 3459 1533 3492 ab
1569 3461 1727 3503 Apostolica
1765 3463 1839 3497 Sede
1869 3460 2066 3503 personaliter

1966 3510 2018 3545 hoc
