2366 3756
139 1775 200 1807 Lib.
230 1785 258 1807 2.

136 1827 203 1855 cap⁴
215 1827 261 1848 ιο.

418 143 516 193 366·

336 216 422 250 natis
443 241 454 256 ,
491 212 560 247 vult
589 209 690 245 solam
715 211 967 247 Occidentalem
993 236 1003 253 ,
1029 212 1217 247 Romanam

336 265 506 310 praesertim
518 286 530 303 ,
555 272 625 296 non
647 261 855 297 Orientalern
867 261 1048 297 Ecclesiam
1071 273 1219 306 oportere

334 313 459 350 attendi
482 338 490 346 .
534 311 624 347 Nam
651 313 686 346 &
719 312 854 356 Juliano
889 311 1114 358 Pelagianistae
1141 337 1151 352 ,
1177 314 1217 348 ad

332 363 539 399 ‘orientalem
551 363 725 398 Ecclesiam
738 364 951 405 provocanti,
976 361 1092 398 eodem
1117 363 1218 399 modo

333 409 519 458 respondit.
549 412 651 460 Qod
662 413 742 459 ergo
754 412 964 448 Firmilianus
976 424 1120 448 mentem
1148 425 1216 448 non

333 464 529 503 mutaverit,
554 462 684 499 abunde
705 465 824 498 docent
847 462 914 506 jam
937 472 1116 498 memorata
1134 463 1217 498 Acta

332 515 365 549 ἀ
378 513 476 549 Sensa
489 513 597 548 Sansti
608 509 717 549 Bafili'i
729 538 737 547 .
762 514 879 557 Neque
896 513 988 549 enim
1000 512 1057 549 ille
1068 513 1219 557 rebaptis-

332 573 425 599 mum
446 564 599 604 reduxit,
623 564 677 599 sed
700 565 719 599 a
742 564 806 597 suis
828 563 1096 599 Antecefforibus
1119 563 1161 598 ad
1187 566 1217 599 se

332 615 398 650 sine
408 614 664 659 interpolatione
677 637 689 654 ,
713 613 735 647 fi
750 611 883 657 quidem
903 614 992 650 credi
1013 615 1131 659 poffir,
1157 625 1218 652 tra-

331 663 465 701 dustum
485 663 658 699 dumtaxat
676 664 906 706 confirmavit,
932 665 1125 708 censuitque
1147 675 1215 699 non

331 715 544 751 deserendum
563 739 572 748 .
608 714 690 759 Egit
709 725 785 750 cum
816 714 1012 751 Firmiliano
1031 714 1215 758 Stephanus

330 764 492 800 Pontifex
509 788 521 804 ‚
550 774 610 799 aut
629 765 702 808 quis
721 764 790 809 ejus
810 765 977 802 Successor
1000 788 1011 804 ‚
1043 764 1215 809 quomodo

327 826 407 850 cum
427 815 602 859 Polycrate
624 814 833 859 Ephesiorum
857 816 1041 859 Episcopo,
1069 815 1214 850 Primate

328 865 489 901 Dioecefis
515 863 686 906 Afiaticae,
711 877 821 911 egerat
845 866 976 900 Sanetus
996 864 1130 901 Victor.
1158 864 1212 899 Ad

326 916 436 951 Sansti
457 915 614 960 Dionyfii
638 915 837 952 Patriarchae
859 915 1081 951 Alexandrini
1107 926 1213 960 preces

325 966 493 1002 revocavit
511 966 870 1002 excommunicationIs
891 967 1061 1002 vinculum
1084 991 1096 1008 ,
1127 965 1146 999 ὲ
1172 966 1213 1009 ja-

324 1017 417 1051 etatis
442 1018 477 1052 ἀ
488 1016 647 1061 Jactandis
657 1017 692 1052 in
703 1016 894 1057 Romanam
910 1017 1086 1052 Ecclefiam
1099 1025 1212 1051 contu-

324 1066 433 1112 meliis
449 1067 556 1101 virum
566 1067 769 1112 compescuit
781 1087 792 1107 ,
816 1067 850 1104 δε,
862 1068 895 1104 in
910 1067 970 1102 suo
981 1068 1073 1101 sensu
1097 1067 1212 1110 permi-

323 1115 361 1151 fit
371 1115 537 1152 abundare
549 1143 557 1150 .
585 1116 712 1152 Verum
726 1116 794 1153 haec
808 1119 882 1154 sunt
893 1117 1023 1151 alterius
1035 1116 1112 1151 loci.

373 1165 623 1203 Praetermittere
643 1168 750 1202 nolim
772 1168 863 1201 aliud
888 1175 1117 1211 argumentum
1130 1189 1141 1205 ,
1166 1175 1208 1199 ex

322 1224 390 1258 quo
402 1217 487 1252 lucet
501 1218 655 1252 Sanstum
666 1216 894 1260 Augustinum
906 1216 947 1248 de
959 1215 1107 1248 Romani
1121 1215 1206 1248 Pon-

320 1266 420 1300 tificis
440 1267 476 1301 in
496 1265 687 1302 decidendis
705 1265 783 1299 fidei
796 1263 1030 1309 quaestionibus
1050 1265 1144 1308 plena
1159 1265 1206 1299 in·

321 1314 519 1351 finibilitate
529 1325 597 1349 non
615 1312 791 1350 dubitasse.
821 1314 988 1350 Adversus
1005 1315 1124 1358 Juliani
1146 1314 1206 1349 Pe-

320 1363 522 1409 lagianistae‚
549 1363 568 1398 ὲ
588 1364 748 1399 Romanae
776 1364 924 1399 Ecclefiae
936 1364 1065 1408 judicio
1089 1364 1131 1400 ad
1154 1376 1211 1409 ge-

319 1412 464 1449 neralem
475 1413 650 1458 synodum
661 1424 839 1459 provocare
851 1427 922 1450 non
945 1415 1116 1456 cessantis,
1142 1426 1206 1450 tur·

319 1463 415 1499 bidos
433 1463 555 1510 ubique
565 1466 726 1501 clamores
738 1466 929 1500 unanimem
941 1467 1126 1500 sanctorum
1149 1465 1207 1500 Pa·

317 1522 405 1549 trum
425 1515 621 1551 eonsensum
647 1514 730 1549 mire
752 1515 884 1550 extollit
907 1539 918 1556 ‚
955 1517 1120 1551 affirmans
1142 1516 1206 1550 effe

317 1565 451 1610 aqualis
461 1575 538 1600 cum
547 1565 692 1610 generali
703 1564 864 1600 Concilio
875 1564 1038 1599 firmitatis
1046 1589 1054 1598 .
1086 1566 1205 1606 irenei,

314 1611 481 1659 Cypriani
501 1639 512 1656 ,
539 1613 666 1650 Reticii
693 1638 703 1655 ,
728 1613 883 1657 Olympii
906 1639 917 1655 ,
942 1614 1097 1654 Hilarii,
1125 1614 1205 1647 Am-

318 1662 415 1699 brofii
437 1687 448 1706 ,
475 1663 584 1699 Basilii
601 1686 613 1705 ,
639 1663 794 1707 Gregorii
819 1663 1044 1704 Nazianzeni,
1071 1664 1205 1707 Joannis

319 1709 550 1759 Chrysostotni
569 1738 580 1755 ,
607 1712 817 1758 aliorumque
837 1713 1035 1749 Latinorum
1062 1714 1096 1747 δε
1121 1713 1205 1746 Grae-

317 1774 435 1799 corum
456 1760 592 1799 adducit
619 1762 809 1798 testimonia
830 1787 842 1804 ‚
866 1764 904 1799 ἀ
925 1763 1098 1798 concludit
1119 1777 1130 1797 :
1156 1762 1206 1803 Isti

319 1813 461 1858 Episcopi
482 1810 557 1859 sunt
580 1814 659 1848 doc‘li
680 1838 692 1854 ,
713 1825 828 1858 graves
853 1838 865 1854 ‚
886 1812 988 1857 sandi
1010 1838 1022 1855 ,
1059 1819 1206 1848 veritatis

318 1871 456 1899 acerrimi
466 1863 638 1908 defmfhres
650 1865 801 1899 adversus
811 1866 956 1909 garrulas
968 1869 1127 1898 vanitates
1137 1889 1148 1905 ,
1173 1870 1207 1897 in

317 1927 444 1959 quorum
464 1920 602 1955 ratione,
625 1917 788 1950 eruditione
816 1939 828 1956 ,
852 1915 993 1950 libertate
1013 1939 1023 1956 ‚
1050 1926 1120 1957 quae
1146 1919 1208 1946 tria

316 1966 394 2001 bona
397 1970 430 2012 J
431 1967 509 2000 adici
521 1965 650 2007 tribuisti
663 1990 675 2007 ‚
704 1977 763 1999 non
769 1973 857 2007 potes
881 1970 1017 1998 invenire
1033 1964 1114 2005 quod
1124 1961 1206 2005 sper-

316 2028 376 2050 nas
388 2042 396 2050 .
423 2015 544 2059 Juliani
556 2040 568 2056 ‚
593 2014 716 2059 dogma
728 2015 821 2047 suurn
841 2012 907 2047 fine
921 2013 1049 2047 ratione
1063 2036 1074 2051 ,
1099 2010 1206 2044 erudi-

315 2067 411 2101 tione
431 2090 443 2107 ,
467 2065 618 2100 libertate
637 2087 649 2104 ,
685 2062 726 2097 ab
751 2062 910 2103 imperitis
929 2084 940 2100 ,
976 2070 1032 2093 aut
1055 2059 1202 2092 Romani

315 2115 493 2150 Pontificis
521 2111 680 2154 judicium
702 2108 865 2142 serviliter
894 2108 1105 2153 sequentibus
1126 2132 1136 2149 ,
1162 2120 1200 2142 ac

315 2163 402 2208 apud
415 2165 485 2197 suas
495 2159 592 2196 Sedes
604 2157 814 2194 manentibus
831 2158 1000 2202 Episcopis
1011 2158 1202 2193 damnatum

316 2212 525 2253 blaterantis‚
552 2220 656 2255 nugas
676 2208 721 2243 ita
741 2206 887 2244 retundit
906 2234 917 2250 ‚
946 2210 980 2243 δε
1003 2210 1107 2254 pergit
1131 2223 1143 2243 .·
1170 2211 1204 2242 51

316 2263 505 2309 Epiftopalis
525 2261 653 2299 55nodus
677 2271 716 2293 ex
727 2266 786 2293 toto
797 2258 864 2292 orbe
881 2268 1103 2305 congregaretur
1115 2282 1125 2297 ‚
1151 2265 1206 2291 mi-

315 2328 384 2351 rum
388 2314 419 2357 fi
422 2313 500 2347 tales
515 2311 626 2355 pofflmt
634 2311 694 2344 illic
698 2309 795 2351 facile?
808 2316 850 2342 tot
858 2307 961 2352 sedere
975 2332 988 2349 ,
1013 2314 1088 2354 quia
1098 2320 1150 2342 nec
1159 2308 1204 2349 isti

315 2378 374 2401 uno
384 2372 512 2407 tempore
515 2362 657 2405 fuerunt.
686 2359 852 2403 Sedfideles
879 2360 914 2393 ό·
935 2359 1044 2393 multis
1062 2359 1205 2394 excellen-

316 2422 407 2450 tiores
426 2422 538 2458 paucos
562 2409 779 2455 dispensatores
797 2408 865 2453 suos
877 2412 959 2443 Deus
980 2417 1036 2452 per
1067 2406 1204 2451 diversas

315 2475 426 2503 aetates
445 2472 631 2509 temporum,
655 2463 840 2505 locorumque
862 2459 1026 2502 distantias
1051 2482 1063 2500 ,
1083 2457 1155 2503 ficut
1174 2464 1202 2494 ei

740 133 782 176 S.
821 130 1140 177 Gucoouil
1175 143 1411 176 sepum
1448 128 1812 177 1³0Nr11=1c15

1273 215 1374 257 placet
1398 221 1489 256 atque
1498 213 1789 255 expedirejudscm
1815 213 1878 258 ipse
1896 213 2063 260 dispensat.
2090 217 2151 251 Hos·

1276 271 1378 307 itaque
1388 264 1425 296 de
1434 264 1504 299 alus
1530 271 1619 306 atque
1630 263 1702 298 altis
1717 263 1896 305 temporibus
1921 273 2009 309 atque
2020 270 2154 312 Regioni-

1277 313 1332 347 bus
1352 327 1371 354 ‚·
1401 312 1440 346 ab
1462 318 1583 351 oriente
1609 314 1644 347 (5
1665 314 1819 347 occidente
1836 323 2022 360 congregatos
2043 319 2152 357 vides,

1277 375 1335 398 non
1355 370 1387 396 in
1405 364 1497 397 locum
1520 375 1576 405 quo
1598 369 1746 407 navigare
1750 365 1854 406 pffnt
1871 364 2003 400 homines
2014 389 2025 405 ,
2046 365 2103 411 sed
2119 374 2153 403 in

1276 414 1350 448 libro
1360 418 1411 456 qui
1421 420 1570 459 navigare
1581 414 1663 455 pofflt
1675 415 1719 446 ad
1728 413 1859 448 homines
1871 439 1878 446 .
1906 414 1974 450 Eos
1997 418 2060 452 effe
2081 419 2154 453 affe·

1277 464 1318 498 tit
1338 463 1470 509 Judices
1493 464 1588 498 omni
1626 462 1764 507 synodo
1785 464 1995 507 optabiliores
2018 491 2025 500 .
2054 466 2098 502 Et
2119 468 2154 503 in

1278 513 1451 549 noviffimo
1479 512 1631 549 adversus
1660 514 1814 560 eumdem
1846 515 2011 560 Julianum
2034 529 2155 563 opere,-

1277 563 1375 608 ,Quasi
1392 566 1463 599 vero
1485 569 1518 598 in
1530 565 1657 598 Concilio
1668 563 1878 608 Episcoporum
1891 590 1902 607 ,
1932 569 2014 612 quod
2031 580 2089 602 non
2105 568 2158 613 sa-

1274 614 1399 649 lubriter
1416 639 1429 656 ,
1448 612 1508 658 sed
1520 614 1676 658 jaHanter
1690 623 1813 659 propter
1845 615 1961 657 vestras
1984 619 2156 662 quaestiones

1275 664 1377 699 debere
1398 666 1499 699 dicitis
1532 671 1700 712 congregari
1721 690 1732 707 ,
1765 664 1796 707 fi
1817 663 1957 709 fiderent
1991 668 2132 714 Episcopi
2146 694 2158 711 ‚

1274 726 1346 756 quos
1352 714 1449 758 supra
1468 722 1654 756 memoravi,
1671 715 1769 757 facile
1789 721 1941 751 invenires
1960 730 2033 762 quos
2052 726 2095 754 eis
2122 726 2155 753 in

1274 764 1411 799 dodrina
1439 765 1636 808 Ecclefiastica
1660 771 1826 811 antiquitus
1855 769 1974 803 tradita
2016 781 2154 814 aquare,

1273 816 1383 849 nedum
1387 814 1536 858 praeferre
1546 817 1680 860 poff'etis.
1710 817 1754 852 Et
1764 818 1799 852 in
1812 817 1880 852 alio
1892 818 2034 865 ejusdem
2048 820 2155 864 operis

1274 865 1376 900 libro:
1402 868 1480 900 siin
1491 868 1638 907 Concilio,
1662 868 1746 908 cujus
1757 869 1872 903 videris
1893 868 2057 912 defiderare
2069 872 2154 912 judi·

1270 922 1366 956 cium,
1391 915 1529 961 sederent
1549 922 1738 959 Cyprianus,
1766 919 1902 952 Hilarius
1926 944 1937 960 ,
1964 923 2125 964 Gregorius
2141 944 2153 961 ,

1271 965 1400 1007 Basilius
1411 991 1421 1007 ,
1440 970 1474 1010 J
1476 978 1585 1001 oannes
1597 966 1943 1011 constantinopolitanus
1955 993 1967 1010 ‚
1992 967 2026 1005 ut
2036 979 2151 1005 taceam

1269 1017 1343 1051 alios
1370 1041 1381 1057 ‚
1408 1019 1556 1060 numquid
1580 1018 1722 1051 doeiiores
1735 1041 1746 1057 ‚
1768 1021 2000 1060 prudentiores,
2025 1026 2154 1056 veracio-

1268 1076 1315 1099 res
1330 1070 1363 1110 J
1365 1068 1465 1099 udices
1486 1078 1621 1110 quaerere
1636 1067 1790 1103 auderes?
1815 1067 1877 1111 Ipfi
1893 1078 1997 1104 contra
2011 1073 2154 1116 dogmata

1269 1115 1364 1155 vestra
1372 1113 1526 1154 clamant,
1552 1115 1609 1156 ipfi
1614 1117 1738 1158 Scriptis
1745 1114 1810 1160 suis
1833 1117 1933 1159 vestra
1946 1122 2068 1164 Scripta
2090 1132 2155 1155 con-

1268 1164 1431 1197 demnant.
1460 1165 1550 1207 ,Quid
1568 1170 1678 1206 quaeris
1690 1167 1843 1208 amplius?
1868 1169 1980 1215 Hujus
1999 1170 2154 1204 dostrinae

1271 1215 1406 1257 scopum
1428 1214 1532 1249 edicit
1553 1214 1589 1248 in
1611 1213 1711 1258 priori
1724 1226 1840 1258 opere.
1867 1218 2044 1254 Ecelefiam
2055 1221 2155 1256 Occi-

1268 1263 1432 1299 dentalem
1446 1285 1459 1305 ,
1485 1263 1637 1309 ipfiquea
1657 1266 1775 1299 Sancto
1790 1264 1891 1302 Petro
1914 1266 2154 1313 Apostolorum

1269 1314 1424 1358 Principe
1448 1315 1602 1351 traditam
1614 1314 1798 1351 doetrinam
1822 1315 1954 1358 laudat,
1979 1329 2017 1352 ac
2026 1319 2153 1364 pergit:

1267 1367 1325 1397 Cui
1351 1363 1486 1408 Ecclefiae
1507 1364 1731 1401 patriarchico
1753 1365 1822 1410 jure
1834 1365 2038 1411 singulariter
2053 1367 2154 1412 prae'fi-

1265 1416 1386 1449 dentem
1402 1418 1536 1449 Beatum
1546 1419 1749 1451 Innocentium
1751 1413 1782 1460 fi
1788 1417 1895 1453 audire
1903 1417 2038 1462 volum‘es
2048 1443 2061 1460 ‚
2080 1421 2153 1462 jam

1263 1472 1331 1499 tunc
1337 1464 1531 1508 periculosam
1534 1467 1729 1507 juventutem
1740 1476 1826 1503 tuam
1838 1468 2012 1512 pelagianis
2034 1470 2152 1512 laqueis

1263 1516 1384 1558 exuisses
1396 1540 1404 1549 .
1430 1517 1523 1559 ,Quid
1529 1522 1609 1551 enim
1615 1523 1718 1560 potuit
1734 1521 1784 1551 vir
1794 1516 1972 1561 Hlesandus
1995 1518 2152 1561 Africanis

1263 1563 1437 1607 respondere
1451 1567 1590 1601 Conciliis
1603 1590 1615 1607 ‚
1639 1566 1698 1608 nifi
1713 1568 1793 1611 quod
1800 1573 1970 1612 antiquitus
1993 1568 2153 1612 Apfidica

1267 1614 1376 1654 sedes,
1402 1618 1436 1650 (¹5
1459 1620 1597 1650 Romana
1615 1628 1682 1651 cum
1704 1623 1821 1653 caeteris
1832 1618 2152 1664 perseveranti-rtem

1269 1663 1420 1708 Ecclesia?
1447 1664 1612 1700 Divinam
1625 1667 1815 1709 Evangelici
1826 1668 1994 1710 dogmatis
2013 1668 2150 1711 Deposi-

1267 1721 1339 1747 tum
1362 1714 1398 1746 in
1418 1715 1601 1746 sanctorum
1623 1712 1760 1748 Parrum
1782 1713 1895 1756 libris,
1921 1725 2089 1759 tamquam
2101 1718 2154 1756 fir-

1268 1759 1414 1796 miffirnis
1435 1759 1624 1796 univerfitlis
1646 1760 1798 1795 Ecclefiae
1818 1761 1944 1803 scriniis
1965 1763 2121 1799 custodiri
2139 1790 2153 1807 ,

1268 1811 1354 1855 ipsos
1365 1811 1519 1847 omnium
1530 1809 1731 1856 generalium
1746 1807 1844 1846 etiam
1856 1812 2069 1858 Synodorum
2078 1815 2152 1859 post

1266 1859 1456 1896 Canonicas
1467 1861 1590 1897 litteras
1601 1861 1665 1896 effe
1676 1861 1776 1897 duces
1801 1873 1840 1898 ac
1853 1864 1982 1909 regulas
1991 1888 2003 1905 ,
2029 1865 2065 1899 ἃ·
2084 1865 2153 1901 lau-

1266 1912 1358 1945 datas
1380 1910 1535 1953 synodos
1554 1922 1623 1946 non
1647 1911 1707 1948 nisi
1721 1923 1764 1947 ex
1784 1911 1856 1958 ipsis
1888 1915 1977 1958 poffe
1994 1913 2150 1958 definire,

1263 1960 1330 2003 jam
1357 1960 1545 2004 frequenter
1554 1962 1601 1996 est
1616 1961 1802 1996 ostensum.
1830 1963 1883 1996 Ex
1905 1963 2045 2006 iisdem,
2068 1965 2150 2001 dum

1266 2006 1546 2054 Cathaginensem
1571 2022 1610 2045 ac
1634 2011 1870 2047 Milevitanam
1883 2011 2040 2049 adversus
2057 2015 2152 2050 Pela-

1264 2057 1312 2102 gii
1332 2058 1490 2102 dogmata
1514 2059 1669 2103 Synodos
1690 2062 1899 2098 confirmavit
1919 2086 1932 2102 ,
1968 2063 2150 2100 definivisse

1266 2108 1498 2142 Innocentium
1509 2108 1707 2144 Pontificem
1717 2131 1728 2148 ‚
1753 2110 1846 2154 aliter
1856 2111 1994 2147 definire
2010 2125 2080 2149 non
2091 2125 2150 2159 po-

1265 2157 1360 2192 tuisse
1380 2181 1392 2198 ‚
1422 2156 1503 2192 hinc
1527 2169 1589 2193 nec
1613 2159 1752 2202 potuiffe
1773 2159 1841 2195 labi
1865 2185 1877 2203 ,
1913 2160 2057 2207 ideoque
2078 2165 2152 2208 ejus

1264 2206 1425 2250 judicium
1449 2210 1511 2244 effe
1536 2208 1711 2244 infallibile
1735 2210 2014 2248 &irretractabile
2033 2213 2150 2249 asseve-

1266 2267 1312 2292 rat
1335 2258 1564 2303 Augustinus,
1591 2267 1687 2303 atque
1711 2259 1758 2294 ita
1779 2261 1949 2296 concludit
1976 2262 1996 2296 a
2017 2263 2149 2307 Juliano

1265 2308 1331 2351 peti
1351 2319 1421 2342 non
1443 2308 1531 2351 posse
1559 2306 1682 2343 novam
1715 2309 1942 2352 audientiam,
1969 2313 2023 2347 sed
2045 2314 2150 2349 solam

1266 2357 1314 2391 illi
1346 2358 1462 2392 restare
1481 2358 1727 2402 poenitentiam.
1755 2359 1938 2397 Concludit
1963 2361 2151 2406 &Aposto-

1267 2407 1337 2443 licae
1358 2407 1451 2442 Sedis
1474 2431 1486 2447 ‚
1522 2409 1555 2444 &
1576 2409 1736 2457 generalis
1763 2411 1891 2456 synodi
1923 2410 2046 2458 judicia
2086 2415 2150 2453 effe

1263 2456 1353 2505 aeque
1374 2458 1467 2494 firma
1484 2482 1491 2494 .

1794 3396 2033 3485 Orien-

2173 839 2202 868 L·
2215 848 2236 868 Ι.
2247 834 2335 869 060-¹

2171 1105 2234 1134 La..
2247 1111 2325 1148 ιη.
