2366 3756
64 1031 86 1060 Ι.
102 1040 222 1068 ²·C·34·

74 3041 153 3081 Epist.
167 3048 191 3073 6.

917 102 1142 146 D1cr

242 192 359 227 eodem
371 189 588 223 fundamento
608 185 796 220 inchoatam
810 184 901 219 fuiffe
913 183 1051 218 Martini
1066 182 1130 216 Lu-

239 243 321 277 theri
349 238 611 282 praedicationem
637 236 814 270 testaturin
832 235 1007 268 Citizensis
1019 232 1131 267 Eccle-

239 294 289 326 fiae
310 289 486 325 Chronico
501 287 620 321 Paulus
642 286 793 331 Langius
805 297 813 317 :
840 287 996 317 Martinus
1017 282 1131 317 Lutbc-

238 353 291 375 rus
310 340 409 383 asserit
429 341 465 373 (θ’
485 338 596 380 probat
623 341 790 370 Romanam
815 333 973 378 Ecca-fiam
995 345 1054 367 non
1078 334 1130 378 effe

230 395 301 434 jure
315 392 422 424 divino
437 395 573 432 primam
598 386 901 429 &caput'omnium.
929 384 1134 429 ⁸Quamobrem·

68 426 104 454 A'
126 434 206 459 ¹5¹⁷·
238 439 299 484 ipse
312 445 401 483 Papa
416 466 425 481 ,
451 438 678 474 &cardinales
696 461 706 477 ‚
733 433 887 477 omnesque
907 433 1128 478 Romanenses,

239 498 348 524 mirum
371 497 404 524 in
417 491 536 523 modum
559 489 660 522 contra
676 487 760 532 illum
783 484 956 526 &fremere
977 488 1129 520 &excan-

238 540 349 584 desbere
372 542 518 581 coeperunt
531 563 541 578 ,
568 540 664 572 &ceu
690 537 815 570 alterum
831 535 1020 578 Athanasium
1027 533 1129 578 persi·-

240 599 291 634 qm
305 617 315 632 ‚
336 593 512 633 pottfflmum
536 586 829 631 quoddlsputaverit
851 590 1019 619 Romanam
1031 587 1131 619 Eccle·

239 641 315 684 fiam
331 652 388 673 non
399 641 451 683 effe
461 643 577 671 Divino
589 641 662 687 jrqe
670 642 822 680 prImam,
846 637 982 679 &caput
994 634 1131 678 Ecclefia—

239 703 305 723 rum
329 690 408 723 orbis
429 715 436 721 .
466 688 545 730 Ejus
567 690 707 732 palmare
729 686 926 730 principium
954 688 1015 721 suit
1037 687 1129 721 frivo-

241 742 310 774 lum
338 740 501 774 somnium
542 738 676 773 Marsilii
697 738 845 771 Paduani
883 763 893 778 ,
921 738 962 771 de
982 749 1048 781 quo
1095 736 1129 770 in

240 789 439 825 Catholica-
463 789 698 824 concordantia
736 788 898 822 Nicolaus
948 786 1130 822 Cardinalis

242 842 415 874 Cusanus:
443 840 585 882 ,Quidam
610 837 758 880 Mar-filius
782 840 949 873 paduanus
970 841 1065 872 dicere
1085 842 1131 871 vie

238 893 326 924 detur
343 898 404 933 per
428 893 580 922 canonem
603 890 717 923 Bibltae
733 889 858 931 probari
881 901 939 922 non
948 890 1024 932 posse
1037 913 1048 929 ‚
1075 890 1130 921 Pc-

238 950 318 974 trum
342 939 522 982 Episcopum
545 943 713 972 Romanum
726 964 735 978 ‚
761 943 820 973 imo
833 948 889 972 aut
901 944 1004 973 Romae
1018 938 1110 982 fuisse
1123 962 1130 968 -

238 991 330 1034 ,Quod
356 1001 395 1023 ex
412 996 517 1032 prima
544 992 627 1022 Petri
652 989 770 1031 epistola
782 988 902 1032 falsum
928 989 984 1029 est,
1011 991 1046 1022 <5
1072 1000 1131 1022 non

239 1041 276 1081 est
288 1039 377 1083 usque
388 1041 434 1073 ad
443 1039 507 1074 baec
520 1048 653 1082 tempora
675 1038 835 1083 quisquam
849 1040 1007 1073 DocVorum
1015 1038 1131 1083 sanilo-

237 1103 305 1124 rum
328 1097 473 1124 inventus
495 1115 506 1131 ,
531 1096 585 1133 qui
607 1090 657 1123 boc
681 1101 823 1133 umquam
851 1096 1008 1134 negaverit
1031 1114 1039 1122 .
1068 1091 1131 1122 Imo

238 1143 356 1182 Alypius
372 1164 383 1181 ‚
410 1140 585 1185 Augustinus·
611 1163 622 1180 ,
650 1144 783 1183 Optatus
805 1141 1031 1180 milevitanus,
1057 1142 1131 1173 San-

237 1190 301 1223 c‘l'us
324 1196 518 1229 Hieronymus
531 1216 541 1232 ,
568 1202 603 1224 ac
628 1203 728 1224 omnes
753 1193 807 1224 alii
830 1213 841 1229 ‚
859 1198 910 1233 qui·
933 1194 1132 1224 Romanorum

239 1241 415 1282 Pontificum
437 1243 615 1285 Catalogum
632 1240 695 1284 ficis
717 1241 842 1283 scriptis
868 1241 1057 1281 inseruerunt
1077 1266 1087 1282 ‚
1112 1242 1132 1272 ᾱ

239 1294 327 1324 Petro
347 1296 517 1332 incipiunt.
546 1291 667 1334 Urget
692 1290 855 1325 Marsilius
878 1289 943 1325 haec
967 1289 1128 1335 Apostoli·

238 1353 281 1374 εκ
305 1341 445 1383 epistolae
459 1338 579 1375 verba:
605 1340 727 1374 Salutat
750 1353 804 1374 vos
827 1341 978 1382 Ecclefia‚
1005 1351 1071 1383 quae
1095 1340 1132 1380 est

237 1397 270 1424 in
285 1389 451 1429 Babylone.
482 1391 628 1424 Romam
641 1391 732 1424 enim
750 1414 761 1429 ,
789 1390 878 1433 quod
903 1402 982 1437 tunc
997 1390 1132 1424 idolola-

238 1441 326 1474 tricae
352 1440 561 1475 confusionis
583 1441 680 1484 piena
703 1442 801 1481 esset,
831 1451 884 1484 per
895 1438 1101 1483 Babylonem
1115 1440 1132 1473 a

237 1492 357 1525 Sansto
369 1489 468 1524 Petro
483 1489 539 1523 hic
553 1489 697 1533 intelligi
710 1490 901 1524 existimant
913 1491 1133 1524 SanetusHie-

236 1549 415 1582 ronymus,
439 1539 622 1583 &quidam
637 1539 693 1573 alii
706 1538 836 1573 Patres.
864 1537 935 1573 Alii
947 1549 1058 1574 tamen
1070 1536 1132 1569 As-

236 1589 401 1631 syriorum
425 1588 634 1632 Babylonem
661 1589 830 1634 intelligi,
856 1599 954 1630 atque
977 1587 1046 1621 illic
1059 1585 1129 1619 scri-

235 1648 326 1681 ptam
339 1637 506 1671 esseistam
520 1637 705 1681 Epistolam
717 1637 837 1671 volunt
849 1661 860 1678 ,
879 1635 968 1681 quod
983 1635 1053 1670 illic
1068 1634 1130 1669 hae-

235 1686 424 1729 reditarius,
449 1688 467 1721 a
480 1698 549 1731 quo
572 1697 691 1722 omnes
703 1698 758 1731 per
769 1687 1019 1731 Cappadociam
1034 1711 1044 1726 ,
1071 1685 1126 1719 Bi-

235 1738 414 1781 thyniam,
445 1738 618 1778 Pontum,
640 1747 738 1779 atque
750 1737 917 1771 Galatiam
947 1738 1132 1781 synagoga

236 1788 445 1832 pendebant,
471 1788 580 1832 primae
604 1787 746 1830 Judaicae
767 1785 972 1831 dispersionis
993 1786 1130 1821 Patriar·

236 1836 297 1871 cha
325 1838 456 1883 degeret
469 1863 476 1870 .
503 1837 567 1872 Ista
590 1836 631 1871 de
643 1839 737 1872 causa
755 1838 874 1873 volunt
893 1837 1027 1872 Petrum
1041 1836 1130 1880 Apo-

235 1887 356 1921 stolum
384 1888 452 1922 illic
477 1887 660 1921 Antiochia
672 1888 849 1922 acceffiffe.
876 1888 1053 1937 Qijdquid
1065 1888 1130 1926 sit,

236 1937 369 1972 Petrum
383 1938 500 1971 Romae
515 1948 582 1970 non
594 1936 724 1971 tantum
736 1939 829 1972 fuisse
842 1963 852 1979 ,
878 1939 931 1973 sed
956 1938 990 1972 ἀ
1003 1938 1072 1972 illic
1086 1938 1130 1971 se-

234 1987 316 2021 disse
327 1988 467 2030 primum
482 1988 683 2031 Episcopum
697 2011 708 2027 ,
728 1988 879 2022 unanimi
893 1999 973 2023 voce
985 1988 1129 2023 clamant

234 2039 370 2073 Sanstus
383 2037 540 2078 Irenaeus,
566 2037 824 2079 Tertullianus,
844 2038 979 2073 Sanstus
996 2037 1131 2082 Cypria·

234 2100 318 2130 nus,
344 2088 477 2124 Sanctus
500 2087 713 2122 Firmilianus
735 2112 746 2128 ,
774 2088 934 2123 Eusebius
958 2089 1129 2123 Caesarien·

234 2138 272 2172 fis
295 2164 306 2179 ,
335 2138 447 2172 Patres
475 2136 616 2172 omnino
643 2148 760 2170 omnes
775 2162 785 2176 ,
811 2137 922 2169 Latini
945 2138 980 2169 δε
1004 2137 1133 2170 Graeci.

235 2189 281 2220 Et
301 2187 378 2220 hinc
400 2188 560 2220 Romanae
574 2185 747 2219 Cathedrae
759 2185 944 2227 Primatum
968 2187 1132 2219 eversurus

237 2236 370 2270 Marcus
395 2235 565 2269 Antonius
588 2234 630 2269 de
643 2234 801 2268 Dominis
814 2259 824 2275 ‚
850 2234 929 2290 alifis
941 2235 998 2269 sibi
1016 2235 1131 2269 struxit

237 2283 499 2329 phantasmatum
522 2283 692 2318 machinas
720 2296 727 2316 :
752 2285 888 2333 Fatetur
913 2285 1047 2318 Petrum
1065 2285 1130 2318 Ro-

238 2346 295 2369 mae
306 2335 463 2368 vixisse&
475 2334 591 2368 obiiffe
604 2358 614 2373 ‚
642 2334 825 2377 praedicaffe
840 2335 909 2368 illic
921 2335 955 2368 δε
971 2335 1128 2368 exercuis-

239 2386 271 2419 se
294 2387 380 2419 astus
405 2384 639 2428 Episcopum,
668 2383 714 2417 ast
741 2389 837 2429 negat
853 2384 1061 2419 Cardinalem
1076 2386 1126 2417 seu

241 2436 407 2479 proprium
439 2434 511 2468 istic
530 2434 624 2467 fuisse
655 2434 855 2477 Episcopum
875 2460 886 2475 ,
916 2446 1014 2480 negat
1036 2434 1127 2469 fuisse

244 2485 484 2529 Apostolorum
496 2494 593 2526 caput
605 2485 638 2517 ὃ(
655 2483 862 2526 Principem,
890 2494 987 2529 atque
999 2485 1042 2519 ita
1056 2486 1127 2519 vult

240 2535 362 2577 Papam
372 2546 431 2567 nec
443 2536 506 2567 esse
517 2534 584 2576 ejus
598 2534 786 2572 successore,
804 2546 863 2568 nec
876 2545 917 2568 ex
929 2534 998 2578 ejus
1011 2536 1128 2569 succes·

240 2586 328 2618 sione
350 2583 436 2627 sequi
460 2585 564 2617 totius
590 2583 741 2616 Ecclesiae
766 2583 971 2618 Primatum.
999 2584 1129 2628 Nempe

241 2634 322 2669 adeo
334 2633 499 2668 manifesta
514 2633 558 2667 est
573 2634 718 2677 suprema
733 2634 879 2668 Romani
901 2634 1011 2669 throni
1025 2636 1127 2678 Maje-

243 2685 326 2724 stas,
352 2694 387 2718 ut
408 2695 475 2718 non
504 2684 562 2717 nisi
586 2695 639 2728 per
674 2683 733 2717 ista
756 2683 916 2718 horrenda
939 2686 1128 2720 manifestis-

242 2737 395 2768 simorum
419 2734 665 2769 mendaciorum
687 2734 829 2769 monstra
845 2735 939 2779 possit
958 2736 1009 2769 vel
1024 2737 1125 2780 impu-

267 2797 354 2818 nati.

243 2797 263 2830 g
294 2836 335 2868 Et
349 2833 462 2868 omnia
485 2834 543 2867 ista
556 2844 701 2870 evertens
727 2836 834 2870 noster
847 2836 964 2870 Canon
987 2836 1127 2871 omnino

243 2884 374 2918 liauslus
392 2885 436 2918 est
460 2896 499 2917 ex
525 2885 615 2918 avito
628 2885 775 2920 Ecclesiae
801 2887 911 2921 sensu.
941 2887 1070 2921 Etenim
1084 2888 1125 2921 ad

246 2935 372 2968 Rufum
394 2933 722 2969 Thessalonicensem
746 2935 1058 2981 Archiepiscopum‚
1087 2950 1144 2981 ac,

244 2987 337 3018 suum
360 2986 392 3018 in
407 2985 594 3026 Illyriciana
610 2986 745 3019 Dioecefi
758 2986 931 3021 Vicarium
946 3012 956 3027 ‚
983 2988 1064 3021 olim
1077 2990 1123 3021 uti
1141 2986 1144 3031 l

244 3046 309 3067 rem
323 3033 526 3068 manifestam
539 3035 658 3078 scripsit
672 3035 861 3071 Bonifacius
876 3039 996 3080 primus
1014 3050 1020 3070 :
1049 3041 1125 3070 Bea-

243 3094 272 3117 to
288 3083 413 3127 apostolo
439 3087 526 3117 Petro
546 3097 603 3117 arx
625 3087 784 3119 Sacerdoti}
798 3091 949 3120 Dominica
973 3100 1040 3121 voce
1061 3100 1127 3122 con·

244 3135 312 3177 cessa
334 3134 394 3174 est.
423 3133 465 3167 Et
490 3134 594 3167 infra.-
621 3137 703 3177 Ejus
720 3135 861 3179 consulis,
891 3138 1050 3172 Romanae
1065 3140 1143 3173 uti-⁴1

243 3195 305 3227 que
319 3209 328 3224 ,
354 3185 434 3217 Sedis
459 3196 601 3217 arcanum
615 3209 624 3223 ,
651 3197 741 3227 quam
762 3187 866 3226 conflat
890 3190 1060 3231 dignatione
1073 3192 1125 3222 Pe-

243 3245 300 3267 trae
317 3233 491 3276 spiritalis,
520 3234 670 3268 videlicet
695 3234 813 3269 Chrisii
837 3239 978 3271 Domini
1005 3239 1126 3280 nostri,

243 3286 358 3317 illatam
383 3309 390 3316 .
418 3285 461 3318 Et
488 3285 520 3317 in
547 3285 660 3318 litteris
686 3286 726 3319 ad
752 3286 925 3322 Thessaliae
948 3289 1143 3332 Episcopos*

245 3333 404 3368 Romanae
428 3333 599 3369 Cathedrae
611 3335 793 3370 Primatum
816 3339 1128 3374 affirmatanascen-

243 3383 284 3417 tis
308 3385 451 3421 Ecciefiae
463 3386 555 3421 fuisse
578 3384 732 3425 exordio,
755 3386 789 3420 δε
819 3390 1038 3432 prosequitur:
1069 3395 1143 3445 Νῖ-ι

1177 114 1205 142 A
1240 114 1266 141 τ
1302 114 1331 142 υ
1366 114 1421 144 ε.’
1921 115 2009 163 Ῑσς

1190 192 1280 216 caenae
1293 185 1398 222 synodi
1418 195 1476 217 non
1496 184 1582 218 aliud
1598 187 1752 229 Praecepta
1772 186 1935 229 testantur,
1963 190 2035 222 adeo
2047 197 2079 222 ut

1192 244 1248 266 non
1264 235 1383 276 aliquid
1398 233 1565 277 supeream
1585 235 1659 280 ausa
1663 235 1704 279 fit
1727 238 1919 279 constituere,
1943 239 2009 272 cum
2032 245 2079 272 vi-

1192 284 1274 317 deret
1297 284 1375 318 nibil
1379 283 1475 328 supra
1498 293 1638 321 meritum
1642 286 1730 330 suum
1748 288 1980 331 posse'corffern.
2006 293 2077 322 om·
2095 304 2218 344 Epispffl

1193 339 1245 366 m'a
1265 335 1391 381 denique
1411 335 1479 367 huic
1502 339 1629 371 naver-dt
1642 337 1773 370 Domini
1780 337 1912 381 sermone
1934 339 2074 382 conceffa.

1192 386 1273 417 Hanc
1293 396 1358 429 ergo
1367 383 1498 425 Eccleffis
1525 396 1583 419 toto
1593 387 1660 420 orbe
1679 387 1793 430 diffusis
1818 390 1902 422 velut
1920 397 2009 431 caput
2018 400 2077 423 cer·

1192 442 1254 465 tum
1279 434 1318 475 est
1344 434 1447 468 borum
1474 435 1526 478 effe
1552 437 1763 470 membrorum.
1792 438 1922 473 Laudat
1949 440 2077 474 sextum

1193 484 1366 518 Nicaenum
1391 485 1590 525 Canonem‚
1616 485 1672 529 qui
1696 486 1924 523 Alexandrino
1948 490 1982 524 δι
2008 489 2077 524 An-

1191 534 1351 569 tiocheno
1381 534 1580 569 Patriarchis
1602 535 1676 580 figit
1707 546 1809 570 certas
1832 538 2076 582 Episcopalium

1190 585 1475 619 consecrationum
1497 585 1530 618 ὃ(
1552 585 1749 628 judiciorum
1777 587 1863 630 leges
1887 612 1896 626 ,
1923 589 2077 631 additque

1191 633 1232 681 de
1246 634 1405 670 Romano
1419 649 1430 669 .-
1455 636 1541 679 ,Quia
1561 636 1686 670 &urbis
1697 639 1799 670 Romae
1813 636 1957 681 Episcopo
1963 642 2076 679 parilis

1190 694 1252 717 mos
1274 685 1313 725 est
1338 711 1346 717 .
1372 686 1417 719 Et
1442 686 1732 730 Metropolitarum
1760 688 1793 720 ὅς
1818 688 2076 723 Provincialium

1162 761 1163 764 ,
1192 734 1432 778 Episcoporum
1454 738 1659 772 consecratio
1680 748 1723 771 ex
1737 735 2078 779 Apostolicolnffitu-

1191 795 1227 819 to
1251 787 1366 829 spectat
1386 786 1428 820 ad
1450 785 1669 828 patriarchas.
1695 787 1822 822 Verum
1843 788 1945 831 aliqui
1971 789 2077 832 plures

1190 836 1344 881 &largas
1371 830 1537 873 Dioeces'es
1560 836 1703 876 habent,
1728 837 1868 881 ideoque
1881 848 2077 872 remotarum

1192 885 1440 921 Provinciarum
1465 888 1639 923 Antistites
1654 888 1868 932 permiserunt
1881 888 1921 922 ab
1935 888 2077 923 invicem

1191 935 1232 970 ad
1245 937 1315 971 suas
1336 937 1459 972 litteras
1482 940 1661 973 consecrari
1676 963 1684 972 .
1710 938 1803 984 Qu
1824 939 1858 972 ἀ
1872 938 2031 980 quosdam
2043 938 2079 972 fi-

1192 997 1233 1019 ne
1256 987 1318 1021 suis
1337 987 1468 1021 litteris.
1497 988 1673 1024 Variarum
1686 988 1936 1023 provinciarum
1951 989 2014 1023 fuit
2028 1000 2080 1023 va-

1195 1037 1240 1071 ria
1252 1037 1455 1071 consuetudo
1473 1064 1479 1071 .
1508 1040 1601 1074 Hinc
1624 1040 1664 1074 de
1678 1039 1905 1073 Alexandrina
1920 1064 1930 1079 ‚
1957 1038 2081 1074 Antio—

1191 1085 1292 1121 chena
1321 1112 1331 1127 ‚
1357 1089 1390 1121 <Sc
1411 1088 1474 1122 alia
1496 1090 1610 1132 quavis
1634 1090 1773 1124 Ecclesia
1796 1090 1907 1124 statuit
1931 1089 2081 1124 laudatus

1193 1138 1312 1172 Canon
1336 1138 1455 1179 cuique
1477 1139 1591 1173 servari
1626 1141 1682 1173 sua
1707 1140 1876 1185 privilegia
1900 1164 1910 1179 ,
1937 1141 1971 1174 &
1994 1140 2081 1174 anti·

1193 1199 1291 1231 quam
1313 1188 1438 1231 deipsis
1461 1189 1740 1223 consuetudinem
1760 1190 1868 1223 firmat
1882 1190 1915 1223 in
1929 1190 2082 1232 scriptam

1194 1239 1321 1283 legem.
1350 1238 1398 1272 At
1422 1239 1498 1272 vero
1522 1239 1684 1274 Romanae
1709 1238 1861 1274 Ecclefiae
1885 1250 2011 1273 morem
2034 1239 2085 1274 so·

1194 1287 1367 1323 lummodo
1379 1288 1490 1324 laudat
1503 1314 1513 1330 ‚
1540 1288 1626 1323 nihil
1641 1291 1734 1324 ausus
1745 1289 1963 1331 constituere,
1981 1289 2084 1324 sciens

1195 1339 1241 1373 illi
1254 1338 1367 1372 omnia
1381 1341 1531 1372 concessa
1542 1339 1561 1371 ὲ
1578 1339 1733 1372 Domino
1744 1362 1756 1379 ,
1775 1339 1915 1382 ideoque
1927 1339 1997 1382 ejus
2009 1340 2085 1383 Epi-

1193 1389 1326 1432 scopum
1347 1399 1389 1422 ex
1401 1388 1466 1422 fide
1490 1389 1523 1422 δε
1535 1388 1672 1422 arbitrio
1684 1400 1780 1434 agere
1791 1413 1803 1429 ‚
1828 1400 1867 1423 ac
1882 1389 1940 1423 soli
1953 1390 2030 1424 Deo
2040 1399 2086 1424 te-

1194 1439 1262 1473 neri
1280 1438 1320 1472 ad
1343 1438 1504 1472 rationes.
1534 1439 1577 1471 Et
1602 1438 1761 1478 Arabici,
1788 1439 1866 1473 licet
1886 1450 1956 1474 non
1978 1439 2085 1473 Nicat-

1195 1489 1232 1520 ni
1259 1511 1270 1527 ‚
1296 1497 1406 1520 tamen
1428 1487 1648 1528 antiquissimi
1674 1488 1900 1522 Orientalium
1928 1489 2086 1524 Canones

1193 1536 1386 1568 Romanum
1408 1534 1628 1577 Episcopum,
1655 1545 1724 1569 non
1750 1536 1861 1569 minus
1882 1537 1980 1580 quam
1995 1537 2087 1581 Apo·

1191 1583 1310 1617 stolum
1325 1582 1461 1618 Petrum
1473 1609 1484 1624 ,
1511 1584 1676 1620 affirmant
1697 1586 1761 1620 esse
1773 1585 1884 1626 Christi·
1905 1589 2026 1620 Domini
2038 1589 2087 1621 Vi·

1189 1639 1301 1670 carium
1314 1632 1405 1676 super
1415 1633 1531 1668 cunc‘los
1543 1636 1664 1677 populos
1688 1637 1723 1670 Θ·
1734 1634 1907 1679 universam
1929 1637 2086 1680 Ecclesiam

1190 1684 1394 1725 christianam
1409 1710 1416 1717 .
1444 1686 1488 1720 Et
1512 1687 1545 1718 in
1559 1686 1662 1729 prima
1683 1687 1738 1720 sua
1764 1686 1941 1730 ad>Julium
1972 1686 2089 1722 Ponti·

1191 1735 1286 1768 ficem
1315 1734 1451 1779 epistola
1475 1735 1663 1770 Sardicense
1692 1736 1888 1771 Concilium
1916 1738 2086 1782 profitetur

1189 1785 1342 1819 omnium
1370 1784 1588 1820 Ecclesiarum
1617 1794 1708 1829 caput
1731 1787 1782 1830 effe
1802 1789 2087 1830 Petriapoaolise-

1189 1836 1257 1870 dem
1271 1859 1282 1875 ‚
1294 1837 1339 1868 ad
1351 1847 1443 1877 quam
1456 1837 1492 1869 de
1499 1835 1623 1880 fingulls
1635 1835 1792 1879 quibusque
1803 1840 1972 1871 Provinciis
1986 1840 2084 1870 Domi-

1191 1894 1225 1918 nt
1251 1885 1391 1927 referunt
1411 1888 1579 1920 sacerdotes
1592 1913 1600 1920 .
1627 1887 1670 1921 Et
1684 1887 1726 1921 ad
1741 1888 1871 1931 plenam
1890 1887 2085 1931 Ephesinam

1190 1936 1366 1979 synodum
1377 1936 1461 1970 dixit
1474 1935 1646 1979 Philippus
1659 1938 1817 1973 Romanae
1834 1938 1983 1972 Ecclesiae
1994 1938 2083 1973 Pres-

1190 1984 1284 2030 byter
1300 1997 1337 2020 ac
1348 1987 1510 2032 Legatus:
1543 1988 1630 2020 Nulla·
1645 1988 1767 2021 dubium
1780 2013 1790 2029 ,
1816 1991 1875 2022 imo
1894 1987 2013 2031 saeculis
2025 2001 2085 2022 om-

1189 2037 1277 2070 nibus
1297 2046 1397 2069 notum
1416 2037 1456 2077 est
1471 2062 1481 2077 ‚
1507 2039 1585 2081 quod
1596 2038 1724 2072 5anc¹7us
1739 2051 1775 2072 ac
1785 2039 1958 2080 beatiffimus
1975 2042 2084 2073 Petrus

1191 2086 1384 2126 Apostolorum
1408 2089 1552 2128 Princeps
1576 2090 1724 2130 &Caput
1743 2116 1752 2131 ‚
1776 2089 1909 2132 fideique
1927 2090 2084 2132 columna,

1190 2135 1224 2167 δ’
1235 2134 1371 2175 Ecclesiae
1398 2135 1560 2168 catholicae
1576 2135 1810 2176 fundamentum
1822 2164 1832 2178 ,
1862 2142 1882 2171 ἃ
1897 2144 2023 2173 Domino
2035 2153 2085 2175 no-

1182 2183 1243 2224 stro
1265 2183 1378 2226 JESU
1403 2182 1517 2225 Christo
1539 2185 1641 2218 claves
1666 2189 1760 2230 Regni
1790 2187 1911 2227 coelestis
1949 2197 2081 2233 accepit,
2105 2198 2167 2230 Ast,
2178 2209 2207 2238 3,

1189 2240 1241 2276 qui
1264 2236 1308 2266 ad
1318 2233 1368 2266 boc
1390 2232 1479 2276 usque
1489 2244 1606 2276 tempus
1633 2237 1667 2269 (ν
1673 2235 1790 2278 semper
1801 2243 1834 2270 in
1840 2236 1905 2281 suis
1920 2239 2083 2283 Successori-

1189 2283 1242 2316 bur
1269 2289 1375 2322 vivit,
1402 2285 1597 2324 &judicium
1624 2294 1767 2319 exercet.
1799 2287 1841 2321 Et
1862 2289 1902 2322 ad
1929 2290 2080 2326 Sanstum

1192 2328 1341 2367 Le'onem
1381 2331 1580 2368 Pontificem
1619 2336 1737 2379 scripsit
1776 2348 1897 2382 magna
1926 2341 2081 2383 synodus

1190 2382 1468 2417 Chalcedonensis
1490 2398 1501 2418 .·
1528 2385 1595 2417 Tibi
1617 2391 1716 2420 vineae
1742 2387 1868 2428 custodia
1915 2392 1936 2422 ἃ
1957 2393 2080 2424 Domino
2101 2392 2203 2423 Asta:

1191 2435 1333 2476 commissa
1343 2433 1400 2473 est.
1429 2434 1472 2468 Et
1494 2435 1534 2469 ad
1548 2435 1701 2470 San-stum
1726 2437 1875 2473 Leonem
1901 2441 2078 2476 secundum

1191 2484 1431 2518 Constantinus
1450 2495 1582 2527 quartus
1604 2487 1783 2530 Imperator
1803 2490 1835 2523 ἀ
1859 2491 1968 2524 omnis
1990 2493 2077 2527 sexta

1193 2535 1346 2577 Synodus
1357 2548 1367 2567 .·
1396 2534 1547 2568 Romana
1561 2536 1727 2571 Cathedra
1739 2539 1779 2579 est
1797 2551 1832 2572 ea
1845 2543 1939 2574 Petra
1953 2566 1962 2581 ‚
1985 2541 2076 2585 super
2098 2549 2161 2580 Ast.
2177 2554 2224 2581 18.‘

1192 2597 1280 2627 quam
1305 2589 1449 2617 Dominus
1463 2585 1621 2627 fundavit
1652 2589 1809 2630 Ecclesiam
1831 2616 1841 2631 ,
1868 2603 1902 2623 ac
1918 2595 2075 2634 praedixit

1193 2646 1351 2676 numquam
1369 2634 1435 2675 fore
1450 2660 1459 2675 ‚
1485 2638 1748 2679 utportaet'nferi‚
1776 2640 1828 2673 boc
1837 2641 1875 2680 est
1888 2667 1896 2681 ,
1924 2641 2072 2677 baercticae

1191 2684 1301 2726 infidt‘ae
1314 2710 1324 2725 ‚
1350 2686 1500 2718 adversus
1521 2691 1817 2729 enmpraevalerent.
1848 2691 1891 2725 Et
1914 2692 1948 2725 in
1962 2694 2016 2726 sua
2031 2694 2073 2728 ad

1192 2736 1372 2769 Nicolaum
1395 2737 1534 2779 primum
1557 2739 1776 2780 appellatione
1796 2740 1917 2775 clamat
1940 2743 2073 2778 sanstus

1191 2787 1339 2829 ignatius
1361 2785 1547 2821 Patriarcha
1573 2787 1983 2833 constantinopolitanus:
2013 2800 2074 2828 Ca·

1189 2836 1302 2869 tholicae
1324 2837 1458 2878 Ecclcfiae
1478 2849 1570 2870 unum
1590 2839 1623 2871 (5
1626 2837 1806 2883 singularem
1818 2866 1826 2881 ‚
1849 2844 2070 2882 praecellentem

1189 2896 1280 2928 atque
1302 2886 1554 2927 Catholicisfimum
1576 2891 1721 2922 medicum
1741 2889 1803 2933 ipse
1826 2894 1968 2934 Princeps
1990 2892 2070 2936 sum-

1188 2949 1254 2968 mus
1265 2961 1274 2976 ‚
1301 2936 1508 2978 &forttffimus
1522 2941 1619 2972 Sermo
1633 2964 1643 2980 ,
1669 2941 1703 2973 &
1713 2942 1865 2974 ordinator
1885 2944 1919 2975 (nt
1928 2953 2044 2975 cur-ntor
2056 2969 2068 2985 ‚

1186 2988 1218 3019 (5⁶
1236 2985 1315 3029 solus
1344 2999 1388 3020 »ex
1413 2998 1471 3021 toto
1495 2988 1632 3032 Magister
1649 2994 1730 3023 Deus
1753 2997 1882 3023 omnium
1901 2993 2068 3035 produxit,

1187 3039 1322 3070 videlicet
1344 3048 1428 3071 tuam
1450 3042 1634 3072 Fraternam
1659 3041 1854 3073 Sanffltatem

1883 3066 1889 3072 .
1922 3042 2043 3077 Cunna
2056 3068 2066 3083 ‚

1142 3124 1143 3127 Ἴ
1187 3087 1304 3130 quibus
1325 3089 1438 3122 Sermo
1461 3090 1554 3123 Deus
1579 3089 1735 3123 exaltavit
1766 3090 1917 3126 San-stum
1932 3092 2064 3127 Petrum

1189 3136 1406 3179 Apostolum,
1434 3139 1620 3173 testimonia
1644 3141 1818 3184 producit,
1846 3142 2063 3186 &adjungit:

1187 3189 1274 3220 Tales
1301 3186 1401 3220 beatas
1422 3200 1506 3222 voces
1529 3202 1586 3222 non
1603 3188 1764 3232 secundum
1786 3194 1946 3233 quamdam
1965 3199 2064 3234 utrque

1180 3236 1290 3279 sortem
1330 3239 1520 3279 Apostolorum
1557 3242 1692 3282 Principl
1724 3240 1819 3284 solum
1845 3241 2063 3284 circumscripsit

1171 3290 1218 3320 ἑὼ*
1246 3286 1383 3328 definivit
1409 3312 1419 3326 ,
1440 3288 1495 3332 [ἓᾶ
1515 3298 1571 3331 per
1595 3301 1660 3323 eum
1687 3292 1730 3323 ad
1754 3303 1851 3324 omnes
1878 3317 1887 3331 ‚
1927 3298 1978 3334 qut·
2001 3292 2063 3333 post

1185 3339 1268 3370 illum
1312 3336 1468 3379 secundum
1505 3339 1600 3382 ipsum
1649 3342 1788 3383 efficiendi
1818 3340 1927 3384 ficmmt'
1965 3342 2060 3380 Pallo-

1184 3399 1231 3420 rcs
1272 3389 1306 3421 <9⁴
1343 3389 1497 3431 Pontifices
1531 3389 1658 3433 Jcm'ort's
1695 3393 1795 3424 Romae
1823 3416 1833 3432 ,
1869 3389 2032 3429 transmisit
2051 3415 2059 3423 .

1930 3440 2012 3485 Qae
