2366 3756
343 134 435 165 112
486 118 896 162 NlcOLAI

254 205 321 239 filia
344 204 499 238 Balduini
526 200 671 239 Insulani
686 200 886 235 Flandrensis
901 198 1067 236 Comitis,
1093 196 1149 241 qui

253 255 429 290 Godefridi
452 262 557 296 partes
580 261 598 285 a
626 251 731 286 versns
744 250 929 282 Henricum
943 249 1077 282 tertium
1088 246 1157 282 Irti->

254 314 435 353 peratorern
457 300 592 337 acerrim
612 310 733 345 ¹egerat
748 325 755 331 .
786 298 868 333 Haec
879 299 993 332 omnia
1015 298 1057 333 ad
1073 298 1152 333 saci·

254 355 412 389 litandam
435 352 574 398 gratiam
593 345 788 384 crediderim
809 360 992 394 cooperata
1006 375 1013 382 .

298 402 300 404 “
329 400 588 438 Matrimonium
611 400 947 435 interiminfeliciter
984 399 1150 436 successit.

253 454 349 494 Licet
372 452 461 488 enirn
487 447 688 485 Guilielmus
710 451 792 485 Dux
815 451 850 484 in
873 450 1062 496 Anglorum
1084 452 1150 486 Re·

253 516 328 550 gem
353 501 460 547 postea
474 502 680 545 profecerim
694 501 932 536 infelicissimos
945 512 1055 536 tamen
1078 512 1150 546 pro-

250 555 329 599 tulit
361 553 447 586 filios
459 562 496 586 ac
509 561 645 600 nepotes
657 577 664 584 .
691 553 779 600 Qis
791 553 881 588 enim
894 552 1016 587 nesciat
1029 553 1149 597 primo-

253 605 403 649 genitum
429 603 615 637 Robertum
638 601 805 637 rebellasse
829 605 866 638 in
880 602 1010 638 Patrem
1024 627 1035 644 ,
1061 601 1151 638 ideo-

253 666 318 698 que
343 654 582 688 exhaeredatum
602 652 620 686 ὲ
646 653 792 698 Regno,
818 653 851 688 &
878 655 949 689 solo
977 654 1148 688 Norman-

253 706 315 738 diae
339 702 611 751 Ducatujuffutn
635 704 698 751 effe
720 715 942 744 contentum,
969 700 1148 748 quin&ab

252 752 345 788 omni
369 755 492 801 Regno
516 753 616 792 fuisse·
631 753 783 795 habitum
807 765 865 799 pro
882 755 1014 799 spurio?
1040 753 1147 801 Qod

253 806 372 849 nempe
393 817 469 840 ante
503 805 778 850 dispensationem
810 806 888 851 effet
907 806 941 839 in
977 814 1147 848 parentum

252 857 402 890 adver-scis
425 855 656 906 Apostolicam
692 855 809 890 Sedem
839 855 1051 898 contumacia
1077 865 1148 899 pro-

252 916 394 941 creatus.
461 910 511 940 uis
532 907 655 941 nesciat
678 906 855 940 Guilielmi
879 904 1146 953 secundo-geniti

252 956 388 1000 impiam
409 958 619 1002 tyrannidem
648 957 682 990 in
712 956 871 991 Ecclefias
885 981 896 997 ,
922 957 957 990 ἀ
979 956 1064 990 mala
1079 957 1145 991 vita

252 1007 390 1052 dignam
411 1019 550 1043 mortem
572 1009 584 1040 ?
622 1007 707 1056 Qis
729 1007 847 1042 nesciat
873 1005 1015 1041 Henrici
1038 1007 1146 1041 tertio·

253 1061 356 1102 geniti
384 1061 416 1093 in
432 1060 563 1093 fratrem
578 1057 762 1093 Robertum
773 1056 981 1093 crudelitates
995 1058 1007 1091 ?
1035 1057 1143 1101 Ipsum

252 1111 403 1143 excaecari
424 1110 534 1154 justit,
560 1110 593 1143 &
616 1109 727 1143 claufit
749 1109 784 1142 in
806 1118 962 1153 perpetuo
998 1118 1141 1142 carcere.

252 1160 336 1204 Qis
360 1161 492 1206 ignoret
529 1159 648 1194 infelix
687 1156 846 1203 Stephani
880 1159 1038 1203 Regnum
1063 1182 1075 1198 ‚
1112 1158 1145 1191 δε

252 1211 393 1244 Henrici
417 1210 551 1245 secundi
578 1209 614 1243 in
637 1209 791 1243 sanctum
814 1206 988 1242 Thomam
1001 1209 1144 1242 Cantua-

251 1261 320 1294 rien
328 1262 391 1294 sem
416 1262 447 1295 δε
473 1259 731 1294 Ecclefiasticam
748 1259 930 1293 libertatem
943 1258 1115 1292 violentias
1128 1258 1144 1289 ?

252 1312 450 1349 Succelibris
469 1311 504 1344 ὅτ.
528 1311 589 1343 filii
629 1308 765 1351 Joannis
782 1310 927 1343 facinora
950 1309 1080 1342 filentio
1103 1308 1139 1341 se-

250 1362 349 1402 pelire
375 1360 419 1393 est
442 1361 564 1397 satius,
589 1359 687 1400 quam
699 1356 827 1390 mundo
839 1358 1030 1402 notificare.
1056 1356 1143 1402 Qa-

250 1409 288 1442 lis
315 1409 426 1442 omnis
453 1407 511 1442 issa
536 1402 709 1451 generatio
720 1404 820 1440 fuerit
842 1430 854 1446 ,
880 1406 1083 1450 compendio
1100 1406 1140 1440 vi-

250 1461 323 1494 dere
346 1458 441 1502 poffis
466 1458 549 1502 apud
566 1458 726 1501 joannem
744 1456 1007 1499 Bromptonum.
1036 1458 1144 1491 Omit-

249 1521 315 1544 tere
342 1508 448 1543 nolim
474 1508 564 1554 quod
590 1506 631 1540 de
655 1505 826 1546 Robeno,
857 1517 935 1550 cum
958 1505 1143 1538 Godefrido

249 1558 474 1605 Lotharingiae
496 1556 593 1604 Duce
614 1555 652 1591 &v
672 1555 746 1590 aliis
773 1555 888 1589 Galliae
900 1554 1094 1599 proceribus
1109 1555 1140 1588 in

251 1622 367 1646 terram
389 1611 531 1645 faustam
556 1608 589 1642 &
600 1609 724 1644 sacrum
737 1606 867 1641 Bellum
881 1606 1025 1650 profecto
1039 1630 1049 1646 ,
1070 1607 1143 1639 scri-

245 1663 298 1702 bit
325 1662 491 1695 Henricus
526 1654 781 1704 Cnyghtonus:
819 1656 966 1689 Robertus
1003 1661 1035 1688 in
1061 1664 1144 1689 terra

246 1712 353 1757 sanc‘la
374 1713 470 1746 multa
491 1701 606 1755 egregia
626 1709 718 1752 geffit.
761 1711 810 1739 Ita
834 1706 943 1749 ubique
971 1705 1144 1744 mirabilis,

250 1774 283 1796 ut
308 1774 471 1806 numquam
501 1769 557 1803 per
589 1757 796 1796 Christianum
835 1766 890 1790 aut
924 1758 1080 1800 paganum
1107 1756 1145 1787 de

251 1826 323 1856 equo
348 1816 415 1854 ejici
446 1816 578 1853 potuerit
602 1834 609 1841 .
648 1810 782 1850 Denique
820 1808 885 1839 cum
925 1812 958 1839 in
995 1804 1145 1838 sabbatho

253 1862 391 1906 Paschali
417 1862 503 1901 apud
529 1857 750 1901 Hierosolymam
776 1862 853 1890 inter
878 1866 999 1890 caeteros
1011 1854 1143 1894 adstaret

254 1912 457 1953 Chrzstianos,
483 1908 659 1952 exspellans
685 1914 784 1952 ignem
809 1919 888 1940 more
910 1905 997 1950 solito
1024 1907 1061 1938 de
1092 1902 1142 1948 su-

251 1968 358 2007 pernis
379 1955 413 1996 ln
433 1971 543 1996 cereum
571 1960 698 2000 alicujus
724 1955 923 2000 descendere,
950 1967 1047 1989 cereus
1077 1957 1141 1996 ejus

255 2014 416 2050 Divinitas
439 2008 572 2053 accensus
600 2009 638 2050 est
658 2031 669 2047 ‚
709 2009 807 2045 Unde,
829 2009 863 2041 ό·
888 2007 927 2039 ab
954 2006 1086 2039 omnibus
1113 2011 1146 2038 in

255 2069 366 2110 ,Regem
386 2060 637 2105 Hierosolymorum
663 2058 700 2099 cst
713 2058 838 2092 electus.
867 2059 926 2090 5ed
937 2058 1044 2090 audita
1055 2065 1146 2089 morte

81 2129 110 2156 L.
125 2134 148 2152 ι.
169 2133 193 2153 c.
211 2127 235 2151 S
250 2116 365 2158 fratris
384 2112 435 2157 sut
458 2116 547 2156 Regis
571 2110 685 2154 Angltae
709 2134 718 2149 ‚
754 2112 890 2150 Regnum
915 2105 1147 2148 Hierosohrmtta-

256 2178 328 2199 num
348 2162 518 2205 recusavit,
544 2170 601 2193 non
627 2162 801 2190 reverentia*
828 2160 941 2188 intuitu
966 2178 976 2193 ,
1006 2153 1062 2196 sed
1094 2163 1146 2186 aut

256 2216 367 2249 laboris
384 2204 468 2246 'metu
482 2235 492 2251 ,
519 2216 570 2241 aut
595 2211 690 2252 Regni
714 2206 872 2249 AngIIcam’
893 2205 1044 2246 cupidine.
1073 2206 1146 2247 ,Qua

258 2267 295 2299 de
317 2257 404 2309 causa
425 2271 589 2302 numquam
608 2256 789 2299 postmodum
811 2261 844 2287 in
880 2255 953 2286 bello
969 2253 1146 2294 fortunatus

251 2315 318 2357 fuit
342 2338 349 2346 .
377 2311 482 2359 Qod
509 2304 614 2352 ipsum
655 2306 832 2339 confirmat
869 2302 1048 2336 Matthaeus
1087 2303 1144 2336 Pa-

258 2365 417 2405 rissenfis,
442 2353 583 2395 Henrici
611 2355 705 2400 primi
717 2354 958 2398 promorionem
970 2365 1007 2386 ac
1020 2352 1146 2387 Rober-

260 2417 285 2450 ti
309 2412 531 2448 exclusionem
555 2408 715 2445 referens,
743 2416 840 2448 atque
868 2403 1050 2447 adjungens
1072 2416 1082 2436 :
1109 2407 1147 2435 In

262 2465 313 2498 hoc
328 2463 415 2505 fac‘lo
436 2460 570 2494 reddidit
593 2460 674 2490 Deus
690 2462 784 2489 vicem
807 2455 933 2488 Roberto
946 2478 956 2493 ‚
981 2465 1066 2496 quem
1083 2454 1147 2486 cum

264 2522 296 2548 in
317 2505 434 2547 aclibus
458 2506 723 2552 Hierosolymltanis
757 2504 915 2550 gloriosum
953 2504 1123 2547 reddidisset
1138 2528 1147 2543 ‚

79 1285 211 1318 A.1155.

90 2596 127 2625 Ν
143 2596 225 2624 ¹¹06'
266 2618 300 2650 &¹
322 2613 439 2655 defidiae
459 2618 492 2644 in
512 2609 707 2644 Normandt'a
727 2603 873 2649 deservire
886 2630 896 2645 ,
924 2607 1014 2647 quam
1028 2608 1153 2637 Domino

267 2669 380 2709 Regum
400 2667 530 2695 omnium
550 2665 583 2693 in
598 2658 708 2702 sanlla
730 2661 868 2689 civitate
883 2654 1051 2696 famulari.

319 2713 420 2749 Caini
445 2713 645 2749 refutatum,
673 2707 788 2741 Abelis
811 2705 1003 2740 sacrificium
1033 2704 1153 2739 fniffea

268 2766 396 2800 Divina
421 2761 595 2806 Maiestate
622 2768 847 2803 acceptatum,
875 2753 1033 2790 habemus
1052 2757 1084 2789 in
1102 2757 1154 2789 Sa-

270 2827 326 2850 cro
343 2814 481 2848 Textu.
509 2810 613 2857 Qod
635 2808 695 2843 ista
717 2807 897 2850 acceptatio
922 2817 975 2849 per
995 2807 1123 2839 missum
1137 2806 1155 2840 ὲ

273 2864 364 2898 Car-lo
386 2866 497 2908 ignem
514 2864 547 2896 &
579 2859 742 2893 incensam
765 2858 808 2890 ab
833 2856 894 2890 isto
909 2855 1047 2889 hostiam
1062 2858 1156 2890 fuerit

273 2915 372 2955 fasta,
402 2914 514 2957 passim
537 2908 669 2945 tradunt
691 2908 930 2941 Hebraicarum
942 2907 1155 2941 traditionum

275 2965 524 3007 compilatores.
555 2961 599 2993 Et
622 2960 712 3003 plura
726 2961 798 2992 sunt
812 2956 993 2990 istiusmodi
1015 2969 1157 3000 accepta-

276 3016 379 3049 tionis
404 3012 490 3057 apud
510 3012 618 3045 Sacras
643 3009 786 3042 Litteras
813 3007 982 3049 exempla.
1010 3006 1101 3040 Nam
1126 3010 1159 3042 ὃς

277 3063 466 3099 Sacerdotes
489 3061 569 3094 Baal
592 3060 632 3093 ad
664 3061 763 3102 ipsam
789 3058 978 3101 provocavit
1000 3082 1011 3096 ‚
1049 3059 1082 3091 &
1120 3070 1159 3092 ex

278 3115 420 3149 successu
447 3111 487 3145 de
509 3110 641 3143 victoria
664 3110 832 3152 stipulatus
844 3108 903 3141 fuit
920 3108 1007 3141 Elias
1021 3107 1161 3151 Prophe-

278 3177 334 3204 ta,
365 3165 399 3198 δε
421 3163 482 3197 hac
503 3161 543 3194 de
565 3172 598 3192 re
623 3161 734 3193 scribit
759 3160 791 3192 in
814 3158 977 3191 Homiliis
992 3159 1029 3190 ad
1044 3158 1163 3192 Antio-

277 3204 421 3251 chenum
451 3211 610 3257 populum
646 3211 777 3243 Sanetus
804 3209 945 3252 Joannes
972 3207 1163 3251 Chrysosto-

280 3278 370 3300 mus.-
403 3265 550 3302 attende,
577 3258 694 3303 quaefh,
721 3261 801 3301 quod
824 3259 956 3291 dlc‘lurus
978 3257 1062 3301 sum.
1093 3262 1162 3294 Vidi

279 3324 358 3349 enim
382 3313 441 3357 ipse
462 3313 542 3355 quod
551 3313 666 3344 dicam.
697 3314 732 3341 In
746 3310 887 3341 idolorum
911 3309 1061 3342 Altaribus
1080 3310 1163 3350 fora-

281 3373 363 3398 mina
375 3365 591 3407 quaedamJunt
601 3372 638 3392 ex
657 3360 792 3402 inferiori
804 3360 918 3390 Altaris
929 3368 1017 3400 parte
1029 3384 1038 3399 ‚
1066 3362 1100 3393 (ς’
1114 3359 1164 3402 fo.

104 3256 188 3284 Hom.
213 3259 257 3291 69.

282 3428 339 3451 vra
358 3415 496 3460 quadam
517 3409 705 3457 abscondita.
735 3407 923 3452 Descendunt
942 3420 1037 3444 autem
1059 3416 1185 3463 errorisk
1230 3412 1323 3456 ponit
1360 3413 1532 3456 praecipuas
1568 3413 1689 3448 Sandiae
1727 3409 1881 3445 Civitatis
1920 3408 2072 3443 Basilicas
2094 3433 2106 3450 ,

969 128 1362 159 SECUNDI

264 2566 396 2598 oblatum
410 2561 466 2604 fibi
488 2557 600 2603 respuit
618 2561 774 2601 Regnum,
800 2561 897 2598 magis
923 2556 1032 2597 eligens
1058 2552 1175 2831 qul-mx

1433 115 1993 174 Pone-mrem

1215 198 1349 240 Artifices
1371 204 1405 232 in
1419 197 1547 239 foveam
1570 199 1654 231 illam
1667 221 1677 237 ‚
1704 200 1739 232 (tt
1757 210 1793 231 ex
1801 198 2005 241 fhramr’nibus
2018 199 2099 230 deor-

1210 247 1279 292 sum
1299 255 1397 294 ignem
1411 247 1543 292 sufflant
1569 246 1695 291 desuper
1721 248 1765 280 ad
1769 246 1941 293 sacrificium
1954 248 2100 291 conficien-

1212 301 1285 333 dum
1297 323 1308 339 ,
1333 306 1379 333 ita
1399 309 1433 332 ut
1444 301 1533 333 multi
1543 299 1656 340 decepti
1665 297 1800 338 calestem
1822 300 1874 345 effe
1893 293 1991 345 ignem
2012 299 2097 332 illum

1211 349 1378 390 exssiment
1393 374 1402 383 .
1431 354 1484 383 Ne
1506 355 1598 394 igitur
1619 349 1710 382 Elias
1720 345 1950 396 infitspicionem
1960 357 2074 386 veniret
2085 375 2098 391 ‚

1212 401 1293 444 quod
1310 398 1417 442 &ipse
1439 402 1559 444 aliquid
1578 402 1639 434 tale
1660 398 1851 433 machinatus
1871 401 1937 444 effer
1951 426 1961 443 ,
1987 415 2098 446 aquam

1212 450 1318 492 effudit
1331 475 1341 490 ,
1369 459 1403 485 ut
1427 461 1508 493 aqua
1531 453 1583 485 Illa
1595 450 1754 491 ostenderet
1777 450 1859 483 nulla
1880 452 1932 494 effe
1956 453 2040 494 infra
2050 456 2100 488 A!-

1213 509 1279 535 tare
1293 500 1469 543 foramina.
1490 501 1551 535 vbt
1576 507 1656 536 enim
1678 512 1757 544 aqua
1770 500 1916 541 foramen
1925 508 2098 546 invenerit,

1210 553 1270 585 illu·
1289 562 1348 584 non
1370 550 1491 593 confiflit
1512 576 1524 593 ,
1555 550 1617 596 sed
1633 561 1690 595 per
1703 551 1848 593 foramen
1867 552 1979 594 defluat
1997 554 2099 597 nec-effe

1210 601 1248 642 est
1262 628 1269 635 .
1298 602 1509 650 Quapropter
1534 601 1553 636 ὲ
1573 603 1651 638 caelo
1675 603 1758 636 facta
1781 603 1930 637 sacrificii
1952 605 2099 640 incensio

1211 652 1256 685 est
1280 652 1413 687 Divina:
1440 654 1677 697 acceptationis
1699 653 1829 687 firmum
1849 654 2097 689 testimonium:

1213 703 1304 737 Hinc
1327 703 1370 737 ad
1394 704 1498 746 ipsam
1518 704 1620 739 etiam
1652 702 1837 738 Idololatrae
1866 702 1901 736 δε
1931 704 2099 748 Apostatae

1213 754 1337 798 semper
1356 751 1578 797 adspirarunt.
1608 754 1652 788 Et
1677 755 1753 796 quia
1774 754 1908 788 veritate
1931 765 1998 789 non
2010 764 2100 799 pote-

1212 814 1259 839 rat
1280 828 1291 844 ‚
1329 803 1502 839 mendacio
1530 812 1669 839 conatus
1685 804 1731 838 est
1757 803 1923 838 Diabolus
1946 805 2100 849 peccatri-

1211 866 1284 893 cem
1307 853 1430 890 Adami
1461 854 1595 898 stirpem
1623 855 1658 889 in
1682 856 1772 889 suam
1803 854 2008 899 impietatem
2038 856 2098 891 cir-

1209 906 1422 940 cumscribere
1443 905 1479 940 &
1502 905 1680 940 obdurare.
2094 914 2100 937 5

1260 956 1353 989 Novi
1373 956 1561 990 testamenti
1586 957 1782 991 sacrificium
1803 980 1814 996 ‚
1853 955 1928 992 licet
1949 957 2099 991 incruen-

1209 1014 1280 1040 tum
1301 1007 1338 1040 sit
1365 1007 1399 1041 ὅς
1432 1017 1587 1049 corporea
1611 1008 1803 1041 incensione
1823 1017 1891 1040 non
1919 1008 2066 1052 indigeat
2087 1030 2099 1048 ,

1210 1058 1292 1091 inter
1313 1057 1445 1090 ritualia
1475 1066 1584 1090 tamen
1609 1059 1663 1091 sua.
1685 1058 1878 1092 vestimenta
1899 1058 2023 1101 semper
2046 1057 2100 1098 hae

1210 1107 1282 1153 buit
1308 1107 1418 1140 lumen
1440 1107 1604 1150 &ignem
1626 1133 1637 1149 ‚
1675 1107 1767 1150 cujus
1788 1119 1902 1142 annuo
1939 1108 2100 1149 miraculo

1208 1152 1552 1199 Hierosolymitanam
1565 1158 1642 1192 sacri
1657 1157 1817 1201 sepulchri
1830 1156 2008 1192 Ecclesiam
2021 1158 2101 1197 sole-

1214 1208 1267 1241 bat
1288 1206 1414 1240 Divina
1437 1206 1519 1253 olim
1544 1207 1732 1242 Clementia
1757 1207 1922 1243 honorare
1940 1210 2101 1251 &conso-

1205 1258 1282 1299 lari.
1312 1257 1451 1292 Novum
1472 1256 1639 1292 paschalis
1654 1257 1840 1292 festivitatis
1851 1257 1962 1301 ignem
1975 1258 2100 1292 solebat

1211 1307 1288 1343 illuc
1310 1308 1354 1342 de
1374 1308 1453 1341 caelo
1475 1308 1606 1354 mittere
1628 1334 1635 1341 .
1664 1309 1812 1343 Plurima
1836 1307 1869 1340 id
1891 1309 2025 1342 firmant
2047 1319 2101 1341 au-

1210 1357 1355 1390 thentica
1378 1355 1587 1389 testimonia.
1612 1359 1734 1391 Scribit
1755 1360 1846 1393 enim
1860 1368 2018 1402 magnum
2033 1357 2102 1392 ssel-

1208 1402 1257 1453 ‘gii
1279 1403 1474 1440 Chronicon
1495 1404 1535 1438 ad
1554 1405 1696 1448 primum
1719 1405 1896 1443 duodecim
1920 1407 2025 1441 saeculi
2047 1419 2103 1442 an-

1214 1467 1313 1491 num:
1340 1457 1394 1489 Illo
1420 1454 1628 1498 annosanHus
1639 1462 1719 1498 {gnis
1731 1462 1763 1488 in
1777 1457 1886 1499 vigilia
1904 1456 2030 1500 Pascha.»
2040 1467 2102 1492 tar·

1209 1508 1301 1538 davit
1326 1504 1416 1549 usque
1440 1507 1487 1536 ad
1496 1517 1585 1537 mane
1597 1505 1827 1546 Resurrefflonis
1840 1508 2020 1540 Domtntcae.
2047 1512 2100 1553 ᾼτὲ

1207 1553 1293 1598 censa
1318 1550 1417 1587 autem
1444 1557 1606 1587 Divinitas
1628 1567 1690 1588 una
1709 1556 1850 1599 lampade
1855 1553 2003 1598 sepulchri
2012 1556 2101 1591 Chri-

1201 1604 1242 1650 stt
1254 1630 1265 1646 ,
1291 1617 1360 1638 mox
1368 1613 1425 1647 per
1437 1615 1551 1638 omnem
1562 1604 1721 1646 Ecclesiam
1733 1615 1849 1640 caeterae
1869 1607 2026 1649 lampades
2047 1605 2101 1641 Dl-v

1209 1649 1330 1688 vinitas
1346 1652 1557 1697 accensaesunt
1567 1681 1574 1688 .
1603 1657 1688 1690 Rem
1701 1656 1797 1691 latiits
1809 1659 1948 1700 exponit
1960 1658 2100 1692 Guiliel-

1210 1715 1284 1742 mus
1297 1703 1607 1739 Malmesberienfis:
1640 1708 1694 1740 Illo
1704 1719 1783 1740 anno
1795 1732 1805 1747 ,
1832 1707 1953 1749 quisuit
1968 1704 2106 1741 Domum

1210 1764 1253 1792 τρε
1265 1757 1487 1787 Incarnationis
1499 1755 1666 1796 millefimus
1678 1756 1846 1797 cente-fimus
1855 1763 1973 1796 primus
1987 1781 1998 1795 ,
2019 1763 2100 1801 ignis

1207 1801 1348 1847 sacratus
1361 1829 1371 1844 ,
1393 1810 1443 1847 qul
1448 1802 1564 1845 solebat
1574 1809 1711 1850 vigiliam
1723 1805 1849 1848 Pascbae
1859 1801 2004 1846 illustrare
2014 1831 2025 1847 ‚
2036 1816 2104 1843 tar!

1211 1855 1302 1887 davit
1327 1856 1399 1896 plus
1416 1854 1521 1898 sbllto.
1548 1856 1701 1889 sabbatho
1720 1862 1801 1889 enim
1820 1855 1905 1890 lec‘lis
1925 1857 2100 1891 alternatim

1211 1903 1387 1937 temonibus
1415 1907 1519 1939 Graece*
1532 1907 1710 1946 &Latin?,
1738 1913 1918 1948 repetitoque
1938 1916 1984 1939 ter
2007 1911 2098 1945 Kyrle

1211 1949 1316 1996 eleison
1331 1979 1341 1994 ‚
1369 1957 1404 1989 (9⁶
1423 1957 1506 1988 clara
1522 1966 1622 1989 eorum
1644 1957 1772 1990 melodia
1789 1955 1985 2009 perstrepenfe
1997 1981 2007 1995 ,
2032 1958 2099 1989 cum

1212 2006 1334 2037 necdum
1346 2013 1507 2047 appareret
1530 2011 1610 2047 {gnis
1624 2030 1635 2045 ‚
1661 2011 1754 2039 etlam
1773 2009 1904 2039 occidam
1924 2009 1946 2039 5
1947 2008 1977 2039 ol
1998 2004 2099 2048 vespe-

1211 2066 1278 2087 ram
1288 2065 1404 2099 urgeret
1414 2080 1425 2095 ,
1452 2055 1623 2098 navemque
1635 2055 1793 2090 inveheret
1802 2081 1814 2096 ‚
1839 2057 1879 2090 ab
1890 2056 2021 2090 omnibus
2032 2068 2098 2089 cum

1213 2115 1332 2149 moerore
1344 2111 1376 2138 tn
1389 2107 1489 2151 domos
1502 2104 1650 2148 dist-essum
1663 2131 1670 2138 .
1699 2108 1859 2140 Placuerat
1870 2113 1949 2141 enim
1955 2105 2100 2149 perpensi>

1212 2153 1322 2194 confilto
1334 2178 1344 2193 ,
1369 2164 1404 2186 ut
1415 2155 1470 2186 illa
1481 2156 1565 2187 nolle
1574 2162 1653 2188 omni
1663 2155 1778 2190 bomine
1790 2167 1914 2189 vacaret
1926 2159 2029 2191 saneti
2052 2162 2070 2191 5
2072 2171 2102 2192 e·

1210 2202 1330 2244 pulchri
1355 2203 1480 2245 Ecclefia
1491 2227 1501 2242 ,
1528 2215 1569 2236 ne·
1585 2207 1698 2247 aliquis
1719 2211 1765 2238 cut
1786 2205 1916 2248 ulcerosa
1928 2205 2100 2249 squallebat

1213 2252 1390 2295 conscientla
1404 2279 1413 2293 ‚
1443 2257 1538 2286 Deum
1561 2261 1658 2298 magis
1685 2262 1823 2289 irritaret
1842 2260 1996 2299 ingerendi
2008 2265 2102 2299 impu·

1213 2304 1336 2335 demta.
1358 2306 1500 2346 Jamque
1510 2304 1635 2335 diluculo
1650 2303 1760 2344 senfim
1780 2312 1813 2337 in
1834 2308 1925 2338 lucem
1942 2306 2101 2348 serpente,

1208 2352 1337 2394 proceffio
1362 2356 1541 2384 Latinorum
1561 2354 1606 2384 ad
1623 2355 1766 2395 templum
1778 2356 1941 2388 salomonis
1953 2359 2100 2398 edicitur,

1215 2413 1247 2436 ut
1271 2402 1311 2433 ibi
1333 2408 1446 2435 oraturi
1468 2401 1695 2445 misericordiam
1720 2406 1778 2438 Dei
1799 2412 1988 2440 invitarent.
2017 2410 2102 2441 Idem

1215 2458 1290 2486 circa
1324 2453 1493 2494 epulchrum
1517 2456 1639 2486 Domini
1648 2452 1810 2495 faciebant
1830 2459 1911 2496 seri,
1939 2463 1975 2490 vt
1995 2459 2102 2491 doloris

1215 2503 1324 2536 barbas
1346 2505 1511 2546 &capillos
1533 2505 1706 2537 vellicantes
1727 2529 1734 2537 .
1776 2509 1844 2539 Nec
1868 2509 1921 2540 diu
1936 2516 2101 2549 potuerunt

1211 2561 1280 2595 pati
1303 2556 1421 2586 Divina
1443 2554 1575 2596 wfiera,
1602 2555 1750 2595 confestim
1769 2561 1838 2598 igne
1860 2561 1893 2588 in
1912 2568 2003 2589 unam
2025 2558 2100 2589 lam-

1210 2606 1322 2647 padem
1340 2602 1488 2646 sepulchri
1511 2605 1632 2646 immiffo
1644 2630 1651 2637 .
1675 2607 1776 2648 ,Quem
1787 2607 1852 2638 cum
1863 2607 2038 2650 advertisset
2050 2610 2071 2639 5
2067 2619 2098 2646 y-

1214 2667 1265 2687 rus
1283 2663 1339 2695 per
1361 2653 1529 2696 fenestram
1546 2651 1761 2693 scintillantem
1779 2678 1790 2694 ‚
1819 2655 1930 2699 plausu
1957 2669 2098 2690 manuum

1213 2706 1355 2738 laetitiam
1376 2707 1548 2746 praecedens
1567 2704 1681 2748 curficm
1702 2705 1894 2740 patriarcba
1905 2709 2077 2740 acceleravit
2089 2732 2097 2739 .

1214 2757 1266 2789 Ille
1278 2756 1416 2788 clavibus
1431 2780 1441 2796 ‚
1460 2767 1535 2798 quas
1554 2756 1691 2797 gestabat
1715 2781 1726 2796 ,
1763 2758 1882 2790 aditum
1904 2758 2036 2790 aediculae
2052 2756 2099 2801 se-

1211 2805 1377 2849 pulchralis
1400 2812 1537 2848 aperiens
1559 2830 1570 2845 ‚
1608 2805 1711 2844 coeleste
1744 2818 1849 2839 munus
1875 2819 1953 2841 cereo
1984 2806 2099 2851 accenso

1217 2857 1324 2891 extulit
1345 2881 1355 2897 ‚
1394 2858 1528 2889 omnibus
1554 2856 1650 2888 adhuc
1670 2858 1909 2890 concurrentibus
1945 2865 2100 2893 communi-

1217 2919 1310 2942 cans.
1340 2910 1412 2940 Mox
1428 2917 1485 2950 per
1505 2917 1617 2939 omnem
1638 2908 1796 2948 Ecclesiam
1808 2918 1926 2941 caeterae
1941 2912 2098 2942 Divinitas

1220 2955 1346 3000 accensae
1363 2957 1436 3001 sunt
1466 2959 1623 2998 lampades
1650 2982 1660 2997 ‚
1698 2964 1807 2990 mirum
1829 2965 1862 2991 in
1884 2960 2003 2992 modum
2024 2960 2100 2999 illa,

1221 3020 1286 3051 quae
1295 3012 1434 3049 proxime
1452 3008 1652 3041 illuminanda
1664 3011 1729 3052 effiet
1742 3035 1751 3048 ,
1772 3008 1859 3049 fumo
1868 3009 2018 3052 praemiffo
2031 3014 2102 3041 vici-

1222 3070 1291 3091 nam
1311 3059 1497 3101 accenfionem
1517 3059 1636 3091 docente
1647 3084 1654 3090 .
1681 3063 1729 3092 sic
1740 3065 1881 3092 nimirum
1894 3059 2003 3099 Christi
2013 3068 2100 3092 vetus

1223 3108 1380 3150 artificIum
1405 3114 1489 3143 novit
1511 3120 1580 3150 quos
1602 3120 1688 3142 amat
1711 3118 1822 3142 terrere
1841 3120 1874 3143 ut
1895 3111 2040 3148 mulceat,
2067 3110 2101 3142 (5
2121 3116 2179 3148 Pol,
2211 3128 2275 3155 147.

1224 3166 1254 3192 in
1274 3166 1431 3192 materiam
1455 3158 1589 3202 transeat
1613 3162 1715 3193 laudis
1733 3165 1918 3192 comminatio
1923 3157 2080 3199 potestatls
2093 3183 2101 3191 .

1226 3212 1308 3253 ,Quia
1330 3216 1408 3242 enim
1429 3211 1507 3242 dona
1520 3214 1576 3242 Dei
1589 3210 1695 3251 usitata
1705 3211 1867 3249 affiduitate
1877 3207 1944 3250 ipsa
1955 3206 2103 3250 vilescunt

1227 3261 1390 3293 hominibus
1410 3285 1421 3300 ‚
1451 3262 1623 3302 plerumque
1649 3259 1788 3304 affensum
1813 3260 2006 3301 indulgentia:
2036 3257 2102 3301 fitae

1227 3316 1348 3343 raritate
1367 3312 1551 3343 commendat
1573 3337 1582 3351 ‚
1610 3321 1643 3343 ut
1669 3321 1785 3344 ametur
1806 3310 1925 3353 gratius
1951 3309 2032 3350 quod
2054 3310 2108 3341 de-

1225 3359 1380 3400 fideratum
1400 3360 1507 3402 fuerat
1533 3358 1686 3395 ardentiuj
1710 3388 1717 3396 .
1755 3360 1837 3393 Alio
1875 3359 1908 3392 in
1951 3360 2023 3392 loco
2051 3369 2105 3391 ex-

2022 3459 2057 3493 &
