2366 3756
355 148 1377 210 ,130Nseorirrtsecunn1
1448 148 2009 200 P0N11121crs

626 298 1547 389 CANON
1738 304 1793 383 Ι.

370 488 504 540 Anoti
527 487 725 555 ‘Spiritus
761 489 1024 539 auctoritate
1057 524 1071 548 ‚
1106 504 1155 541 ut
1194 486 1410 538 credimus
1449 525 1462 549 ,
1508 491 1555 538 in
1592 488 1943 542 chalcedonensi
1990 495 2127 560 Syno-

403 556 464 607 do
498 554 714 608 sententia
757 556 812 614 de
860 561 1119 615 Simoniacis,
1166 558 1352 626 probata
1400 559 1457 608 fic
1494 559 1551 608 ab
1597 561 1801 610 omnibus
1850 560 2126 626 observetur,

280 628 499 697 quatenus
536 630 810 696 quicumque*
839 628 1048 698 deinceps
1084 633 1268 698 pecunia
1302 667 1315 694 ,
1350 647 1427 680 aut
1450 631 1614 699 *aliqua
1649 635 1982 686 inconveniente
2019 652 2126 683 con-

279 702 490 749 ventione
539 697 727 748 saeculari
761 736 774 759 ,
822 717 897 749 aut
934 700 1139 768 quolibet
1174 701 1310 750 modo
1349 717 1503 752 contra
1548 697 1825 753 Canonicam
1856 703 2121 765 Censurarn,

280 768 621 838 Episcopatum‚
658 786 736 825 aut
771 770 1014 824 Abbatiam
1039 809 1052 832 ,
1089 786 1166 827 aut
1201 772 1620 827 Archidiaconaturn
1643 812 1657 836 ,
1693 772 1762 822 seu
1798 774 2121 841 Archipresby-

278 855 473 894 teratum
505 877 519 903 ,
568 856 646 896 aut
682 842 877 908 aliquam
914 841 1178 906 dignitatem
1217 844 1561 898 Ecclefiasticam
1596 881 1610 905 ,
1660 844 1745 894 five
1795 846 1987 911 aliquem
2024 862 2121 908 gra-

278 908 384 960 dum
417 949 430 974 ,
468 912 546 964 vel
581 912 869 961 Ministerium
894 949 907 973 ,
962 914 1036 964 vel
1072 913 1331 963 beneficium
1357 953 1370 977 ‚
1408 915 1530 984 quod
1566 933 1655 965 non
1690 915 1769 964 nisi
1806 917 2008 964 Clericos
2046 916 2122 963 hass

277 981 382 1032 bere
420 987 673 1038 Sandtorum
709 987 888 1037 Patrum
923 982 1109 1038 sancivit
1147 988 1406 1046 auotoritas,
1441 985 1545 1051 dare
1581 988 1654 1037 vel
1683 989 1884 1054 accipere
1919 986 2122 1052 quolibet

274 1052 414 1103 modo
451 1050 707 1104 canonibus
740 1056 964 1105 contrario
999 1059 1272 1117 tentaverit,
1306 1061 1349 1106 &
1385 1057 1493 1107 dans
1530 1057 1554 1106 a
1591 1059 1772 1125 proprio
1806 1056 1986 1106 decidat
2022 1073 2121 1120 gra-

274 1121 335 1172 du
387 1128 430 1174 &
465 1124 684 1189 dignitate
719 1162 733 1187 ,
781 1128 1083 1194 &accipiens
1120 1127 1413 1180 Ministeriurn
1450 1127 1519 1190 seu
1554 1126 1819 1182 beneficium
1855 1127 1968 1181 male
2004 1126 2120 1176 usur-

272 1209 427 1265 patum
464 1202 706 1263 numquam
741 1213 1066 1265 recuperaturus
1103 1200 1308 1248 amittat.

97 3110 161 3142 rol.
176 3113 239 3140 182.

100 3155 165 3185 1801

460 1341 955 1389 SCHOLION,

357 1484 423 1520 leet
436 1485 455 1519 ὲ
467 1485 791 1521 Chalcedonenfibus
814 1489 1012 1524 Canonibus
1031 1491 1162 1524 nullum

381 1534 587 1570 confirmarit
608 1559 620 1576 ,
648 1537 682 1569 &
703 1536 862 1580 quosdam
884 1537 1000 1571 diserte
1024 1539 1162 1573 circum-

271 1585 405 1619 duxerit
431 1596 530 1628 atque
550 1585 713 1620 damnarit
728 1586 875 1631 Magnus
898 1587 969 1621 Leo
981 1587 1135 1622 Pontifex
1150 1614 1160 1629 ‚

270 1633 363 1669 hunc
375 1646 486 1669 tamen
499 1633 649 1671 adversus
664 1637 872 1671 Simoniacos
885 1637 1019 1672 tandem
1031 1639 1157 1672 admisit
1185 1661 1187 1663 ·

270 1684 423 1729 Magnus
443 1685 645 1729 Gregorius,
670 1685 804 1729 ejusque
830 1686 991 1729 judicium
1006 1687 1158 1722 Romana

270 1733 419 1768 Ecclesia
440 1735 630 1768 constanter
651 1735 696 1769 est
710 1732 775 1768 huc
786 1737 887 1778 usque
899 1738 1028 1770 secuta.
1057 1737 1157 1782 Qod

267 1784 379 1828 ipsum
405 1785 550 1827 sequitur
568 1785 602 1819 &
624 1786 761 1828 praesens
783 1785 903 1821 Canon
917 1810 924 1818 .
952 1786 1046 1820 Hinc
1069 1785 1159 1822 addit

271 1832 370 1869 illurn
394 1834 455 1868 ase
477 1832 564 1868 credi
580 1835 688 1869 Sancti
710 1836 850 1878 Spiritus
869 1838 1062 1872 annositate
1086 1849 1159 1880 pro-

270 1884 403 1924 batum.
431 1883 514 1918 Haec
526 1883 622 1918 verba
636 1897 648 1918 .-
673 1887 769 1929 ,Quod
778 1897 836 1919 non
849 1885 904 1927 mjfi
913 1889 1041 1921 clericos
1054 1887 1159 1920 babere

271 1936 447 1979 suariorum
470 1937 600 1969 Parrum
615 1934 753 1978 sancivit
781 1936 944 1970 auctoritas
967 1962 978 1977 ‚
1003 1937 1157 1972 existimo

269 1983 381 2022 addita
405 1995 538 2030 propter
555 1985 716 2020 Officium
741 1985 1158 2022 EcclefiasticiDefensoris

270 2037 325 2071 seu
339 2035 521 2071 Advocati.
536 2033 644 2070 'Prior
661 2036 736 2070 solis
755 2037 895 2072 Clericis
907 2061 918 2077 ,
946 2037 1157 2081 posteriordi-

267 2086 409 2131 Iciplina
430 2087 536 2130 ipsum
556 2086 697 2130 permisit
720 2087 819 2123 etiam
831 2086 960 2122 Laicis.
988 2089 1082 2122 Hinc
1092 2088 1159 2130 ejus

272 2136 553 2173 nundinationem
568 2159 580 2176 ‚
606 2136 683 2170 licet
703 2135 745 2169 de
766 2136 928 2175 crimine,
956 2148 1024 2169 non
1047 2148 1156 2170 tamen

271 2187 312 2222 de
331 2186 482 2222 Simonia
504 2185 603 2219 credo
625 2183 681 2218 hic
713 2184 863 2219 damnari
882 2210 889 2217 .
919 2185 1023 2233 Qod
1049 2186 1158 2220 locum

270 2245 341 2272 non
354 2234 452 2271 habet
463 2237 496 2269 in
510 2235 665 2269 Romana
678 2259 688 2276 ,
715 2244 773 2269 aut
791 2236 907 2278 quavis
921 2237 984 2269 alra
996 2260 1005 2274 ,
1034 2237 1158 2270 Defen·

270 2287 400 2323 {oribus
420 2285 626 2330 custodiente
651 2285 823 2326 antiquam
845 2283 1068 2329 dignitatem,
1098 2287 1157 2319 Ec-

272 2338 365 2372 clefia
379 2363 386 2370 .
413 2334 587 2370 Gallicana
609 2335 732 2377 semper
743 2333 860 2367 dilexit
882 2335 1036 2379 antiquos
1049 2336 1157 2370 Cano-

272 2400 330 2423 nes
341 2413 352 2428 ,
378 2388 411 2421 &
423 2398 464 2421 ex
480 2385 554 2428 ipsis
569 2395 625 2427 per
637 2383 868 2427 Apostolicam
881 2384 998 2418 Sedem
1011 2396 1067 2419 aut
1080 2385 1158 2419 Pro-

271 2438 454 2472 vinciarum
484 2433 639 2478 synodos
661 2434 853 2478 deprompta
873 2434 1012 2469 Decreta
1026 2450 1036 2469 .·
1064 2436 1157 2470 Hinc

272 2488 473 2527 Simoniacis
491 2485 509 2520 ὲ
534 2484 680 2522 Nicolao
703 2483 868 2520 Pontifice
890 2485 1026 2519 inflictas
1047 2498 1156 2529 poenas

272 2539 358 2582 apud
373 2536 489 2572 Gallos
502 2536 765 2580 promulgaturus
785 2547 822 2569 ac
834 2546 1030 2570 executurus
1042 2536 1157 2571 Cardi-

271 2589 358 2624 nalis
382 2587 566 2632 Stephanus
593 2608 608 2626 ,
635 2585 925 2619 demonstrandum
958 2586 1055 2620 duxit
1076 2588 1156 2631 ipsas

272 2637 404 2679 haustas
422 2651 463 2674 ex
485 2637 625 2681 antiquo
639 2637 754 2675 fonte,
779 2635 921 2679 ideoque
940 2635 1084 2671 laudavit
1094 2637 1155 2671 Ca-

273 2701 399 2724 nonem
420 2686 729 2723 Chalcedonensem
748 2710 755 2717 .
783 2685 874 2719 Nam
896 2685 930 2719 &
955 2686 1024 2730 ipso
1048 2687 1155 2722 adver-

273 2741 347 2776 sum
360 2740 478 2774 Galliae
490 2737 699 2772 simoniacos
708 2735 791 2771 olim
809 2737 885 2771 usus
895 2737 998 2770 fuerat
1011 2738 1156 2783 Magnus

274 2790 472 2834 Gregorius.

324 2839 432 2875 Porro
455 2837 739 2873 Archidiaconum
763 2836 1057 2882 Archipresbytero
1069 2849 1157 2874 ante-

276 2891 357 2936 poni
379 2890 427 2925 est
438 2888 659 2933 antiquissima
678 2889 831 2924 omnium
845 2888 1063 2923 Ecclefiarum
1079 2902 1158 2923 con-

276 2938 435 2977 suetudo.
458 2937 568 2983 :Ipsam
582 2940 684 2982 aliqui
694 2939 885 2983 probantex
898 2938 1005 2972 Sancti
1021 2938 1156 2984 Eulogii

278 2991 391 3031 libris,
416 2991 451 3024 in
475 2988 590 3025 Photii
617 2987 825 3024 Bibliotheca
847 2988 1048 3023 exstantibus
1065 3015 1077 3031 ,
1104 2990 1157 3023 ad-

279 3040 407 3077 versum
420 3041 685 3075 Novatianenses
697 3054 708 3073 .·
736 3041 881 3084 Eulogius
903 3037 996 3080 refert
1006 3043 1158 3072 Novaria·

277 3103 353 3127 num
363 3116 374 3132 ,
401 3092 535 3123 Cornelio
548 3090 688 3133 Pontifice
697 3115 707 3130 ‚
720 3094 863 3123 Romanae
874 3087 1007 3128 Ecclefiae
1019 3090 1070 3132 effi’
1081 3102 1157 3123 crea·

276 3151 345 3176 rum
365 3139 629 3181 Arcbldiaconum,
657 3141 700 3174 ad
716 3153 804 3183 quem
825 3138 920 3183 ipsum
943 3140 1152 3182 Pontificium‚

274 3201 333 3237 pro
356 3194 422 3234 ejus
432 3196 572 3233 temporis
595 3203 671 3225 more
682 3215 693 3231 ,
721 3192 875 3225 decedente
887 3191 903 3223 ἒ
915 3195 983 3222 vita
994 3193 1083 3223 Ponti
1080 3191 1135 3233 fiee
1146 3217 1156 3232 ,

277 3241 491 3283 deferebatur.
519 3240 764 3274 Archidiaconum
784 3246 862 3275 enim
879 3238 1027 3282 succedere
1043 3244 1158 3274 Summo

276 3293 441 3326 sacerdotio
457 3291 602 3332 statutum
623 3299 705 3325 erat.
733 3292 841 3325 Verum
861 3289 935 3322 hunc
951 3288 1092 3332 superbia
1111 3294 1156 3325 la-

276 3343 428 3377 hommem
451 3342 628 3382 Cornelius,
655 3343 731 3374 &in
747 3340 837 3382 suam
860 3349 983 3373 mortem
1003 3348 1155 3376 imminen-

276 3400 333 3426 tem
354 3394 418 3427 cum
438 3392 629 3436 cognoviffit,
658 3390 863 3429 Presbyterum
881 3392 1001 3423 ordinat
1021 3417 1031 3432 ,
1058 3391 1155 3426 om'nes

271 3441 310 3485 fic
329 3444 374 3479 illi
391 3441 462 3489 spes
497 3443 540 3476 ad
551 3440 727 3488 supremam
752 3439 940 3476 Catbedram
954 3443 1155 3486 perveniendi

1235 1344 1411 1386 praecrdens
1430 1369 1438 1376 .
1477 1342 1604 1377 Lucide
1631 1343 1772 1376 affirmat
1800 1336 2122 1374 Archidiaconatum

1238 1393 1325 1437 apud
1347 1393 1522 1427 Romanos
1544 1392 1638 1425 fuiffe
1661 1392 1803 1434 primum
1825 1389 1865 1423 ab
1876 1389 2040 1432 Episcopo
2051 1399 2124 1434 gra·

1237 1443 1340 1485 dum,
1368 1442 1464 1478 omni
1492 1441 1764 1484 presbyterorum
1796 1439 1961 1485 dignitate
1983 1439 2123 1482 superio-

1235 1504 1300 1527 rem
1312 1518 1319 1525 .
1347 1493 1475 1527 Verum
1494 1503 1533 1536 ως
1552 1502 1619 1535 quo
1630 1492 1724 1525 fonte
1736 1491 1804 1525 haec
1818 1489 1980 1532 Eulogius
1992 1499 2123 1532 accepe-

1234 1542 1275 1574 rit
1288 1565 1298 1581 ‚
1327 1543 1448 1586 ignoro
1462 1566 1469 1573 .
1499 1541 1635 1574 Certum
1650 1539 1703 1573 est
1717 1542 1802 1574 falli.
1830 1540 1965 1573 Certum
1988 1538 2034 1572 est
2047 1538 2120 1575 No-

1232 1591 1402 1625 vatianum
1426 1602 1495 1624 non
1531 1589 1819 1625 Archidiaconum
1840 1614 1851 1630 ,
1878 1588 1931 1622 sed
1960 1587 2122 1622 Romanas

1232 1640 1383 1675 Ecclefiae
1394 1641 1487 1674 fuiffe
1499 1639 1731 1683 Presbyterum
1743 1665 1755 1681 ‚
1783 1652 1852 1676 non
1866 1637 1924 1675 sub
1935 1637 2097 1673 Cornelio
2109 1662 2121 1678 ,

1231 1691 1285 1724 sed
1308 1691 1369 1725 sub
1397 1690 1611 1724 Anteceffore
1635 1690 1786 1725 Fabiano
1809 1717 1816 1724 .
1845 1690 1982 1724 Certum
2008 1688 2055 1722 est
2076 1687 2120 1722 de

1230 1738 1468 1774 Archidiaconi
1481 1740 1514 1772 in
1527 1738 1765 1775 Pontificatum
1780 1738 1976 1774 successione
1990 1738 2121 1772 nullum

1230 1788 1302 1824 istic
1312 1788 1467 1826 exstitisse
1479 1788 1669 1823 Institutum
1693 1800 1750 1824 aut
1762 1789 1888 1834 legem.
1941 1822 1943 1824 .

1281 1839 1445 1886 Quocirca
1457 1838 1581 1873 firmior
1592 1839 1728 1873 sumitur
1740 1839 1891 1883 probatio
1910 1848 1952 1872 ex
1965 1835 2119 1872 Arabicis

1231 1889 1428 1924 canonibus
1442 1915 1451 1930 ,
1479 1900 1561 1934 quos
1585 1890 1636 1923 uti
1657 1899 1786 1924 certum
1798 1890 1843 1924 est
1857 1899 1927 1924 non
1939 1887 2002 1922 effe
2014 1886 2123 1922 Nice*

1229 1950 1290 1973 nos
1303 1965 1313 1980 ‚
1343 1941 1389 1975 ita
1405 1951 1532 1975 certum
1555 1940 1600 1975 est
1615 1938 1678 1974 effe
1689 1941 1859 1984 antiquos.
1891 1939 2010 1972 Canon
2022 1939 2118 1981 quin-

1227 1991 1433 2034 quagefimus
1448 1991 1600 2033 septimus
1610 1990 1644 2023 in
1660 1990 1799 2023 solemni
1812 1988 1960 2023 Ecclefiae
1970 1987 2115 2022 consessu

1229 2039 1372 2082 primum
1411 2040 1581 2084 Episcopo
1602 2064 1613 2081 ‚
1639 2039 1818 2074 secundum
1843 2037 2118 2078 Archidiacono,

1226 2089 1361 2125 tertium
1385 2090 1658 2135 chorepiscopo,
1684 2100 1835 2134 quartum
1861 2089 1974 2123 locum
1985 2089 2041 2121 dat
2054 2087 2115 2121 Ar-

1225 2137 1474 2182 chipresbytero
1503 2164 1514 2179 ‚
1540 2142 1574 2173 δε
1597 2137 1749 2184 adjungit
1769 2140 1897 2174 causam
1918 2152 1930 2172 .·
1957 2137 2115 2171 Archiam-

1224 2198 1311 2221 conus
1333 2188 1371 2230 est
1395 2189 1452 2222 Ioco
1463 2187 1623 2231 Episcopi,
1650 2189 1799 2230 &praeest
1822 2188 1958 2222 omnibus
1981 2199 2050 2230 qua
2070 2189 2115 2220 ad

1225 2244 1388 2272 orationem
1410 2240 1444 2272 (π
1463 2237 1621 2278 Ecclesiam
1638 2244 1813 2280 pertinent.
1843 2235 2114 2281 Archipresbyte·

1224 2299 1296 2322 rum
1313 2300 1381 2322 non
1404 2289 1461 2321 nisi
1485 2288 1618 2322 absente
1633 2288 1798 2332 Episcopo
1822 2288 1925 2323 donat
1946 2288 2054 2330 primo
2066 2287 2114 2321 lo·

1224 2349 1283 2371 co.
1311 2338 1434 2372 Canon
1461 2338 1759 2381 quinquagesimus
1785 2339 1916 2371 oetavus
1939 2335 2113 2371 Archidia-

1225 2397 1348 2421 conum
1368 2388 1403 2422 ὃς
1416 2386 1698 2430 Chorepiscopum
1710 2387 1848 2421 affirmat
1859 2389 1922 2422 effe
1942 2387 2024 2426 duas
2037 2388 2113 2431 Epi·

1225 2438 1314 2481 scopi
1336 2437 1401 2471 alas
1415 2463 1425 2478 ,
1452 2437 1544 2473 illurn
1573 2449 1640 2471 non
1663 2437 1874 2471 solummodo
1898 2437 1931 2470 in
1947 2437 2111 2479 Ecclefia,

1225 2488 1278 2521 sed
1306 2488 1340 2520 in
1353 2489 1445 2522 omni
1472 2488 1548 2524 loco
1570 2488 1705 2522 mandat
1734 2489 1798 2522 effe
1818 2487 1992 2528 dextrum,
2020 2486 2113 2523 hunc

1222 2537 1380 2571 sinistrum
1394 2563 1400 2569 .
1430 2538 1502 2572 Nec
1514 2539 1607 2572 refert
1617 2538 1706 2581 quod
1721 2537 2005 2573 Archidiaconum
2018 2536 2110 2571 Cho-

1224 2588 1395 2632 repiscopo
1417 2599 1454 2621 ac
1479 2587 1776 2630 Archipresbytero
1801 2587 2001 2631 quandoque
2022 2586 2107 2630 post-

1224 2647 1348 2683 ponant
1361 2637 1461 2672 iidem
1474 2637 1649 2672 Canones.
1676 2637 1779 2671 Tunc
1790 2638 1881 2671 enim
1899 2637 2043 2681 ipsorum
2058 2648 2107 2672 or-

1224 2689 1335 2722 dinem
1356 2700 1396 2722 ex
1417 2688 1676 2722 consecrationis
1699 2687 1881 2721 charactere
1902 2686 2080 2722 attendunt
2094 2711 2105 2727 ‚

1225 2750 1291 2773 non
1313 2750 1353 2772 ex
1374 2738 1477 2782 gradu
1506 2738 1678 2783 dignitatis
1701 2764 1706 2770 .
1743 2738 1915 2772 Consonat
1937 2737 1971 2771 in
1994 2737 2106 2772 Sanffi

1227 2787 1409 2823 Ezechielis
1430 2788 1679 2823 Commentario
1702 2789 1834 2822 Saucius
1852 2789 2083 2831 Hieronymus
2096 2811 2108 2829 ,

1224 2839 1364 2873 scribens
1383 2839 1424 2872 de
1446 2840 1571 2872 cunctis
1592 2838 1787 2883 generaliter
1811 2837 1990 2872 Diaconis:
2020 2842 2106 2882 Igno·
2123 2852 2256 2890 0294&

1224 2898 1293 2923 rant
1317 2888 1515 2925 humilitatem
1530 2888 1627 2930 status
1645 2887 1718 2931 sui,
1744 2890 1827 2923 ultra
1838 2889 2028 2926 Sacerdotes,
2054 2887 2105 2921 boc

1223 2939 1260 2981 est
1271 2963 1282 2979 ,
1309 2939 1491 2979 Presbyteros
1503 2936 1696 2980 intumescunt
1708 2964 1719 2980 ,
1741 2940 1775 2972 Θ
1786 2939 1836 2983 dig
1844 2944 1964 2972 nitatem
1976 2950 2031 2970 non
2043 2949 2104 2972 me·-

1221 2995 1278 3023 rito
1291 3013 1302 3030 ,
1325 2987 1383 3032 sed
1401 2991 1521 3023 divitus
1544 2988 1690 3029 aestimant
1703 3015 1710 3021 .
1739 2989 1783 3022 Et
1804 2989 1910 3033 pergit
1933 2987 1973 3022 de
1986 2986 2104 3022 Archi-

1223 3040 1366 3074 diacono
1390 3052 1397 3072 ε
1425 3040 1515 3073 Certe*
1545 3044 1596 3081 qui
1615 3045 1734 3081 primus
1759 3038 1860 3080 suerit
1881 3037 2078 3079 Ministrorum
2091 3062 2103 3079 ‚

1221 3096 1292 3133 qula
1310 3098 1367 3131 per
1373 3088 1488 3133 singula
1508 3095 1691 3122 concionatur
1703 3095 1734 3122 in
1753 3091 1896 3131 populos,
1921 3090 1955 3122 (τ
1967 3090 1989 3122 ἃ
2001 3090 2104 3122 Ponti-

1217 3140 1282 3184 ficis
1302 3141 1393 3173 latere
1402 3151 1461 3173 non
1482 3141 1589 3173 recedit
1603 3164 1613 3179 ,
1639 3143 1787 3181 injuriam
1807 3148 1901 3182 putat
1907 3137 1939 3180 fi
1946 3138 2102 3176 Presbyter

1222 3192 1391 3224 ordinetur.
1418 3193 1463 3221 Et
1474 3201 1530 3223 non
1545 3196 1679 3223 meminit
1701 3188 1869 3232 mensarum
1891 3190 1926 3221 (9⁴
1938 3188 2101 3220 viduarum

1223 3239 1354 3280 Minister
1364 3245 1396 3273 in
1407 3238 1571 3282 obsequium
1586 3240 1614 3280 se
1630 3242 1663 3275 ὁ*
1674 3240 1867 3282 Minister-ium
1880 3249 1936 3270 non
1942 3235 2036 3279 solum
2049 3239 2069 3270 5
2070 3249 2104 3270 a·

1222 3292 1367 3325 cerdotum
1378 3314 1388 3330 ,
1411 3287 1468 3332 sed
1479 3291 1513 3324 <ff
1524 3291 1684 3324 viduarum
1698 3293 1731 3324 Θ
1739 3298 1904 3332 pauperum
1917 3288 2083 3331 delegatum
2091 3312 2100 3321 .
2158 3323 2163 3327 ,

1223 3341 1324 3388 Qod
1348 3340 1454 3373 cuncti
1478 3362 1490 3379 ,
1516 3340 1662 3375 Romani
1701 3339 1870 3383 praesertim
1890 3363 1901 3379 ‚
1928 3337 2072 3371 Diaconi
2088 3363 2100 3379 ‚

1223 3403 1290 3424 non
1301 3390 1418 3424 ordine
1428 3389 1462 3423 ὃ(
1474 3389 1656 3426 charactere
1667 3415 1678 3430 ‚
1689 3389 1742 3424 sed
1753 3389 1913 3432 dignitate
1923 3388 1955 3422 se
1965 3387 2102 3430 Presby-

1223 3442 1299 3477 teris
1309 3441 1522 3485 anteferrent,
1549 3441 1695 3487 pluribus
1703 3439 1847 3477 ostendit
1867 3439 1900 3475 ἃ.
1914 3439 2016 3522 εειτρέὶζ
2028 3440 2104 3475 Sen-

2018 3498 2054 3522 us
