2366 3756
149 377 221 408 L2.
238 383 264 407 c.

155 425 219 454 293.

147 724 181 754 L
202 731 227 752 1.
242 731 266 753 c.

153 771 198 799 ις.

390 104 493 155 ’3Ἱο

324 185 370 220 Et
397 185 515 228 injure
546 180 860 215 Graeco-Romano
884 181 997 215 nescio
1021 182 1114 225 cujus
1150 183 1242 218 Con-

323 232 615 276 stantinopolitani
651 228 848 265 Patriarchae
886 231 926 264 de
975 232 1213 275 Episcoporum

324 281 593 321 translationibus
615 281 798 316 Decretum
822 279 946 314 habet:
974 286 1011 315 ln
1026 281 1159 326 secunda
1169 285 1214 323 sy-

323 336 420 374 nodo,
446 338 479 366 in
486 330 652 375 praesentia
677 331 855 373 Pontificum
868 355 880 372 ‚
906 331 1029 374 Damafi
1052 335 1148 375 Papae
1161 336 1217 366 Ro-

323 389 405 419 mani
419 407 429 423 ,
456 382 602 418 Timothei
624 382 824 416 Alexandrini
843 407 854 423 ,
880 383 992 416 Meletii
1018 382 1213 424 Antiocheni‚

324 434 470 473 &cyrilli
496 431 752 476 Hierosolymitani
767 457 777 473 ,
804 431 911 466 Sandlo
929 436 1068 476 Gregorio
1078 432 1214 478 Theologo

325 484 516 527 confirmatus
542 483 581 525 est
607 482 808 527 Epifiopatus
836 482 1182 527 constantinopolitanus
1204 508 1211 515 .

325 535 428 581 Quod
456 535 561 579 ipsum
587 534 732 568 scribunt
757 535 790 567 &
817 532 873 566 alii
910 532 1037 566 Graeci.
1065 533 1214 577 Fingunt

325 585 461 620 Damasi
485 584 708 629 praesentiam,
735 594 773 617 ut
796 582 971 626 Synodum
994 584 1116 618 faciant
1130 595 1217 618 oecu-

325 634 490 671 menicam
504 659 516 675 ‚
542 645 641 678 atque
661 633 705 667 ita
720 632 886 667 stabiliant
899 634 1031 668 tertium
1045 635 1140 678 ipsius
1153 634 1216 668 Ca-

325 697 470 720 nonem.
499 684 565 718 Rei
578 684 749 718 veritatem
775 682 885 718 scribit
900 684 985 728 apud
997 685 1146 719 Leonem
1158 682 1217 717 Al-

325 737 444 771 latium
459 735 596 769 Nicetas
614 733 768 768 Nicaenus
780 733 1008 778 Scevophylax
1026 746 1033 766 ε
1061 733 1120 767 Sub
1130 733 1217 767 Theo-

326 785 399 828 dofio
423 797 532 830 magno
555 789 756 827 Imperatore,
781 785 847 818 cum
869 784 994 818 thronus
1017 783 1218 825 Constantino-

323 838 477 879 politanus
504 836 623 870 evenus
644 836 710 879 esset
732 840 765 868 in
783 833 913 877 secunda
935 834 1043 874 synodo
1067 836 1218 869 &centum

327 891 545 931 quinquaginta
558 884 715 929 Episcopis
727 909 738 926 ‚
763 891 808 918 cui
835 886 927 919 locum
938 893 1074 919 tenentes
1087 888 1218 919 Romani

326 937 483 979 Pontificis
509 948 566 970 non
592 936 716 976 adfuere
744 959 755 976 ,
794 934 899 976 divifio
925 937 960 970 Θ·
985 935 1082 970 turbae
1108 945 1218 970 exortae

322 987 395 1032 sunt
410 1012 418 1020 .
444 987 568 1021 Nullus
590 985 608 1020 ὲ
623 986 781 1021 Romano
793 982 1019 1020 Patriarchatu
1039 985 1218 1030 Episcopus

325 1037 434 1071 adfuit
448 1061 467 1077 ,.
485 1037 546 1071 nisi
573 1035 660 1071 solus
695 1033 860 1070 Acholius
886 1035 1186 1071 Thessalonicensis
1207 1049 1217 1069 .-

324 1086 454 1122 Verum
466 1086 534 1120 fine
555 1086 713 1121 mandato
730 1111 739 1119 .
767 1085 872 1122 Utin
886 1084 1064 1120 secundam
1078 1085 1150 1120 istic
1160 1086 1218 1128 Sy-

323 1137 474 1177 nodum,
502 1138 538 1171 &
559 1136 682 1181 abipsa
702 1135 933 1171 celebrandam
958 1135 1036 1170 novi
1061 1136 1216 1179 Episcopi

324 1188 522 1222 electionem
547 1186 736 1231 invigilaret
760 1185 955 1220 mandatum
977 1184 1092 1219 habuit
1112 1185 1130 1217 a
1151 1185 1218 1217 Da-

326 1239 439 1278 maso,
466 1245 500 1271 at
513 1236 580 1271 line
604 1236 797 1280 praefidentia
808 1235 1045 1278 aclegatione.
1073 1233 1118 1267 Et
1131 1232 1218 1268 vide-

325 1296 380 1322 tur
401 1298 471 1321 non
482 1286 637 1320 adfuisse.

374 1336 502 1371 Eadem
514 1334 555 1368 de
567 1333 706 1376 Synodo
731 1333 840 1369 scribit
851 1334 887 1368 in
907 1333 1162 1378 prosphonetico
1173 1333 1213 1369 ad

323 1387 557 1429 Imperatorem
583 1383 843 1418 Constantinum
880 1395 1032 1428 quartum
1066 1386 1216 1420 sermone

321 1438 451 1471 sextum
474 1433 669 1469 Concilium
683 1448 694 1467 :
722 1435 913 1468 Mandonius
930 1435 1096 1480 denegabat
1122 1437 1214 1478 Spiri-

323 1496 374 1521 tus
386 1489 536 1520 Deitatem
550 1508 561 1526 ‚
569 1486 603 1519 <is
615 1486 821 1518 dominantem
831 1484 1003 1527 conservum
1008 1485 1214 1527 pradicabat,

318 1536 378 1580 Jed
399 1540 556 1569 Maximus
580 1539 748 1575 Imperator
771 1533 942 1575 Theodofius
962 1536 997 1567 (ν’
1019 1533 1213 1576 Damasurfi-
1236 1538 1238 1541 ’

323 1588 372 1620 dei
382 1588 512 1619 adamas
528 1609 538 1625 ,
559 1590 702 1626 protinus
723 1582 894 1624 obstiterunt
914 1609 923 1617 .
954 1583 1086 1626 Utique
1099 1584 1211 1627 perin-

321 1637 448 1671 distum
478 1634 891 1676 constantinopolitanum
915 1633 1107 1667 Concilium
1131 1657 1139 1665 .
1167 1635 1212 1668 Et

322 1687 458 1729 antiqua
470 1708 481 1724 ,
507 1695 563 1727 per
590 1682 851 1718 Constantinum
878 1681 1212 1724 Cajetannmevati-

321 1736 397 1771 cani
412 1733 558 1778 Collegii
572 1731 722 1767 Archivo
733 1730 894 1775 descripta
909 1743 1038 1776 ‚acper
1051 1731 1212 1766 Martium

320 1786 492 1821 Milesium
506 1781 671 1827 publicata
684 1807 704 1822 „
721 1782 832 1817 Sansti
851 1782 985 1816 Damasi
997 1782 1063 1816 vita
1075 1776 1214 1827 exponit

321 1837 353 1872 A
361 1833 526 1880 pollinarii
536 1843 660 1868 errores
672 1832 706 1866 &
732 1832 865 1867 Damasi
879 1831 1048 1867 adversum
1060 1832 1136 1867 illos
1146 1833 1214 1868 De-

321 1898 424 1927 creta,
436 1895 535 1930 atque
546 1883 716 1918 subnestit:
731 1886 776 1916 Et
786 1881 865 1917 banc
871 1881 1056 1925 sententiam
1066 1881 1213 1926 Damasus

321 1937 489 1981 confirmari
512 1939 661 1978 proecepit·
677 1938 711 1966 in
727 1932 977 1977 sandaficunda
991 1935 1100 1971 synodo
1110 1946 1131 1972 ,¹
1147 1943 1215 1974 quae

324 1992 478 2029 Praecpta
498 1987 533 2020 ό·
561 1984 735 2019 amaritate
758 1986 825 2023 ejus
837 1984 923 2024 apud
932 1980 1217 2024 Constantinopolim
1233 2000 1235 2003 .

321 2038 468 2073 celebrata
487 2034 543 2075 cst.
568 2037 628 2067 Cui
643 2032 835 2075 praef‘uerunt
846 2032 1014 2065 Timotheus
1037 2032 1215 2065 Alexandri-

322 2099 381 2122 nus
396 2111 407 2129 ,
433 2086 572 2122 Meletius
585 2082 782 2116 Antiochenus
795 2105 806 2121 ,
831 2082 959 2120 cyrillus
981 2079 1216 2122 Hierosolymita-

323 2150 382 2172 nus
403 2162 414 2178 ,
439 2138 474 2170 (3
501 2138 639 2167 Divinus
665 2134 826 2174 Gregorius
853 2128 1216 2172 Constantinopolitanus.

324 2189 370 2225 Et
397 2183 477 2229 quid
503 2192 589 2226 opus
615 2180 850 2216 testimoniis?
876 2178 1004 2218 Lucide
1028 2179 1070 2215 ad
1095 2181 1218 2216 Dama-

325 2241 401 2274 sum‘
418 2233 530 2269 scribit
550 2228 713 2266 secundus
742 2227 838 2273 hujus
863 2230 996 2275 Synodi
1014 2241 1220 2270 conventus}

327 2288 478 2323 Mandato
490 2286 658 2318 litterarum
684 2292 764 2313 anno
770 2279 921 2324 superIori
928 2284 949 2314 ἃ
962 2281 1058 2322 vestra
1068 2287 1215 2317 Revereri⁴

328 2346 374 2374 ria
395 2335 454 2380 post
466 2334 628 2368 Concilium
651 2329 836 2374 Aquilejense
849 2333 896 2365 ad
901 2330 1111 2375 sanchfflmuin
1123 2338 1219 2376 Impe-

329 2397 455 2424 ratorem
485 2382 676 2425 Theodofium'
693 2381 842 2426 miffarum
864 2407 876 2424 ,
901 2384 947 2416 ad
970 2388 1030 2418 iter
1053 2385 1220 2418 dumtaxat.

331 2437 613 2481 constantinopolim
635 2432 724 2478 usque
749 2434 930 2476 faciendum
955 2445 1007 2467 nos
1028 2441 1218 2478 praepaeravi-

332 2502 400 2526 mus
415 2514 426 2530 ,
449 2498 538 2531 atque
564 2488 601 2520 de
627 2497 685 2519 uno
710 2487 827 2519 concilio
851 2484 1026 2519 celebrando
1051 2484 1218 2529 consensum

333 2540 420 2584 Epis
416 2548 558 2583 copinam,
571 2543 623 2580 qui
633 2542 664 2569 in
676 2538 848 2570 Provinciis
866 2534 1038 2580 manserunt
1047 2539 1063 2578 ¹,
1076 2534 1221 2580 nobisrum

334 2591 512 2626 attulimus.
540 2587 655 2622 Palam
681 2588 875 2631 profitentur
895 2588 1035 2631 primam
1057 2583 1153 2622 istam
1163 2587 1222 2631 Sy-

335 2641 462 2677 nodum
482 2638 577 2677 fuisse
603 2638 761 2672 indiEtam
782 2637 802 2671 a
822 2639 968 2672 Damaso
981 2661 992 2678 ‚
1017 2638 1132 2682 acejus
1141 2637 1223 2672 Ρη·

336 2702 434 2735 cepto
461 2688 656 2725 celebratam
675 2708 698 2720 .»
712 2688 808 2722 Hinc
831 2689 1032 2723 censuerunt.
1055 2688 1224 2724 unacum

337 2739 530 2777 Timotheo
555 2737 786 2773 Alexandrino
811 2736 1076 2773 &Antiocheno
1087 2738 1224 2774 patriar-

339 2789 402 2827 cha
416 2791 560 2824 Meletio
578 2789 715 2823 adfuiffe
727 2788 785 2822 fibi
798 2788 897 2823 etiam
909 2789 1108 2831 Damasum,
1129 2799 1225 2834 atque

341 2842 388 2875 ita
412 2840 506 2873 istam
531 2838 813 2880 Synodumfuisse
833 2838 974 2872 omnino
984 2840 1224 2876 oecumenicam

342 2901 380 2926 ac
407 2886 501 2933 plene
522 2887 707 2931 generalem
721 2912 729 2920 .
755 2886 851 2922 Abfit
873 2897 910 2921 ut
931 2888 1127 2922 crediderint
1137 2888 1227 2934 posse

343 2941 409 2974 sine
433 2940 594 2974 Romano
615 2936 781 2982 Episcopo
805 2937 874 2972 fieri
895 2946 950 2972 aut
969 2939 1137 2974 consistere
1147 2940 1227 2984 ejus-

345 2990 437 3024 modi
450 2987 621 3031 Synodum
634 3012 641 3020 .
781 3012 782 3015 η

397 3040 441 3073 Er
461 3038 549 3081 quod
573 3037 815 3073 Occidentales
830 3038 865 3072 in
878 3037 1083 3080 Occidente,
1110 3040 1228 3075 Orien-

348 3088 426 3124 tales
446 3088 479 3121 in
502 3087 640 3122 Oriente
661 3088 859 3133 quandoque
879 3088 1069 3124 celebrarint
1079 3090 1228 3135 generale

350 3138 567 3177 Concilium,
594 3137 675 3171 reste
699 3137 784 3173 dixit
804 3139 840 3172 in
867 3139 1064 3183 Aquilejensi
1092 3139 1227 3183 synodo

352 3190 486 3224 Sanstus
497 3186 706 3222 Ambrofius.
735 3189 868 3224 Etenim
880 3190 1029 3224 adversus
1043 3190 1160 3225 Arium
1172 3192 1231 3226 La-

354 3240 416 3273 tini
436 3249 511 3273 cum
525 3239 644 3273 Sansto
665 3237 828 3280 Sylvestro
849 3239 1004 3284 Episcopi
1018 3242 1208 3276 Romanum
1221 3265 1230 3281 ‚

357 3290 461 3324 Girrei
482 3298 559 3322 cum
583 3286 726 3330 eiusdem
754 3288 928 3324 Pontificis
954 3290 1137 3335 Legatione
1163 3290 1232 3324 An-

357 3338 471 3374 tistites
482 3348 618 3382 egerunt
642 3337 832 3373 Concilium
852 3339 1041 3374 Nicaenum.
1071 3340 1232 3375 Adversus

355 3389 510 3434 eumdem
535 3387 656 3424 Arium
681 3387 768 3434 Papa
805 3388 955 3425 Liberius
989 3402 1026 3425 ac
1054 3391 1232 3437 Imperator

685 95 722 138 S.
761 92 1083 138 GREGORII
1121 109 1360 139 senum
1398 95 1766 140 Ponnmms

1275 181 1489 217 Constantius
1514 182 1555 216 ab
1565 183 1841 220 Occidentalibus
1860 184 2088 229 Ariminense,
2113 187 2155 224 ab

1275 231 1499 267 Orientalibus
1525 233 1553 266 E
1558 233 1697 276 piscopis
1707 233 1862 276 jusserunt
1872 239 1942 272 fieri
1953 238 2156 273 Seleuciense

1277 282 1471 316 Concilium
1486 308 1493 315 .
1522 283 1566 316 Et
1593 283 1632 318 ad
1656 283 1777 317 Arium
1805 285 1899 328 plene
1923 289 2156 325 eradicandum

1276 333 1410 367 sanstus
1431 334 1593 367 Damasus
1613 334 1707 368 simul
1729 333 1852 368 indixit
1863 335 2156 374 RomanumCon-

1276 382 1393 417 cilium
1430 393 1530 426 atque
1564 383 2168 428 Constantinopolitanum.›Fie'bancr

1277 433 1479 476 quandoque
1504 433 1617 475 simul,
1644 434 1863 471 Occidentale
1883 436 2063 480 aliquando
2083 450 2157 482 prae-

1277 482 1414 517 cedebat
1440 493 1448 513 :
1485 483 1542 518 Ut
1569 485 1685 529 nempe
1709 484 1806 529 hujus
1830 485 1990 530 judicium
2016 486 2158 531 Aposto-

1277 533 1340 566 lica
1362 532 1506 577 Legatio
1529 533 1664 570 deferret
1685 535 1726 570 ad
1747 535 1919 571 Orientale
1940 538 2131 573 Concilium
2145 563 2156 579 ,

1278 583 1347 626 ipso
1378 584 1524 619 muniret
1551 587 1645 620 suum
1668 586 1874 630 suffragium,
1899 595 1998 631 atque
2023 588 2068 622 ita
2092 588 2159 632 ejus

1278 633 1523 677 praerogativam
1550 636 1696 671 redderet
1729 636 1983 683 irrefragabilem
2009 663 2017 671 .
2051 639 2157 687 Qod

1278 683 1322 716 ita
1336 684 1456 717 fastum
1479 684 1561 719 sitin
1585 687 1673 720 sexta
1696 686 1854 728 Synodo,
1880 686 2157 724 habemuslucida

1278 732 1492 769 documenta.
1519 736 1564 770 Et
1589 736 1670 780 quin
1694 738 1813 771 fatitum
1833 737 1872 772 sit
1895 738 1995 772 etiam
2012 738 2046 772 in
2058 739 2157 781 aliis,

1279 794 1347 818 non
1361 784 1577 828 permittimur
1588 786 1742 822 dubitare.
1757 787 1891 822 Etenim
1899 788 1988 832 quod
1998 788 2039 824 ad
2051 788 2157 823 Thes-
2175 803 2211 833 c,
2221 813 2255 840 ,ᾗ

1278 833 1537 876 salonicensem,
1562 847 1634 880 quae
1645 838 1753 872 Sansti
1776 838 1912 882 Joannis
1924 837 2156 882 Chry-sostomi

1280 886 1409 919 causam
1437 884 1577 921 debebat
1601 889 1770 923 retractare
1795 913 1807 930 ‚
1834 889 1936 925 totius
1960 889 2156 925 Occidentis

1277 945 1314 969 ac
1337 936 1487 970 Orientis
1507 938 1681 981 Synodum
1706 939 1920 974 Innocentius
1941 939 2062 983 primus
2084 951 2156 974 non

1276 984 1405 1019 tantum
1417 987 1489 1020 suas
1499 987 1621 1021 litteras
1631 1013 1643 1028 ‚
1670 1000 1708 1024 ac
1720 990 1812 1024 suum
1824 990 1859 1024 in
1869 989 1940 1033 ipfis
1954 990 2156 1035 suffragium,

1277 1034 1331 1069 sed
1353 1035 1454 1069 etiam
1479 1042 1571 1070 totius
1592 1040 1790 1072 Occidentalis
1815 1041 1938 1074 concilii
1961 1043 2156 1075 Commonito-

1275 1090 1354 1117 rium
1379 1085 1504 1130 miserit
1512 1109 1525 1127 ,
1551 1086 1587 1120 in
1612 1087 1753 1123 Palladii
1776 1087 2156 1134 HelenopolitaniEpis-

1276 1134 1352 1176 copi
1362 1133 1513 1178 Dialogo
1524 1134 1657 1169 testatur
1667 1137 1868 1174 Theodorus
1878 1139 2036 1174 Romanae
2044 1140 2157 1175 Eccle-

1276 1182 1326 1216 siae
1347 1182 1541 1219 Diaconus.
1569 1183 1681 1219 Etiam
1705 1187 1882 1225 Gallicanae
1907 1182 2053 1225 Ecclefiae
2072 1190 2157 1234 jucli-

1275 1231 1365 1267 cium
1394 1233 1616 1269 transmittere
1648 1234 1690 1270 ad
1721 1233 2025 1274 Chalcedonensem
2051 1240 2160 1283 Syno-

1275 1283 1355 1317 dum
1381 1284 1510 1327 optav-it
1532 1284 1604 1319 Leo
1625 1284 1791 1330 Magnus.
1820 1286 1973 1332 Uterque
1993 1288 2053 1323 iste
2062 1290 2160 1324 Occi·

1275 1332 1383 1367 dentis
1404 1333 1440 1368 &
1449 1334 1600 1370 Orientis
1611 1346 1794 1371 conventus
1807 1346 1875 1372 erat
1887 1337 2024 1373 unicum
2037 1338 2171 1374 Conci·-

1275 1381 1479 1419 lium:Alteri
1491 1385 1582 1420 enim
1592 1386 1720 1430 propria
1732 1385 1908 1422 Pontificis
1917 1388 2160 1432 persbn2‚alteri

1274 1432 1460 1477 praefidebat
1483 1435 1582 1479 ipsius
1603 1435 1744 1481 Legatio
1759 1461 1767 1470 .
1795 1437 1840 1472 Et
1859 1439 1974 1474 omnia
1995 1439 2052 1473 sua
2075 1437 2159 1474 Λᾶι

1273 1483 1414 1523 debebat
1437 1484 1492 1519 hic
1515 1487 1633 1521 referre
1657 1486 1837 1528 Pontifici,
1862 1487 2099 1532 &suspendere
2115 1487 2159 1523 ad

1273 1534 1342 1576 cius
1354 1533 1547 1579 arbitrium;
1574 1535 1731 1572 Pontifex
1741 1547 1852 1573 autem
1862 1537 1918 1572 illa
1929 1538 2094 1578 revidere,
2111 1549 2175 1574 re··

1273 1586 1620 1626 tractarenonfirmare.
1647 1588 1692 1622 Et
1703 1587 1784 1623 hinc
1793 1588 1836 1623 de
1848 1587 2158 1633 Constantinopoli·
2170 1604 2176 1614 ·

1273 1642 1348 1668 tana
1368 1635 1507 1676 synodo
1517 1636 1605 1669 dixit
1617 1637 1652 1670 in
1663 1637 1918 1681 prosphonetico
1929 1637 2157 1681 adilmperato-
2172 1650 2176 1660 ’

1271 1692 1339 1716 rem
1356 1682 1560 1718 Martianum
1582 1685 1729 1721 sermone
1751 1685 2023 1769 Chaleetgzienfe
2032 1687 2175 1722 Conci·-

1271 1729 1376 1766 lium:
1404 1735 1521 1784 ,Quisin
1533 1732 1588 1769 bae
1599 1734 1674 1767 Urbe
1685 1735 1866 1776 Apollinaris
1910 1776 1913 1782 Ι
1941 1737 2177 1778 exeruntpessr-·

1271 1781 1419 1821 lentiam,
1443 1781 1686 1816 occidentalibus
1704 1789 1861 1826 proprium
1881 1788 2031 1819 innotuere
2054 1787 2160 1820 Dem-

1272 1838 1353 1871 tum„
1381 1830 1698 1877 Omine-loquitur
1707 1833 1750 1868 de
1761 1833 1869 1877 primo
1880 1845 2064 1870 conventu.
2091 1836 2157 1870 Lu·

1272 1889 1324 1915 cet
1344 1892 1387 1915 ex
1410 1879 1512 1915 verbis
1537 1883 1765 1927 sequentibus:
1795 1889 1906 1918 Horum
1915 1885 2176 1920 mammeam*

1273 1933 1413 1974 Gregorio.
1436 1936 1532 1966 tenuit
1553 1936 1781 1977 Principatum.
1807 1933 1944 1970 Etenim
1964 1945 2090 1971 eertum
2109 1935 2157 1971 est

1273 1979 1528 2018 Nazianzenum
1564 1983 1765 2028 Gregorium
1799 1984 1943 2019 secundo
1973 1984 2175 2021 conventu&

1273 2040 1341 2064 non
1363 2031 1516 2067 adfixisse.
1545 2032 1649 2068 Periit
1669 2030 1829 2070 autl'atet-
1852 2034 1912 2068 ista
1934 2030 2172 2081 relatioaR'ods'

1274 2088 1363 2122 perta
1374 2084 1574 2123 poteramus
1585 2083 1802 2126 plura·d0cere
1812 2108 1820 2116 .
1847 2084 1891 2118 Et
1900 2083 2026 2120 haee-est
2044 2084 2159 2120 seeun-

1274 2127 1315 2162 da
1327 2129 1412 2164 ratio
1422 2152 1434 2170 ‚
1456 2131 1664 2167 ’curffeonndi
1674 2140 1859 2168 conventus
1870 2135 1987 2170 relatio
1995 2133 2084 2170 dicat
2093 2134 2158 2180 pti-

1275 2190 1367 2213 mum
1378 2182 1580 2215 conve'ntum
1588 2181 1682 2218 fuisse
1698 2181 2170 2231 generalemSynodum-r-«Et

1276 2229 1335 2266 ista
1354 2229 1499 2275 eiusdem
1511 2231 1639 2274 synodi
1663 2233 1698 2266 in
1719 2233 1947 2269 distantiffima
1961 2230 2170 2269 loen-distri»

1275 2280 1373 2316 butio
1382 2292 1451 2316 non
1475 2281 1581 2316 caruit
1601 2281 1802 2318 rationibus.
1822 2282 2174 2319 '2Palm2risratio‘fuit2

1277 2331 1414 2367 evitatio
1433 2330 1654 2368 molestiarum
1665 2356 1678 2374 ,
1703 2332 1822 2378 quibus
1839 2331 1954 2376 plenus
1963 2334 2172 2369 &Orientis

1277 2379 1515 2417 &Occidentis
1533 2391 1717 2418 conventus
1749 2394 1819 2419 non
1831 2381 1939 2428 potuit
1949 2394 2019 2420 non
2028 2383 2174 2435 αἴροιεν*

1280 2444 1420 2468 nemus·
1741 2453 1743 2455 ,
1964 2454 2007 2458 ⁷.
2071 2447 2162 2458 .

1332 2483 1493 2519 Attamen
1504 2483 1564 2521 ista
1576 2485 1693 2522 divisio
1704 2498 1772 2522 non
1786 2487 1850 2535 strip
1861 2485 2070 2523 universalis.·
2081 2485 2163 2523 Ete-

1280 2535 1353 2569 nim
1364 2535 1578 2578 Imperatores
1603 2537 1822 2572 Constantiu's
1837 2539 1890 2574 &³
1908 2538 2161 2578 Constansg-»ne

1281 2585 1380 2620 etiam
1414 2585 1527 2629 Julius·
1553 2586 1933 2622 Pontifex'Sard’icenoe
1965 2586 2160 2622 Concilium

1282 2633 1458 2671 voluerunt
1472 2647 1513 2670 ex
1525 2636 1693 2681 utriusque
1703 2635 1834 2680 tmperii
1845 2636 2015 2680 Episcopis
2025 2636 2169 2671 adunari·

1284 2687 1323 2720 in
1338 2685 1482 2734 eundem
1501 2685 1632 2721 locum.
1660 2685 1705 2721 Et
1718 2682 2160 2732 ‘alvernis'Ariminensisac

1284 2736 1494 2772 Seleuciensis
1520 2735 1647 2780 Synodi
1672 2736 1863 2770 divisionem
1889 2735 2010 2779 scripsit
2031 2737 2166 2785 ’ὶη--ᾱῃὲί

1286 2787 1394 2832 gulari
1422 2786 1554 2830 deipsis
1576 2786 1659 2821 libro
1682 2785 1826 2831 Magnus
1847 2784 2061 2822 Athanasius:
2073 2790 2167 2822 *Pna-

1285 2838 1368 2871 mum
1380 2838 1498 2880 quidem
1509 2838 1558 2883 ego
1566 2837 1695 2870 admiror
1707 2837 1840 2880 idemque
1864 2831 1992 2870 arbitror
2001 2837 2162 2880 quemlibet·

1280 2888 1463 2930 prudentem
1480 2886 1608 2929 facere,
1632 2887 1713 2929 quod
1733 2896 1797 2920 cum
1817 2884 1982 2929 univer-sale
1994 2888 2161 2921 Concilium

1285 2937 1351 2981 effer
1376 2937 1541 2984 indiblunr',
1566 2937 1740 2984 idq3'omnes
1755 2927 1965 2978 'expeffaren'u
1991 2937 2162 2979 derepente

1288 2983 1486 3030 divisfofac‘la
1497 2986 1558 3029 fir,
1583 2987 1656 3020 adeo
1664 2995 1697 3019 ut
1711 2987 1758 3020 illi
1767 2984 1835 3020 illue
1848 3010 1859 3026 ,
1886 2984 1930 3026 isti
1946 2986 2162 3026 istuc-conveni-

1288 3047 1372 3072 rent.
1400 3031 1520 3082 Aperte
1545 3036 1714 3080 improbat*
1732 3035 1943 3075 divisionem,
1970 3034 2162 3080 videturque

1290 3097 1439 3123 neutram
1462 3086 1631 3129 synodum
1653 3098 1714 3131 pro
1734 3086 1942 3122 OEcumenica
1968 3088 2158 3132 agnoscere.

1291 3139 1421 3183 Nempe
1447 3136 1625 3170 Eusebiana
1658 3137 1753 3172 faffio
1787 3136 1828 3170 ab
1857 3136 1999 3172 adunata
2023 3137 2165 3179 synodo

1290 3187 1452 3223 metuebat
1474 3185 1534 3220 sibi
1569 3188 1747 3222 successum
1779 3186 1975 3222 *Sardieenfis
2003 3186 2161 3232 synodi,

1291 3239 1430 3282 ideoque
1441 3236 1495 3271 sibi
1508 3236 1704 3276 obnoxium,
1716 3238 1749 3272 &
1764 3238 1870 3271 solum
1881 3237 1944 3280 j'afin
1958 3238 2062 3282 totius
2072 3241 2164 3271 mun-

1290 3289 1324 3322 di
1347 3287 1530 3330 Principem
1555 3287 1789 3321 Constantium
1816 3283 1988 3320 induxerat
2000 3286 2166 3329 adjuben-

1291 3339 1366 3372 dam
1376 3337 1570 3371 divisionem
1583 3362 1590 3370 .
1619 3337 1706 3371 Cum
1721 3336 1898 3380 Athanasio
1920 3337 2015 3370 sensit
2026 3337 2059 3369 in
2073 3337 2167 3379 quin-

1292 3398 1328 3423 to
1341 3386 1498 3423 Concilio
1507 3399 1509 3411 ³
1518 3387 1665 3433 Vigilius
1676 3387 1830 3424 Pontifex
1839 3396 1851 3419 ἐ
1879 3385 1925 3420 Et
1936 3385 2166 3423 occidentales
