<?xml version="1.0" encoding="UTF-8"?>
<!DOCTYPE html PUBLIC "-//W3C//DTD XHTML 1.0 Transitional//EN"
    "http://www.w3.org/TR/xhtml1/DTD/xhtml1-transitional.dtd">
<html xmlns="http://www.w3.org/1999/xhtml" xml:lang="en" lang="en">
 <head>
  <title>
</title>
<meta http-equiv="Content-Type" content="text/html;charset=utf-8" />
  <meta name='ocr-system' content='tesseract 3.04.00' />
  <meta name='ocr-capabilities' content='ocr_page ocr_carea ocr_par ocr_line ocrx_word'/>
</head>
<body>
  <div class='ocr_page' id='page_1' title='image "./operaomniastudio05lupuuoft/operaomniastudio05lupuuoft_0180.png"; bbox 0 0 2366 3756; ppageno 0'>
   <div class='ocr_carea' id='block_1_1' title="bbox 249 186 1182 2097">
    <p class='ocr_par' dir='ltr' id='par_1_1' title="bbox 249 186 1182 1846">
     <span class='ocr_line' id='line_1_1' title="bbox 376 186 470 234; baseline -0.011 -15"><span class='ocrx_word' id='word_1_1' title='bbox 376 186 470 234; x_wconf 84' lang='lat'>170</span> 
     </span>
     <span class='ocr_line' id='line_1_2' title="bbox 299 247 1182 295; baseline -0.006 -5"><span class='ocrx_word' id='word_1_2' title='bbox 299 254 344 290; x_wconf 62' lang='lat' dir='ltr'>&amp;i</span> <span class='ocrx_word' id='word_1_3' title='bbox 356 251 498 292; x_wconf 79' lang='lat' dir='ltr'>Leonis,</span> <span class='ocrx_word' id='word_1_4' title='bbox 522 248 606 285; x_wconf 71' lang='lat' dir='ltr'>feda</span> <span class='ocrx_word' id='word_1_5' title='bbox 618 250 852 295; x_wconf 84' lang='lat' dir='ltr'>posterioribus</span> <span class='ocrx_word' id='word_1_6' title='bbox 873 251 929 284; x_wconf 91' lang='lat' dir='ltr'>seu</span> <span class='ocrx_word' id='word_1_7' title='bbox 943 247 1182 295; x_wconf 88' lang='lat' dir='ltr'>Typographis</span> 
     </span>
     <span class='ocr_line' id='line_1_3' title="bbox 300 299 1179 344; baseline -0.003 -7"><span class='ocrx_word' id='word_1_8' title='bbox 300 306 356 340; x_wconf 84' lang='lat' dir='ltr'>seu</span> <span class='ocrx_word' id='word_1_9' title='bbox 377 300 642 344; x_wconf 86' lang='lat' dir='ltr'>Descriptoribus</span> <span class='ocrx_word' id='word_1_10' title='bbox 659 299 850 343; x_wconf 85' lang='lat' dir='ltr'>adscriptas.</span> <span class='ocrx_word' id='word_1_11' title='bbox 878 299 971 335; x_wconf 87' lang='lat' dir='ltr'>Non</span> <span class='ocrx_word' id='word_1_12' title='bbox 984 301 1068 335; x_wconf 77' lang='lat' dir='ltr'>male</span> <span class='ocrx_word' id='word_1_13' title='bbox 1088 300 1123 335; x_wconf 89' lang='lat' dir='ltr'>id</span> <span class='ocrx_word' id='word_1_14' title='bbox 1145 299 1179 334; x_wconf 88' lang='lat' dir='ltr'>in</span> 
     </span>
     <span class='ocr_line' id='line_1_4' title="bbox 298 349 1181 394; baseline -0.003 -5"><span class='ocrx_word' id='word_1_15' title='bbox 298 355 354 389; x_wconf 86' lang='lat' dir='ltr'>sua</span> <span class='ocrx_word' id='word_1_16' title='bbox 378 350 421 386; x_wconf 87' lang='lat' dir='ltr'>ad</span> <span class='ocrx_word' id='word_1_17' title='bbox 445 350 655 386; x_wconf 84' lang='lat' dir='ltr'>Franciscum</span> <span class='ocrx_word' id='word_1_18' title='bbox 681 350 815 384; x_wconf 88' lang='lat' dir='ltr'>Bonum</span> <span class='ocrx_word' id='word_1_19' title='bbox 854 350 1001 394; x_wconf 86' lang='lat' dir='ltr'>Epistola</span> <span class='ocrx_word' id='word_1_20' title='bbox 1037 349 1181 386; x_wconf 88' lang='lat' dir='ltr'>ostendit</span> 
     </span>
     <span class='ocr_line' id='line_1_5' title="bbox 298 400 1181 448; baseline 0.001 -13"><span class='ocrx_word' id='word_1_21' title='bbox 298 404 441 446; x_wconf 85' lang='lat' dir='ltr'>Joannes</span> <span class='ocrx_word' id='word_1_22' title='bbox 451 401 640 444; x_wconf 88' lang='lat' dir='ltr'>Launojus.</span> <span class='ocrx_word' id='word_1_23' title='bbox 667 400 854 448; x_wconf 79' lang='lat' dir='ltr'>Qomodo</span> <span class='ocrx_word' id='word_1_24' title='bbox 875 402 1089 436; x_wconf 69' lang='lat' dir='ltr'>SauciusLeo</span> <span class='ocrx_word' id='word_1_25' title='bbox 1104 403 1181 436; x_wconf 91' lang='lat' dir='ltr'>titu-</span> 
     </span>
     <span class='ocr_line' id='line_1_6' title="bbox 295 451 1177 495; baseline 0 -9"><span class='ocrx_word' id='word_1_26' title='bbox 295 453 366 486; x_wconf 86' lang='lat' dir='ltr'>lum</span> <span class='ocrx_word' id='word_1_27' title='bbox 378 475 389 492; x_wconf 93' lang='lat'>‚</span> <span class='ocrx_word' id='word_1_28' title='bbox 412 462 512 494; x_wconf 89' lang='lat' dir='ltr'>quem</span> <span class='ocrx_word' id='word_1_29' title='bbox 531 451 573 486; x_wconf 89' lang='lat' dir='ltr'>ab</span> <span class='ocrx_word' id='word_1_30' title='bbox 597 451 668 495; x_wconf 91' lang='lat' dir='ltr'>ipso</span> <span class='ocrx_word' id='word_1_31' title='bbox 679 451 832 495; x_wconf 70' lang='lat' dir='ltr'>rejectum</span> <span class='ocrx_word' id='word_1_32' title='bbox 844 451 976 486; x_wconf 86' lang='lat' dir='ltr'>testatur</span> <span class='ocrx_word' id='word_1_33' title='bbox 986 451 1177 487; x_wconf 84' lang='lat' dir='ltr'>constantis-</span> 
     </span>
     <span class='ocr_line' id='line_1_7' title="bbox 294 499 1181 547; baseline 0 -11"><span class='ocrx_word' id='word_1_34' title='bbox 294 500 374 536; x_wconf 74' lang='lat' dir='ltr'>fime</span> <span class='ocrx_word' id='word_1_35' title='bbox 393 499 541 547; x_wconf 89' lang='lat' dir='ltr'>Magnus</span> <span class='ocrx_word' id='word_1_36' title='bbox 563 501 768 547; x_wconf 85' lang='lat' dir='ltr'>Gregorius,</span> <span class='ocrx_word' id='word_1_37' title='bbox 794 502 859 536; x_wconf 85' lang='lat' dir='ltr'>suis</span> <span class='ocrx_word' id='word_1_38' title='bbox 877 503 1001 539; x_wconf 20' lang='lat' dir='ltr'>litteris*</span> <span class='ocrx_word' id='word_1_39' title='bbox 1017 502 1181 547; x_wconf 89' lang='lat' dir='ltr'>apposuis-</span> 
     </span>
     <span class='ocr_line' id='line_1_8' title="bbox 292 549 1177 596; baseline 0 -10"><span class='ocrx_word' id='word_1_40' title='bbox 292 552 370 586; x_wconf 76' lang='lat' dir='ltr'>set-2</span> <span class='ocrx_word' id='word_1_41' title='bbox 396 551 441 586; x_wconf 87' lang='lat' dir='ltr'>Et</span> <span class='ocrx_word' id='word_1_42' title='bbox 462 551 505 587; x_wconf 88' lang='lat' dir='ltr'>de</span> <span class='ocrx_word' id='word_1_43' title='bbox 517 552 587 596; x_wconf 89' lang='lat' dir='ltr'>ipso</span> <span class='ocrx_word' id='word_1_44' title='bbox 610 553 651 587; x_wconf 89' lang='lat' dir='ltr'>ad</span> <span class='ocrx_word' id='word_1_45' title='bbox 677 549 982 588; x_wconf 79' lang='lat' dir='ltr'>chalcedonensem</span> <span class='ocrx_word' id='word_1_46' title='bbox 1005 552 1177 596; x_wconf 78' lang='lat' dir='ltr'>synodum</span> 
     </span>
     <span class='ocr_line' id='line_1_9' title="bbox 292 601 1180 647; baseline -0.001 -11"><span class='ocrx_word' id='word_1_47' title='bbox 292 602 379 637; x_wconf 81' lang='lat' dir='ltr'>dixit</span> <span class='ocrx_word' id='word_1_48' title='bbox 398 601 467 646; x_wconf 82' lang='lat' dir='ltr'>ejus</span> <span class='ocrx_word' id='word_1_49' title='bbox 477 602 622 647; x_wconf 88' lang='lat' dir='ltr'>Legatus</span> <span class='ocrx_word' id='word_1_50' title='bbox 638 602 772 637; x_wconf 61' lang='lat' dir='ltr'>Sanetus</span> <span class='ocrx_word' id='word_1_51' title='bbox 790 601 1022 638; x_wconf 79' lang='lat' dir='ltr'>paschasinus:</span> <span class='ocrx_word' id='word_1_52' title='bbox 1049 604 1180 644; x_wconf 70' lang='lat' dir='ltr'>Bearff-</span> 
     </span>
     <span class='ocr_line' id='line_1_10' title="bbox 290 651 1178 697; baseline -0.001 -10"><span class='ocrx_word' id='word_1_53' title='bbox 290 664 359 687; x_wconf 80' lang='lat' dir='ltr'>mus</span> <span class='ocrx_word' id='word_1_54' title='bbox 370 661 462 696; x_wconf 80' lang='lat' dir='ltr'>atque</span> <span class='ocrx_word' id='word_1_55' title='bbox 473 652 648 697; x_wconf 62' lang='lat' dir='ltr'>apostolicus</span> <span class='ocrx_word' id='word_1_56' title='bbox 658 651 839 696; x_wconf 76' lang='lat' dir='ltr'>universalis</span> <span class='ocrx_word' id='word_1_57' title='bbox 856 653 982 697; x_wconf 64' lang='lat' dir='ltr'>Ecclefiq</span> <span class='ocrx_word' id='word_1_58' title='bbox 994 657 1082 697; x_wconf 81' lang='lat' dir='ltr'>Papa</span> <span class='ocrx_word' id='word_1_59' title='bbox 1094 655 1178 688; x_wconf 79' lang='lat' dir='ltr'>urbis</span> 
     </span>
     <span class='ocr_line' id='line_1_11' title="bbox 290 703 1178 750; baseline 0.002 -14"><span class='ocrx_word' id='word_1_60' title='bbox 290 707 384 745; x_wconf 55' lang='lat' dir='ltr'>Rome</span> <span class='ocrx_word' id='word_1_61' title='bbox 397 707 473 736; x_wconf 84' lang='lat' dir='ltr'>Leo.</span> <span class='ocrx_word' id='word_1_62' title='bbox 502 703 636 737; x_wconf 89' lang='lat' dir='ltr'>Etcum</span> <span class='ocrx_word' id='word_1_63' title='bbox 661 704 732 747; x_wconf 92' lang='lat' dir='ltr'>ipso</span> <span class='ocrx_word' id='word_1_64' title='bbox 754 703 823 747; x_wconf 89' lang='lat' dir='ltr'>ejus</span> <span class='ocrx_word' id='word_1_65' title='bbox 838 704 985 750; x_wconf 73' lang='lat' dir='ltr'>Collegae</span> <span class='ocrx_word' id='word_1_66' title='bbox 996 705 1178 740; x_wconf 88' lang='lat' dir='ltr'>Lucentius</span> 
     </span>
     <span class='ocr_line' id='line_1_12' title="bbox 249 752 1179 798; baseline 0 -11"><span class='ocrx_word' id='word_1_67' title='bbox 249 776 252 779; x_wconf 39' lang='lat'><strong>⁴</strong></span> <span class='ocrx_word' id='word_1_68' title='bbox 287 752 495 794; x_wconf 67' lang='lat' dir='ltr'>fiscannus,</span> <span class='ocrx_word' id='word_1_69' title='bbox 515 753 710 797; x_wconf 88' lang='lat' dir='ltr'>&amp;Julianus</span> <span class='ocrx_word' id='word_1_70' title='bbox 723 754 906 798; x_wconf 84' lang='lat' dir='ltr'><strong>Episcopus</strong></span> <span class='ocrx_word' id='word_1_71' title='bbox 917 754 1077 790; x_wconf 86' lang='lat' dir='ltr'>Coenfis:</span> <span class='ocrx_word' id='word_1_72' title='bbox 1103 756 1179 787; x_wconf 78' lang='lat' dir='ltr'>San-</span> 
     </span>
     <span class='ocr_line' id='line_1_13' title="bbox 285 802 1176 848; baseline 0 -11"><span class='ocrx_word' id='word_1_73' title='bbox 285 803 423 845; x_wconf 64' lang='lat' dir='ltr'>fflffimus</span> <span class='ocrx_word' id='word_1_74' title='bbox 444 815 480 837; x_wconf 85' lang='lat' dir='ltr'>ac</span> <span class='ocrx_word' id='word_1_75' title='bbox 501 803 677 845; x_wconf 77' lang='lat' dir='ltr'>beatiffimus</span> <span class='ocrx_word' id='word_1_76' title='bbox 688 804 839 846; x_wconf 60' lang='lat' dir='ltr'>catholice</span> <span class='ocrx_word' id='word_1_77' title='bbox 851 805 987 847; x_wconf 77' lang='lat' dir='ltr'>Ecclest‘ae</span> <span class='ocrx_word' id='word_1_78' title='bbox 1011 802 1176 848; x_wconf 81' lang='lat' dir='ltr'><em>Episcopus</em></span> 
     </span>
     <span class='ocr_line' id='line_1_14' title="bbox 285 853 1178 899; baseline 0 -11"><span class='ocrx_word' id='word_1_79' title='bbox 285 854 372 888; x_wconf 73' lang='lat' dir='ltr'>urbis</span> <span class='ocrx_word' id='word_1_80' title='bbox 393 857 486 895; x_wconf 59' lang='lat' dir='ltr'>Rome</span> <span class='ocrx_word' id='word_1_81' title='bbox 501 857 579 888; x_wconf 83' lang='lat' dir='ltr'>Leo.</span> <span class='ocrx_word' id='word_1_82' title='bbox 610 854 654 889; x_wconf 92' lang='lat' dir='ltr'>Et</span> <span class='ocrx_word' id='word_1_83' title='bbox 678 854 713 888; x_wconf 89' lang='lat' dir='ltr'>in</span> <span class='ocrx_word' id='word_1_84' title='bbox 726 854 882 890; x_wconf 87' lang='lat' dir='ltr'>Romana</span> <span class='ocrx_word' id='word_1_85' title='bbox 895 856 949 890; x_wconf 89' lang='lat' dir='ltr'>sua</span> <span class='ocrx_word' id='word_1_86' title='bbox 962 853 1102 899; x_wconf 89' lang='lat' dir='ltr'>Synodo</span> <span class='ocrx_word' id='word_1_87' title='bbox 1114 854 1178 888; x_wconf 88' lang='lat' dir='ltr'>Hi·</span> 
     </span>
     <span class='ocr_line' id='line_1_15' title="bbox 284 903 1176 949; baseline 0.001 -11"><span class='ocrx_word' id='word_1_88' title='bbox 284 903 374 938; x_wconf 85' lang='lat' dir='ltr'>larus</span> <span class='ocrx_word' id='word_1_89' title='bbox 384 903 542 939; x_wconf 86' lang='lat' dir='ltr'>Pontifex</span> <span class='ocrx_word' id='word_1_90' title='bbox 555 904 676 948; x_wconf 86' lang='lat' dir='ltr'>scripsit</span> <span class='ocrx_word' id='word_1_91' title='bbox 686 904 727 939; x_wconf 86' lang='lat' dir='ltr'>de</span> <span class='ocrx_word' id='word_1_92' title='bbox 740 904 910 949; x_wconf 87' lang='lat' dir='ltr'>semetipso</span> <span class='ocrx_word' id='word_1_93' title='bbox 923 917 931 938; x_wconf 75' lang='grc' dir='ltr'><strong><em>ε</em></strong></span> <span class='ocrx_word' id='word_1_94' title='bbox 958 907 1089 940; x_wconf 77' lang='lat' dir='ltr'><em>Hilarus</em></span> <span class='ocrx_word' id='word_1_95' title='bbox 1100 909 1176 948; x_wconf 68' lang='lat' dir='ltr'>Epi·</span> 
     </span>
     <span class='ocr_line' id='line_1_16' title="bbox 279 951 1176 999; baseline 0.003 -12"><span class='ocrx_word' id='word_1_96' title='bbox 279 951 385 998; x_wconf 66' lang='lat' dir='ltr'>ftopus</span> <span class='ocrx_word' id='word_1_97' title='bbox 399 954 521 997; x_wconf 62' lang='lat' dir='ltr'>Ecclefif</span> <span class='ocrx_word' id='word_1_98' title='bbox 533 954 685 997; x_wconf 68' lang='lat' dir='ltr'>Catholicq</span> <span class='ocrx_word' id='word_1_99' title='bbox 705 954 787 988; x_wconf 69' lang='lat' dir='ltr'>urbis</span> <span class='ocrx_word' id='word_1_100' title='bbox 798 959 891 998; x_wconf 64' lang='lat' dir='ltr'>Romq</span> <span class='ocrx_word' id='word_1_101' title='bbox 903 980 912 988; x_wconf 89' lang='lat'><strong>.</strong></span> <span class='ocrx_word' id='word_1_102' title='bbox 939 956 985 992; x_wconf 86' lang='lat' dir='ltr'>Et</span> <span class='ocrx_word' id='word_1_103' title='bbox 999 956 1035 990; x_wconf 90' lang='lat' dir='ltr'>in</span> <span class='ocrx_word' id='word_1_104' title='bbox 1049 957 1105 990; x_wconf 88' lang='lat' dir='ltr'>sua</span> <span class='ocrx_word' id='word_1_105' title='bbox 1117 957 1176 999; x_wconf 90' lang='lat' dir='ltr'>Sy·</span> 
     </span>
     <span class='ocr_line' id='line_1_17' title="bbox 282 1003 1174 1050; baseline 0.001 -12"><span class='ocrx_word' id='word_1_106' title='bbox 282 1003 377 1038; x_wconf 84' lang='lat' dir='ltr'>nodo</span> <span class='ocrx_word' id='word_1_107' title='bbox 387 1005 494 1039; x_wconf 75' lang='lat' dir='ltr'>Foelnx</span> <span class='ocrx_word' id='word_1_108' title='bbox 517 1006 630 1040; x_wconf 88' lang='lat' dir='ltr'>tertius</span> <span class='ocrx_word' id='word_1_109' title='bbox 645 1019 656 1039; x_wconf 84' lang='lat'>.-</span> <span class='ocrx_word' id='word_1_110' title='bbox 683 1007 785 1039; x_wconf 75' lang='lat' dir='ltr'>Foellx</span> <span class='ocrx_word' id='word_1_111' title='bbox 798 1005 966 1050; x_wconf 80' lang='lat' dir='ltr'><em>Episcopus</em></span> <span class='ocrx_word' id='word_1_112' title='bbox 983 1005 1107 1048; x_wconf 66' lang='lat' dir='ltr'>Ecclefiq</span> <span class='ocrx_word' id='word_1_113' title='bbox 1117 1010 1174 1039; x_wconf 87' lang='lat' dir='ltr'>Ca-</span> 
     </span>
     <span class='ocr_line' id='line_1_18' title="bbox 282 1053 1175 1102; baseline 0.004 -15"><span class='ocrx_word' id='word_1_114' title='bbox 282 1053 388 1095; x_wconf 64' lang='lat' dir='ltr'>tholicf</span> <span class='ocrx_word' id='word_1_115' title='bbox 407 1055 491 1088; x_wconf 76' lang='lat' dir='ltr'>serbis</span> <span class='ocrx_word' id='word_1_116' title='bbox 512 1058 603 1098; x_wconf 69' lang='lat' dir='ltr'>Romq</span> <span class='ocrx_word' id='word_1_117' title='bbox 628 1081 636 1088; x_wconf 92' lang='lat'><strong>.</strong></span> <span class='ocrx_word' id='word_1_118' title='bbox 664 1056 711 1090; x_wconf 85' lang='lat' dir='ltr'>Et</span> <span class='ocrx_word' id='word_1_119' title='bbox 736 1058 873 1092; x_wconf 73' lang='lat' dir='ltr'>Sanctus</span> <span class='ocrx_word' id='word_1_120' title='bbox 899 1057 1081 1102; x_wconf 80' lang='lat' dir='ltr'>Gregorius</span> <span class='ocrx_word' id='word_1_121' title='bbox 1103 1057 1175 1091; x_wconf 92' lang='lat' dir='ltr'>Ma-</span> 
     </span>
     <span class='ocr_line' id='line_1_19' title="bbox 282 1105 1174 1150; baseline 0.002 -12"><span class='ocrx_word' id='word_1_122' title='bbox 282 1115 391 1149; x_wconf 79' lang='lat' dir='ltr'>gnus:</span> <span class='ocrx_word' id='word_1_123' title='bbox 419 1108 577 1149; x_wconf 76' lang='lat' dir='ltr'><em>Gregorius</em></span> <span class='ocrx_word' id='word_1_124' title='bbox 589 1105 753 1150; x_wconf 81' lang='lat' dir='ltr'><em>Episcopus</em></span> <span class='ocrx_word' id='word_1_125' title='bbox 765 1107 873 1150; x_wconf 70' lang='lat' dir='ltr'>Sanc‘lf</span> <span class='ocrx_word' id='word_1_126' title='bbox 881 1106 1035 1149; x_wconf 63' lang='lat' dir='ltr'>Catholice</span> <span class='ocrx_word' id='word_1_127' title='bbox 1056 1109 1091 1142; x_wconf 71' lang='lat'>(⁰5</span> <span class='ocrx_word' id='word_1_128' title='bbox 1101 1110 1174 1149; x_wconf 75' lang='lat' dir='ltr'>Apo-</span> 
     </span>
     <span class='ocr_line' id='line_1_20' title="bbox 274 1154 1173 1201; baseline 0.003 -14"><span class='ocrx_word' id='word_1_129' title='bbox 274 1154 372 1197; x_wconf 66' lang='lat' dir='ltr'>stolscf</span> <span class='ocrx_word' id='word_1_130' title='bbox 394 1157 530 1198; x_wconf 63' lang='lat' dir='ltr'>Romans</span> <span class='ocrx_word' id='word_1_131' title='bbox 554 1155 700 1199; x_wconf 61' lang='lat' dir='ltr'>Ecclqfig.</span> <span class='ocrx_word' id='word_1_132' title='bbox 729 1155 901 1200; x_wconf 84' lang='lat' dir='ltr'>Ejusmodi</span> <span class='ocrx_word' id='word_1_133' title='bbox 925 1158 1017 1201; x_wconf 86' lang='lat' dir='ltr'>plura</span> <span class='ocrx_word' id='word_1_134' title='bbox 1030 1157 1173 1192; x_wconf 84' lang='lat' dir='ltr'>testimo-</span> 
     </span>
     <span class='ocr_line' id='line_1_21' title="bbox 278 1204 1172 1250; baseline 0.001 -11"><span class='ocrx_word' id='word_1_135' title='bbox 278 1205 337 1239; x_wconf 85' lang='lat' dir='ltr'>nia</span> <span class='ocrx_word' id='word_1_136' title='bbox 367 1204 507 1240; x_wconf 83' lang='lat' dir='ltr'>adducit</span> <span class='ocrx_word' id='word_1_137' title='bbox 531 1216 733 1241; x_wconf 88' lang='lat' dir='ltr'>memoratus</span> <span class='ocrx_word' id='word_1_138' title='bbox 761 1207 935 1250; x_wconf 81' lang='lat' dir='ltr'>Launojus</span> <span class='ocrx_word' id='word_1_139' title='bbox 957 1231 964 1239; x_wconf 91' lang='lat'><strong><em>.</em></strong></span> <span class='ocrx_word' id='word_1_140' title='bbox 996 1207 1172 1241; x_wconf 81' lang='lat' dir='ltr'>Existimat</span> 
     </span>
     <span class='ocr_line' id='line_1_22' title="bbox 278 1254 1167 1301; baseline 0.003 -13"><span class='ocrx_word' id='word_1_141' title='bbox 278 1254 375 1289; x_wconf 77' lang='lat' dir='ltr'>fuisse</span> <span class='ocrx_word' id='word_1_142' title='bbox 397 1256 535 1290; x_wconf 89' lang='lat' dir='ltr'>titulum</span> <span class='ocrx_word' id='word_1_143' title='bbox 557 1256 651 1291; x_wconf 88' lang='lat' dir='ltr'>omni</span> <span class='ocrx_word' id='word_1_144' title='bbox 663 1267 742 1291; x_wconf 90' lang='lat' dir='ltr'>tunc</span> <span class='ocrx_word' id='word_1_145' title='bbox 755 1257 922 1301; x_wconf 84' lang='lat' dir='ltr'>Episcopo</span> <span class='ocrx_word' id='word_1_146' title='bbox 931 1268 1147 1292; x_wconf 89' lang='lat' dir='ltr'>communem</span> <span class='ocrx_word' id='word_1_147' title='bbox 1160 1282 1167 1291; x_wconf 96' lang='lat'><strong><em>.</em></strong></span> 
     </span>
     <span class='ocr_line' id='line_1_23' title="bbox 277 1302 1169 1341; baseline 0.004 -4"><span class='ocrx_word' id='word_1_148' title='bbox 277 1302 374 1338; x_wconf 88' lang='lat' dir='ltr'>Hinc</span> <span class='ocrx_word' id='word_1_149' title='bbox 396 1306 488 1339; x_wconf 88' lang='lat' dir='ltr'>enim</span> <span class='ocrx_word' id='word_1_150' title='bbox 511 1306 675 1340; x_wconf 86' lang='lat' dir='ltr'>inlitteris</span> <span class='ocrx_word' id='word_1_151' title='bbox 696 1306 738 1340; x_wconf 89' lang='lat' dir='ltr'>ad</span> <span class='ocrx_word' id='word_1_152' title='bbox 749 1305 939 1341; x_wconf 86' lang='lat' dir='ltr'>Anulinum</span> <span class='ocrx_word' id='word_1_153' title='bbox 961 1306 1169 1341; x_wconf 87' lang='lat' dir='ltr'>AfricaePro-</span> 
     </span>
     <span class='ocr_line' id='line_1_24' title="bbox 276 1353 1171 1400; baseline 0.001 -12"><span class='ocrx_word' id='word_1_154' title='bbox 276 1354 448 1388; x_wconf 84' lang='lat' dir='ltr'>consulem</span> <span class='ocrx_word' id='word_1_155' title='bbox 471 1354 652 1397; x_wconf 83' lang='lat' dir='ltr'>Imperator</span> <span class='ocrx_word' id='word_1_156' title='bbox 665 1354 908 1389; x_wconf 86' lang='lat' dir='ltr'>Constantinus</span> <span class='ocrx_word' id='word_1_157' title='bbox 928 1353 1171 1400; x_wconf 87' lang='lat' dir='ltr'>Carthaginen-</span> 
     </span>
     <span class='ocr_line' id='line_1_25' title="bbox 277 1402 1170 1448; baseline 0 -11"><span class='ocrx_word' id='word_1_158' title='bbox 277 1403 347 1437; x_wconf 86' lang='lat' dir='ltr'>sem</span> <span class='ocrx_word' id='word_1_159' title='bbox 359 1402 538 1437; x_wconf 77' lang='lat' dir='ltr'>Ecclesiam</span> <span class='ocrx_word' id='word_1_160' title='bbox 551 1413 648 1438; x_wconf 88' lang='lat' dir='ltr'>vocat</span> <span class='ocrx_word' id='word_1_161' title='bbox 659 1403 817 1447; x_wconf 81' lang='lat' dir='ltr'>Ecclefiam</span> <span class='ocrx_word' id='word_1_162' title='bbox 826 1404 1014 1439; x_wconf 79' lang='lat' dir='ltr'>Catholicam</span> <span class='ocrx_word' id='word_1_163' title='bbox 1022 1430 1033 1447; x_wconf 93' lang='lat'>,</span> <span class='ocrx_word' id='word_1_164' title='bbox 1058 1408 1107 1439; x_wconf 84' lang='lat' dir='ltr'>cui</span> <span class='ocrx_word' id='word_1_165' title='bbox 1116 1409 1170 1448; x_wconf 63' lang='lat' dir='ltr'>cf·</span> 
     </span>
     <span class='ocr_line' id='line_1_26' title="bbox 275 1452 1167 1497; baseline 0.003 -10"><span class='ocrx_word' id='word_1_166' title='bbox 275 1454 401 1487; x_wconf 68' lang='lat' dir='ltr'>cilianus</span> <span class='ocrx_word' id='word_1_167' title='bbox 410 1452 515 1497; x_wconf 62' lang='lat' dir='ltr'>prqest.</span> <span class='ocrx_word' id='word_1_168' title='bbox 545 1452 590 1488; x_wconf 88' lang='lat' dir='ltr'>Et</span> <span class='ocrx_word' id='word_1_169' title='bbox 603 1454 638 1488; x_wconf 92' lang='lat' dir='ltr'>in</span> <span class='ocrx_word' id='word_1_170' title='bbox 649 1454 767 1489; x_wconf 89' lang='lat' dir='ltr'>litteris</span> <span class='ocrx_word' id='word_1_171' title='bbox 778 1454 820 1490; x_wconf 85' lang='lat' dir='ltr'>ad</span> <span class='ocrx_word' id='word_1_172' title='bbox 832 1455 1097 1491; x_wconf 72' lang='lat' dir='ltr'>Alexandrinam</span> <span class='ocrx_word' id='word_1_173' title='bbox 1108 1456 1167 1490; x_wconf 90' lang='lat' dir='ltr'>Ec-</span> 
     </span>
     <span class='ocr_line' id='line_1_27' title="bbox 275 1503 1168 1546; baseline 0.001 -8"><span class='ocrx_word' id='word_1_174' title='bbox 275 1503 410 1538; x_wconf 76' lang='lat' dir='ltr'>clesiam</span> <span class='ocrx_word' id='word_1_175' title='bbox 430 1503 569 1537; x_wconf 86' lang='lat' dir='ltr'>Nicaena</span> <span class='ocrx_word' id='word_1_176' title='bbox 593 1503 749 1546; x_wconf 84' lang='lat' dir='ltr'>synodus</span> <span class='ocrx_word' id='word_1_177' title='bbox 789 1504 901 1538; x_wconf 84' lang='lat' dir='ltr'>laudat</span> <span class='ocrx_word' id='word_1_178' title='bbox 937 1504 1111 1538; x_wconf 67' lang='lat' dir='ltr'>catholicas</span> <span class='ocrx_word' id='word_1_179' title='bbox 1133 1507 1168 1539; x_wconf 71' lang='grc'>6·</span> 
     </span>
     <span class='ocr_line' id='line_1_28' title="bbox 276 1550 1169 1596; baseline -0.001 -8"><span class='ocrx_word' id='word_1_180' title='bbox 276 1551 453 1595; x_wconf 62' lang='lat' dir='ltr'>apostolicas</span> <span class='ocrx_word' id='word_1_181' title='bbox 474 1551 620 1593; x_wconf 78' lang='lat' dir='ltr'>Ecclefias</span> <span class='ocrx_word' id='word_1_182' title='bbox 632 1576 643 1592; x_wconf 90' lang='lat'>,</span> <span class='ocrx_word' id='word_1_183' title='bbox 668 1563 724 1595; x_wconf 64' lang='lat' dir='ltr'>quq</span> <span class='ocrx_word' id='word_1_184' title='bbox 736 1550 811 1596; x_wconf 85' lang='lat' dir='ltr'>sunt</span> <span class='ocrx_word' id='word_1_185' title='bbox 825 1551 883 1595; x_wconf 88' lang='lat' dir='ltr'>sub</span> <span class='ocrx_word' id='word_1_186' title='bbox 895 1553 1086 1589; x_wconf 87' lang='lat' dir='ltr'>Patriarcha</span> <span class='ocrx_word' id='word_1_187' title='bbox 1103 1555 1169 1587; x_wconf 77' lang='lat' dir='ltr'>Ale·</span> 
     </span>
     <span class='ocr_line' id='line_1_29' title="bbox 275 1601 1167 1647; baseline 0 -10"><span class='ocrx_word' id='word_1_188' title='bbox 275 1605 411 1638; x_wconf 58' lang='lat' dir='ltr'>sicandro.</span> <span class='ocrx_word' id='word_1_189' title='bbox 439 1602 484 1638; x_wconf 90' lang='lat' dir='ltr'>Et</span> <span class='ocrx_word' id='word_1_190' title='bbox 505 1603 542 1639; x_wconf 78' lang='lat' dir='ltr'>in</span> <span class='ocrx_word' id='word_1_191' title='bbox 555 1601 807 1647; x_wconf 82' lang='lat' dir='ltr'>Carthaginensi</span> <span class='ocrx_word' id='word_1_192' title='bbox 820 1602 1078 1638; x_wconf 78' lang='lat' dir='ltr'>catholicorum</span> <span class='ocrx_word' id='word_1_193' title='bbox 1090 1614 1167 1638; x_wconf 90' lang='lat' dir='ltr'>cum</span> 
     </span>
     <span class='ocr_line' id='line_1_30' title="bbox 272 1652 1170 1694; baseline -0.002 -5"><span class='ocrx_word' id='word_1_194' title='bbox 272 1652 465 1689; x_wconf 82' lang='lat' dir='ltr'>Donatistis</span> <span class='ocrx_word' id='word_1_195' title='bbox 489 1652 685 1687; x_wconf 87' lang='lat' dir='ltr'>Collatione</span> <span class='ocrx_word' id='word_1_196' title='bbox 707 1654 894 1694; x_wconf 88' lang='lat' dir='ltr'>frequenter</span> <span class='ocrx_word' id='word_1_197' title='bbox 915 1652 1015 1687; x_wconf 89' lang='lat' dir='ltr'>habes</span> <span class='ocrx_word' id='word_1_198' title='bbox 1038 1667 1050 1686; x_wconf 82' lang='lat'>.·</span> <span class='ocrx_word' id='word_1_199' title='bbox 1075 1657 1170 1687; x_wconf 74' lang='lat' dir='ltr'>Aure-</span> 
     </span>
     <span class='ocr_line' id='line_1_31' title="bbox 275 1700 1168 1745; baseline -0.001 -9"><span class='ocrx_word' id='word_1_200' title='bbox 275 1705 337 1739; x_wconf 68' lang='lat' dir='ltr'>lius</span> <span class='ocrx_word' id='word_1_201' title='bbox 364 1727 376 1743; x_wconf 91' lang='lat'><strong>,</strong></span> <span class='ocrx_word' id='word_1_202' title='bbox 403 1705 649 1735; x_wconf 74' lang='lat' dir='ltr'>Fortunatianus</span> <span class='ocrx_word' id='word_1_203' title='bbox 681 1725 693 1742; x_wconf 90' lang='lat'><em>,</em></span> <span class='ocrx_word' id='word_1_204' title='bbox 720 1702 776 1735; x_wconf 81' lang='lat' dir='ltr'>vel</span> <span class='ocrx_word' id='word_1_205' title='bbox 797 1701 976 1745; x_wconf 77' lang='lat' dir='ltr'>Augustinus</span> <span class='ocrx_word' id='word_1_206' title='bbox 1002 1700 1168 1744; x_wconf 72' lang='lat' dir='ltr'>Episcopus</span> 
     </span>
     <span class='ocr_line' id='line_1_32' title="bbox 272 1749 1170 1797; baseline -0.002 -11"><span class='ocrx_word' id='word_1_207' title='bbox 272 1751 429 1793; x_wconf 66' lang='lat' dir='ltr'>Cathollcf</span> <span class='ocrx_word' id='word_1_208' title='bbox 450 1750 592 1794; x_wconf 64' lang='lat' dir='ltr'>Ecclest‘q.</span> <span class='ocrx_word' id='word_1_209' title='bbox 621 1749 754 1795; x_wconf 88' lang='lat' dir='ltr'>Utique</span> <span class='ocrx_word' id='word_1_210' title='bbox 776 1761 848 1795; x_wconf 88' lang='lat' dir='ltr'>quae</span> <span class='ocrx_word' id='word_1_211' title='bbox 869 1752 916 1786; x_wconf 91' lang='lat' dir='ltr'>est</span> <span class='ocrx_word' id='word_1_212' title='bbox 941 1749 1143 1797; x_wconf 83' lang='lat' dir='ltr'>Carthagine</span> <span class='ocrx_word' id='word_1_213' title='bbox 1159 1774 1170 1792; x_wconf 95' lang='lat'>‚</span> 
     </span>
     <span class='ocr_line' id='line_1_33' title="bbox 276 1800 767 1846; baseline -0.01 -7"><span class='ocrx_word' id='word_1_214' title='bbox 276 1803 329 1839; x_wconf 89' lang='lat' dir='ltr'>vel</span> <span class='ocrx_word' id='word_1_215' title='bbox 354 1803 391 1837; x_wconf 91' lang='lat' dir='ltr'>in</span> <span class='ocrx_word' id='word_1_216' title='bbox 409 1802 523 1846; x_wconf 85' lang='lat' dir='ltr'>quavis</span> <span class='ocrx_word' id='word_1_217' title='bbox 534 1802 598 1836; x_wconf 88' lang='lat' dir='ltr'>alia</span> <span class='ocrx_word' id='word_1_218' title='bbox 610 1800 747 1837; x_wconf 88' lang='lat' dir='ltr'>civitate</span> <span class='ocrx_word' id='word_1_219' title='bbox 759 1826 767 1834; x_wconf 89' lang='lat'><strong>.</strong></span> 
     </span>
    </p>

    <p class='ocr_par' dir='ltr' id='par_1_2' title="bbox 274 1850 1171 2097">
     <span class='ocr_line' id='line_1_34' title="bbox 324 1850 1171 1901; baseline -0.002 -13"><span class='ocrx_word' id='word_1_220' title='bbox 324 1853 407 1901; x_wconf 80' lang='lat' dir='ltr'>Qo</span> <span class='ocrx_word' id='word_1_221' title='bbox 431 1851 532 1886; x_wconf 90' lang='lat' dir='ltr'>titulo</span> <span class='ocrx_word' id='word_1_222' title='bbox 555 1852 602 1887; x_wconf 88' lang='lat' dir='ltr'>usi</span> <span class='ocrx_word' id='word_1_223' title='bbox 614 1852 689 1886; x_wconf 90' lang='lat' dir='ltr'>sunt</span> <span class='ocrx_word' id='word_1_224' title='bbox 708 1852 810 1887; x_wconf 87' lang='lat' dir='ltr'>etiarn</span> <span class='ocrx_word' id='word_1_225' title='bbox 832 1850 1019 1887; x_wconf 88' lang='lat' dir='ltr'>mediorum</span> <span class='ocrx_word' id='word_1_226' title='bbox 1041 1851 1171 1887; x_wconf 84' lang='lat' dir='ltr'>saeculo-</span> 
     </span>
     <span class='ocr_line' id='line_1_35' title="bbox 274 1900 1169 1946; baseline -0.004 -7"><span class='ocrx_word' id='word_1_227' title='bbox 274 1915 350 1941; x_wconf 86' lang='lat' dir='ltr'>rum</span> <span class='ocrx_word' id='word_1_228' title='bbox 360 1901 560 1937; x_wconf 86' lang='lat' dir='ltr'>Pontifices.</span> <span class='ocrx_word' id='word_1_229' title='bbox 588 1902 724 1937; x_wconf 86' lang='lat' dir='ltr'>Etenim</span> <span class='ocrx_word' id='word_1_230' title='bbox 748 1902 912 1937; x_wconf 67' lang='lat' dir='ltr'>Romanae</span> <span class='ocrx_word' id='word_1_231' title='bbox 937 1903 1000 1937; x_wconf 84' lang='lat' dir='ltr'>suae</span> <span class='ocrx_word' id='word_1_232' title='bbox 1010 1900 1169 1946; x_wconf 87' lang='lat' dir='ltr'>Synodo,</span> 
     </span>
     <span class='ocr_line' id='line_1_36' title="bbox 275 1951 1167 1999; baseline -0.003 -10"><span class='ocrx_word' id='word_1_233' title='bbox 275 1967 342 1999; x_wconf 89' lang='lat' dir='ltr'>qua</span> <span class='ocrx_word' id='word_1_234' title='bbox 369 1953 577 1988; x_wconf 79' lang='lat' dir='ltr'>Anastafium</span> <span class='ocrx_word' id='word_1_235' title='bbox 615 1953 726 1987; x_wconf 73' lang='lat' dir='ltr'>Sanffi</span> <span class='ocrx_word' id='word_1_236' title='bbox 762 1951 917 1987; x_wconf 82' lang='lat' dir='ltr'>Marcelli</span> <span class='ocrx_word' id='word_1_237' title='bbox 954 1952 1167 1987; x_wconf 88' lang='lat' dir='ltr'>Cardinalem</span> 
     </span>
     <span class='ocr_line' id='line_1_37' title="bbox 275 2002 1166 2048; baseline -0.007 -7"><span class='ocrx_word' id='word_1_238' title='bbox 275 2002 509 2048; x_wconf 84' lang='lat' dir='ltr'>Presbyterum</span> <span class='ocrx_word' id='word_1_239' title='bbox 527 2002 717 2043; x_wconf 84' lang='lat' dir='ltr'>damnavit,</span> <span class='ocrx_word' id='word_1_240' title='bbox 746 2003 817 2037; x_wconf 89' lang='lat' dir='ltr'>Leo</span> <span class='ocrx_word' id='word_1_241' title='bbox 828 2012 959 2046; x_wconf 87' lang='lat' dir='ltr'>quartus</span> <span class='ocrx_word' id='word_1_242' title='bbox 984 2002 1166 2046; x_wconf 74' lang='lat' dir='ltr'>subscripsit</span> 
     </span>
     <span class='ocr_line' id='line_1_38' title="bbox 275 2051 1168 2097; baseline -0.007 -7"><span class='ocrx_word' id='word_1_243' title='bbox 275 2057 311 2091; x_wconf 86' lang='lat' dir='ltr'>in</span> <span class='ocrx_word' id='word_1_244' title='bbox 334 2055 423 2089; x_wconf 86' lang='lat' dir='ltr'>hunc</span> <span class='ocrx_word' id='word_1_245' title='bbox 436 2052 596 2089; x_wconf 87' lang='lat' dir='ltr'>modum:</span> <span class='ocrx_word' id='word_1_246' title='bbox 624 2057 684 2088; x_wconf 84' lang='lat' dir='ltr'>Leo</span> <span class='ocrx_word' id='word_1_247' title='bbox 700 2051 817 2097; x_wconf 73' lang='lat' dir='ltr'>sanc&#39;Jae</span> <span class='ocrx_word' id='word_1_248' title='bbox 828 2052 991 2087; x_wconf 82' lang='lat' dir='ltr'>Catholicae</span> <span class='ocrx_word' id='word_1_249' title='bbox 1009 2054 1044 2087; x_wconf 61' lang='grc' dir='ltr'>ὑ</span> <span class='ocrx_word' id='word_1_250' title='bbox 1056 2051 1168 2094; x_wconf 78' lang='lat' dir='ltr'>Aposto-</span> 
     </span>
    </p>
   </div>
   <div class='ocr_carea' id='block_1_2' title="bbox 274 2100 1168 2192">
    <p class='ocr_par' dir='ltr' id='par_1_3' title="bbox 274 2100 1168 2192">
     <span class='ocr_line' id='line_1_39' title="bbox 274 2100 1168 2145; baseline -0.007 -5"><span class='ocrx_word' id='word_1_251' title='bbox 274 2108 340 2141; x_wconf 74' lang='lat' dir='ltr'>licae</span> <span class='ocrx_word' id='word_1_252' title='bbox 361 2108 509 2138; x_wconf 84' lang='lat' dir='ltr'>Romanae</span> <span class='ocrx_word' id='word_1_253' title='bbox 519 2102 655 2144; x_wconf 80' lang='lat' dir='ltr'>Ecclefiae</span> <span class='ocrx_word' id='word_1_254' title='bbox 669 2111 803 2145; x_wconf 64' lang='lat' dir='ltr'>,quartus</span> <span class='ocrx_word' id='word_1_255' title='bbox 830 2100 999 2144; x_wconf 74' lang='lat' dir='ltr'>Episcopus</span> <span class='ocrx_word' id='word_1_256' title='bbox 1013 2126 1021 2134; x_wconf 93' lang='lat'><em>.</em></span> <span class='ocrx_word' id='word_1_257' title='bbox 1049 2103 1094 2136; x_wconf 91' lang='lat' dir='ltr'>Et</span> <span class='ocrx_word' id='word_1_258' title='bbox 1105 2103 1168 2135; x_wconf 83' lang='lat' dir='ltr'>suae</span> 
     </span>
     <span class='ocr_line' id='line_1_40' title="bbox 274 2149 1164 2192; baseline -0.009 -2"><span class='ocrx_word' id='word_1_259' title='bbox 274 2154 426 2191; x_wconf 79' lang='lat' dir='ltr'>adversus</span> <span class='ocrx_word' id='word_1_260' title='bbox 445 2152 607 2187; x_wconf 88' lang='lat' dir='ltr'>Photium</span> <span class='ocrx_word' id='word_1_261' title='bbox 629 2149 769 2192; x_wconf 87' lang='lat' dir='ltr'>Synodo</span> <span class='ocrx_word' id='word_1_262' title='bbox 790 2149 959 2185; x_wconf 85' lang='lat' dir='ltr'>Adrianus</span> <span class='ocrx_word' id='word_1_263' title='bbox 982 2149 1164 2184; x_wconf 87' lang='lat' dir='ltr'>secundus:</span> 
     </span>
    </p>
   </div>
   <div class='ocr_carea' id='block_1_3' title="bbox 114 2199 1174 3503">
    <p class='ocr_par' dir='ltr' id='par_1_4' title="bbox 114 2199 1174 3503">
     <span class='ocr_line' id='line_1_41' title="bbox 272 2199 1166 2245; baseline -0.007 -5"><span class='ocrx_word' id='word_1_264' title='bbox 272 2205 430 2240; x_wconf 70' lang='lat' dir='ltr'>Adrianus</span> <span class='ocrx_word' id='word_1_265' title='bbox 453 2199 623 2245; x_wconf 67' lang='lat' dir='ltr'>Episcopus</span> <span class='ocrx_word' id='word_1_266' title='bbox 639 2199 756 2245; x_wconf 62' lang='lat' dir='ltr'>santqae</span> <span class='ocrx_word' id='word_1_267' title='bbox 776 2203 921 2234; x_wconf 83' lang='lat' dir='ltr'>Romanae</span> <span class='ocrx_word' id='word_1_268' title='bbox 941 2200 1104 2234; x_wconf 81' lang='lat' dir='ltr'>Catholicae</span> <span class='ocrx_word' id='word_1_269' title='bbox 1131 2201 1166 2234; x_wconf 60' lang='grc' dir='ltr'>(τ</span> 
     </span>
     <span class='ocr_line' id='line_1_42' title="bbox 275 2250 1166 2298; baseline -0.003 -12"><span class='ocrx_word' id='word_1_270' title='bbox 275 2253 442 2298; x_wconf 69' lang='lat' dir='ltr'>Apostollcae</span> <span class='ocrx_word' id='word_1_271' title='bbox 463 2250 620 2294; x_wconf 82' lang='lat' dir='ltr'>Ecclefiae.</span> <span class='ocrx_word' id='word_1_272' title='bbox 648 2251 692 2285; x_wconf 89' lang='lat' dir='ltr'>Et</span> <span class='ocrx_word' id='word_1_273' title='bbox 702 2250 897 2286; x_wconf 82' lang='lat' dir='ltr'>Tricaffinae</span> <span class='ocrx_word' id='word_1_274' title='bbox 919 2251 1058 2293; x_wconf 88' lang='lat' dir='ltr'>Synodo</span> <span class='ocrx_word' id='word_1_275' title='bbox 1072 2251 1166 2293; x_wconf 83' lang='lat' dir='ltr'>Ioan-</span> 
     </span>
     <span class='ocr_line' id='line_1_43' title="bbox 276 2299 1164 2348; baseline -0.01 -7"><span class='ocrx_word' id='word_1_276' title='bbox 276 2316 336 2341; x_wconf 85' lang='lat' dir='ltr'>nes</span> <span class='ocrx_word' id='word_1_277' title='bbox 346 2305 498 2339; x_wconf 67' lang='lat' dir='ltr'>ostavus:</span> <span class='ocrx_word' id='word_1_278' title='bbox 518 2305 664 2348; x_wconf 78' lang='lat' dir='ltr'>Joannes</span> <span class='ocrx_word' id='word_1_279' title='bbox 673 2299 838 2342; x_wconf 76' lang='lat' dir='ltr'>Apostolicae</span> <span class='ocrx_word' id='word_1_280' title='bbox 848 2303 993 2333; x_wconf 80' lang='lat' dir='ltr'>Romame</span> <span class='ocrx_word' id='word_1_281' title='bbox 1005 2299 1140 2341; x_wconf 80' lang='lat' dir='ltr'>Ecclefiae</span> <span class='ocrx_word' id='word_1_282' title='bbox 1153 2323 1164 2340; x_wconf 89' lang='lat'>,</span> 
     </span>
     <span class='ocr_line' id='line_1_44' title="bbox 273 2347 1164 2398; baseline -0.008 -9"><span class='ocrx_word' id='word_1_283' title='bbox 273 2360 386 2398; x_wconf 79' lang='lat' dir='ltr'>primae</span> <span class='ocrx_word' id='word_1_284' title='bbox 415 2354 500 2387; x_wconf 74' lang='lat' dir='ltr'>Sedis</span> <span class='ocrx_word' id='word_1_285' title='bbox 524 2376 534 2392; x_wconf 91' lang='lat'>,</span> <span class='ocrx_word' id='word_1_286' title='bbox 563 2347 729 2394; x_wconf 81' lang='lat' dir='ltr'>Episcopus</span> <span class='ocrx_word' id='word_1_287' title='bbox 751 2375 758 2383; x_wconf 91' lang='lat'><strong>.</strong></span> <span class='ocrx_word' id='word_1_288' title='bbox 786 2351 832 2384; x_wconf 91' lang='lat' dir='ltr'>Et</span> <span class='ocrx_word' id='word_1_289' title='bbox 858 2351 994 2394; x_wconf 85' lang='lat' dir='ltr'>antiqua</span> <span class='ocrx_word' id='word_1_290' title='bbox 1016 2349 1164 2384; x_wconf 88' lang='lat' dir='ltr'>Romani</span> 
     </span>
     <span class='ocr_line' id='line_1_45' title="bbox 277 2398 1165 2445; baseline -0.008 -6"><span class='ocrx_word' id='word_1_291' title='bbox 277 2403 456 2439; x_wconf 87' lang='lat' dir='ltr'>Pontificis</span> <span class='ocrx_word' id='word_1_292' title='bbox 477 2400 628 2445; x_wconf 81' lang='lat' dir='ltr'>profeffio</span> <span class='ocrx_word' id='word_1_293' title='bbox 650 2399 769 2435; x_wconf 85' lang='lat' dir='ltr'>habet:</span> <span class='ocrx_word' id='word_1_294' title='bbox 796 2399 963 2444; x_wconf 81' lang='lat' dir='ltr'><em>Episcopus</em></span> <span class='ocrx_word' id='word_1_295' title='bbox 979 2398 1097 2444; x_wconf 66' lang='lat' dir='ltr'>sanblae</span> <span class='ocrx_word' id='word_1_296' title='bbox 1107 2403 1165 2432; x_wconf 88' lang='lat' dir='ltr'>Ca·</span> 
     </span>
     <span class='ocr_line' id='line_1_46' title="bbox 276 2449 1163 2495; baseline -0.006 -6"><span class='ocrx_word' id='word_1_297' title='bbox 276 2454 382 2495; x_wconf 66' lang='lat' dir='ltr'>tholicg</span> <span class='ocrx_word' id='word_1_298' title='bbox 402 2461 492 2495; x_wconf 79' lang='lat' dir='ltr'>atque</span> <span class='ocrx_word' id='word_1_299' title='bbox 503 2450 656 2493; x_wconf 56' lang='lat' dir='ltr'>apostolice</span> <span class='ocrx_word' id='word_1_300' title='bbox 677 2449 801 2492; x_wconf 65' lang='lat' dir='ltr'>Ecclefig</span> <span class='ocrx_word' id='word_1_301' title='bbox 813 2451 897 2484; x_wconf 69' lang='lat' dir='ltr'>urbis</span> <span class='ocrx_word' id='word_1_302' title='bbox 909 2453 1001 2491; x_wconf 60' lang='lat' dir='ltr'>Rome</span> <span class='ocrx_word' id='word_1_303' title='bbox 1011 2475 1018 2482; x_wconf 94' lang='lat'><strong>.</strong></span> <span class='ocrx_word' id='word_1_304' title='bbox 1046 2450 1096 2484; x_wconf 90' lang='lat' dir='ltr'>Ita</span> <span class='ocrx_word' id='word_1_305' title='bbox 1107 2461 1163 2494; x_wconf 90' lang='lat' dir='ltr'>per</span> 
     </span>
     <span class='ocr_line' id='line_1_47' title="bbox 276 2499 1170 2544; baseline -0.007 -5"><span class='ocrx_word' id='word_1_306' title='bbox 276 2504 371 2540; x_wconf 87' lang='lat' dir='ltr'>mille</span> <span class='ocrx_word' id='word_1_307' title='bbox 381 2513 488 2538; x_wconf 88' lang='lat' dir='ltr'>annos</span> <span class='ocrx_word' id='word_1_308' title='bbox 499 2502 646 2537; x_wconf 88' lang='lat' dir='ltr'>Romani</span> <span class='ocrx_word' id='word_1_309' title='bbox 659 2499 842 2536; x_wconf 87' lang='lat' dir='ltr'>Pontifices</span> <span class='ocrx_word' id='word_1_310' title='bbox 861 2501 1051 2544; x_wconf 86' lang='lat' dir='ltr'>semetipsos</span> <span class='ocrx_word' id='word_1_311' title='bbox 1063 2500 1170 2535; x_wconf 87' lang='lat' dir='ltr'>titula-</span> 
     </span>
     <span class='ocr_line' id='line_1_48' title="bbox 276 2549 1169 2595; baseline -0.001 -9"><span class='ocrx_word' id='word_1_312' title='bbox 276 2563 355 2590; x_wconf 79' lang='lat' dir='ltr'>runt</span> <span class='ocrx_word' id='word_1_313' title='bbox 366 2579 373 2586; x_wconf 90' lang='lat'><em>.</em></span> <span class='ocrx_word' id='word_1_314' title='bbox 397 2553 447 2588; x_wconf 79' lang='lat' dir='ltr'>At</span> <span class='ocrx_word' id='word_1_315' title='bbox 459 2550 538 2586; x_wconf 69' lang='lat' dir='ltr'>vero</span> <span class='ocrx_word' id='word_1_316' title='bbox 553 2552 693 2595; x_wconf 84' lang='lat' dir='ltr'>Ioannes</span> <span class='ocrx_word' id='word_1_317' title='bbox 701 2549 891 2585; x_wconf 88' lang='lat' dir='ltr'>Monachus</span> <span class='ocrx_word' id='word_1_318' title='bbox 901 2551 1066 2586; x_wconf 88' lang='lat' dir='ltr'>Besuensis</span> <span class='ocrx_word' id='word_1_319' title='bbox 1076 2552 1110 2585; x_wconf 90' lang='lat' dir='ltr'>in</span> <span class='ocrx_word' id='word_1_320' title='bbox 1121 2551 1169 2585; x_wconf 88' lang='lat' dir='ltr'>sui</span> 
     </span>
     <span class='ocr_line' id='line_1_49' title="bbox 278 2599 1169 2644; baseline -0.004 -4"><span class='ocrx_word' id='word_1_321' title='bbox 278 2602 440 2640; x_wconf 86' lang='lat' dir='ltr'>Coenobii</span> <span class='ocrx_word' id='word_1_322' title='bbox 461 2600 637 2637; x_wconf 87' lang='lat' dir='ltr'>Chronico</span> <span class='ocrx_word' id='word_1_323' title='bbox 661 2601 758 2636; x_wconf 86' lang='lat' dir='ltr'>refert</span> <span class='ocrx_word' id='word_1_324' title='bbox 786 2599 952 2644; x_wconf 88' lang='lat' dir='ltr'>Stephano</span> <span class='ocrx_word' id='word_1_325' title='bbox 972 2599 1098 2636; x_wconf 82' lang='lat' dir='ltr'>Abbati</span> <span class='ocrx_word' id='word_1_326' title='bbox 1115 2599 1169 2636; x_wconf 89' lang='lat' dir='ltr'>da-</span> 
     </span>
     <span class='ocr_line' id='line_1_50' title="bbox 276 2649 1170 2698; baseline -0.004 -8"><span class='ocrx_word' id='word_1_327' title='bbox 276 2663 351 2690; x_wconf 90' lang='lat' dir='ltr'>tum</span> <span class='ocrx_word' id='word_1_328' title='bbox 379 2650 590 2698; x_wconf 88' lang='lat' dir='ltr'>privilegium</span> <span class='ocrx_word' id='word_1_329' title='bbox 612 2676 624 2693; x_wconf 91' lang='lat'>‚</span> <span class='ocrx_word' id='word_1_330' title='bbox 656 2651 712 2685; x_wconf 91' lang='lat' dir='ltr'>cui</span> <span class='ocrx_word' id='word_1_331' title='bbox 738 2649 902 2685; x_wconf 72' lang='lat' dir='ltr'>Paschalis</span> <span class='ocrx_word' id='word_1_332' title='bbox 940 2652 1098 2686; x_wconf 90' lang='lat' dir='ltr'>secundus</span> <span class='ocrx_word' id='word_1_333' title='bbox 1123 2652 1170 2686; x_wconf 90' lang='lat' dir='ltr'>ita</span> 
     </span>
     <span class='ocr_line' id='line_1_51' title="bbox 276 2699 1170 2748; baseline -0.006 -8"><span class='ocrx_word' id='word_1_334' title='bbox 276 2703 478 2748; x_wconf 74' lang='lat' dir='ltr'>subscripsit:</span> <span class='ocrx_word' id='word_1_335' title='bbox 507 2705 575 2747; x_wconf 81' lang='lat' dir='ltr'>Ego</span> <span class='ocrx_word' id='word_1_336' title='bbox 596 2700 755 2745; x_wconf 61' lang='lat' dir='ltr'>Pasa-halis</span> <span class='ocrx_word' id='word_1_337' title='bbox 776 2699 942 2745; x_wconf 63' lang='lat' dir='ltr'>Epfiopus</span> <span class='ocrx_word' id='word_1_338' title='bbox 955 2702 1104 2745; x_wconf 54' lang='lat' dir='ltr'>catholice</span> <span class='ocrx_word' id='word_1_339' title='bbox 1114 2704 1170 2735; x_wconf 85' lang='lat' dir='ltr'>Ec·</span> 
     </span>
     <span class='ocr_line' id='line_1_52' title="bbox 277 2750 1170 2797; baseline -0.004 -6"><span class='ocrx_word' id='word_1_340' title='bbox 277 2754 357 2797; x_wconf 62' lang='lat' dir='ltr'>clefif</span> <span class='ocrx_word' id='word_1_341' title='bbox 369 2780 376 2788; x_wconf 94' lang='lat'>.</span> <span class='ocrx_word' id='word_1_342' title='bbox 405 2753 450 2788; x_wconf 92' lang='lat' dir='ltr'>Et</span> <span class='ocrx_word' id='word_1_343' title='bbox 461 2751 620 2787; x_wconf 88' lang='lat' dir='ltr'>Berardus</span> <span class='ocrx_word' id='word_1_344' title='bbox 646 2752 866 2787; x_wconf 86' lang='lat' dir='ltr'>Casauriensis</span> <span class='ocrx_word' id='word_1_345' title='bbox 875 2750 1064 2786; x_wconf 89' lang='lat' dir='ltr'>Monachus</span> <span class='ocrx_word' id='word_1_346' title='bbox 1075 2752 1170 2788; x_wconf 87' lang='lat' dir='ltr'>refert</span> 
     </span>
     <span class='ocr_line' id='line_1_53' title="bbox 279 2800 1173 2848; baseline -0.002 -8"><span class='ocrx_word' id='word_1_347' title='bbox 279 2807 332 2840; x_wconf 86' lang='lat' dir='ltr'>sui</span> <span class='ocrx_word' id='word_1_348' title='bbox 353 2803 514 2839; x_wconf 90' lang='lat' dir='ltr'>Coenobii</span> <span class='ocrx_word' id='word_1_349' title='bbox 534 2801 744 2848; x_wconf 88' lang='lat' dir='ltr'>privilegium</span> <span class='ocrx_word' id='word_1_350' title='bbox 762 2813 840 2837; x_wconf 89' lang='lat' dir='ltr'>cum</span> <span class='ocrx_word' id='word_1_351' title='bbox 857 2800 920 2836; x_wconf 85' lang='lat' dir='ltr'>hac</span> <span class='ocrx_word' id='word_1_352' title='bbox 939 2801 1173 2846; x_wconf 86' lang='lat' dir='ltr'>subscriptione</span> 
     </span>
     <span class='ocr_line' id='line_1_54' title="bbox 281 2852 1171 2896; baseline -0.004 -7"><span class='ocrx_word' id='word_1_353' title='bbox 281 2854 412 2891; x_wconf 82' lang='lat' dir='ltr'>Calixti</span> <span class='ocrx_word' id='word_1_354' title='bbox 434 2853 589 2889; x_wconf 89' lang='lat' dir='ltr'>secundi:</span> <span class='ocrx_word' id='word_1_355' title='bbox 618 2854 765 2887; x_wconf 83' lang='lat' dir='ltr'>Calixtus</span> <span class='ocrx_word' id='word_1_356' title='bbox 786 2852 940 2894; x_wconf 59' lang='lat' dir='ltr'>catholice</span> <span class='ocrx_word' id='word_1_357' title='bbox 961 2853 1086 2896; x_wconf 65' lang='lat' dir='ltr'>Ecclefiq</span> <span class='ocrx_word' id='word_1_358' title='bbox 1097 2857 1171 2896; x_wconf 78' lang='lat' dir='ltr'>Epi-</span> 
     </span>
     <span class='ocr_line' id='line_1_55' title="bbox 279 2902 1173 2950; baseline -0.002 -11"><span class='ocrx_word' id='word_1_359' title='bbox 279 2903 385 2950; x_wconf 87' lang='lat' dir='ltr'><em>scopus</em></span> <span class='ocrx_word' id='word_1_360' title='bbox 395 2929 403 2937; x_wconf 89' lang='lat'><strong>.</strong></span> <span class='ocrx_word' id='word_1_361' title='bbox 433 2904 478 2938; x_wconf 91' lang='lat' dir='ltr'>Et</span> <span class='ocrx_word' id='word_1_362' title='bbox 490 2903 583 2940; x_wconf 87' lang='lat' dir='ltr'>aliud</span> <span class='ocrx_word' id='word_1_363' title='bbox 594 2915 670 2939; x_wconf 90' lang='lat' dir='ltr'>cum</span> <span class='ocrx_word' id='word_1_364' title='bbox 681 2902 796 2938; x_wconf 87' lang='lat' dir='ltr'>eadem</span> <span class='ocrx_word' id='word_1_365' title='bbox 810 2902 1048 2947; x_wconf 86' lang='lat' dir='ltr'>subscriptione</span> <span class='ocrx_word' id='word_1_366' title='bbox 1058 2903 1173 2938; x_wconf 85' lang='lat' dir='ltr'>Adria-</span> 
     </span>
     <span class='ocr_line' id='line_1_56' title="bbox 282 2952 1172 3000; baseline -0.004 -9"><span class='ocrx_word' id='word_1_367' title='bbox 282 2955 322 2991; x_wconf 92' lang='lat' dir='ltr'>ni</span> <span class='ocrx_word' id='word_1_368' title='bbox 346 2955 454 3000; x_wconf 89' lang='lat' dir='ltr'>quarti</span> <span class='ocrx_word' id='word_1_369' title='bbox 480 2980 488 2987; x_wconf 94' lang='lat'>.</span> <span class='ocrx_word' id='word_1_370' title='bbox 514 2953 645 2990; x_wconf 88' lang='lat' dir='ltr'>Similes</span> <span class='ocrx_word' id='word_1_371' title='bbox 667 2952 812 2999; x_wconf 87' lang='lat' dir='ltr'>Eugenii</span> <span class='ocrx_word' id='word_1_372' title='bbox 837 2952 929 2987; x_wconf 87' lang='lat' dir='ltr'>tertii</span> <span class='ocrx_word' id='word_1_373' title='bbox 952 2952 988 2986; x_wconf 74' lang='grc' dir='ltr'>ἀ</span> <span class='ocrx_word' id='word_1_374' title='bbox 1009 2953 1172 2988; x_wconf 80' lang='lat' dir='ltr'>Anastafii</span> 
     </span>
     <span class='ocr_line' id='line_1_57' title="bbox 284 3001 1173 3050; baseline -0.001 -11"><span class='ocrx_word' id='word_1_375' title='bbox 284 3005 394 3050; x_wconf 82' lang='lat' dir='ltr'>quarti</span> <span class='ocrx_word' id='word_1_376' title='bbox 404 3004 657 3049; x_wconf 85' lang='lat' dir='ltr'>subscriptiones</span> <span class='ocrx_word' id='word_1_377' title='bbox 669 3002 769 3039; x_wconf 91' lang='lat' dir='ltr'>habes</span> <span class='ocrx_word' id='word_1_378' title='bbox 779 3003 813 3037; x_wconf 88' lang='lat' dir='ltr'>in</span> <span class='ocrx_word' id='word_1_379' title='bbox 825 3001 1082 3047; x_wconf 82' lang='lat' dir='ltr'>diplomatibus,</span> <span class='ocrx_word' id='word_1_380' title='bbox 1103 3015 1173 3048; x_wconf 77' lang='lat' dir='ltr'>quae</span> 
     </span>
     <span class='ocr_line' id='line_1_58' title="bbox 114 3051 1172 3098; baseline -0.005 -4"><span class='ocrx_word' id='word_1_381' title='bbox 114 3066 214 3098; x_wconf 80' lang='lat' dir='ltr'>1..8.c.</span> <span class='ocrx_word' id='word_1_382' title='bbox 227 3071 271 3096; x_wconf 84' lang='lat'>²7·</span> <span class='ocrx_word' id='word_1_383' title='bbox 285 3066 328 3091; x_wconf 85' lang='lat' dir='ltr'>ex</span> <span class='ocrx_word' id='word_1_384' title='bbox 346 3054 530 3089; x_wconf 84' lang='lat' dir='ltr'>Sarlatensis</span> <span class='ocrx_word' id='word_1_385' title='bbox 551 3054 700 3089; x_wconf 79' lang='lat' dir='ltr'>Ecclefiae</span> <span class='ocrx_word' id='word_1_386' title='bbox 722 3051 874 3089; x_wconf 88' lang='lat' dir='ltr'>Archivo</span> <span class='ocrx_word' id='word_1_387' title='bbox 896 3053 1034 3097; x_wconf 88' lang='lat' dir='ltr'>protulit</span> <span class='ocrx_word' id='word_1_388' title='bbox 1048 3077 1060 3095; x_wconf 87' lang='lat'>,</span> <span class='ocrx_word' id='word_1_389' title='bbox 1085 3053 1172 3089; x_wconf 88' lang='lat' dir='ltr'>&amp;ad</span> 
     </span>
     <span class='ocr_line' id='line_1_59' title="bbox 286 3102 1174 3148; baseline -0.001 -8"><span class='ocrx_word' id='word_1_390' title='bbox 286 3105 377 3140; x_wconf 91' lang='lat' dir='ltr'>Petri</span> <span class='ocrx_word' id='word_1_391' title='bbox 395 3103 438 3138; x_wconf 81' lang='lat' dir='ltr'>de</span> <span class='ocrx_word' id='word_1_392' title='bbox 449 3103 563 3138; x_wconf 85' lang='lat' dir='ltr'>Marca</span> <span class='ocrx_word' id='word_1_393' title='bbox 584 3116 669 3148; x_wconf 89' lang='lat' dir='ltr'>opus</span> <span class='ocrx_word' id='word_1_394' title='bbox 690 3103 846 3147; x_wconf 85' lang='lat' dir='ltr'>adjunxit</span> <span class='ocrx_word' id='word_1_395' title='bbox 866 3102 1051 3146; x_wconf 88' lang='lat' dir='ltr'>Stephanus</span> <span class='ocrx_word' id='word_1_396' title='bbox 1074 3103 1174 3139; x_wconf 85' lang='lat' dir='ltr'>Baln-</span> 
     </span>
     <span class='ocr_line' id='line_1_60' title="bbox 287 3151 1173 3201; baseline -0.002 -10"><span class='ocrx_word' id='word_1_397' title='bbox 287 3155 375 3191; x_wconf 88' lang='lat' dir='ltr'>zius.</span> <span class='ocrx_word' id='word_1_398' title='bbox 407 3151 495 3201; x_wconf 85' lang='lat' dir='ltr'>Qis</span> <span class='ocrx_word' id='word_1_399' title='bbox 514 3154 655 3197; x_wconf 87' lang='lat' dir='ltr'>ipsarum</span> <span class='ocrx_word' id='word_1_400' title='bbox 675 3155 712 3189; x_wconf 88' lang='lat' dir='ltr'>sit</span> <span class='ocrx_word' id='word_1_401' title='bbox 734 3154 858 3198; x_wconf 88' lang='lat' dir='ltr'>primus</span> <span class='ocrx_word' id='word_1_402' title='bbox 869 3152 1018 3195; x_wconf 67' lang='lat' dir='ltr'>Auster,</span> <span class='ocrx_word' id='word_1_403' title='bbox 1044 3155 1130 3189; x_wconf 89' lang='lat' dir='ltr'>&amp;an</span> <span class='ocrx_word' id='word_1_404' title='bbox 1145 3155 1173 3189; x_wconf 85' lang='lat' dir='ltr'>is</span> 
     </span>
     <span class='ocr_line' id='line_1_61' title="bbox 288 3202 1174 3252; baseline 0 -12"><span class='ocrx_word' id='word_1_405' title='bbox 288 3207 327 3240; x_wconf 87' lang='lat' dir='ltr'>sit</span> <span class='ocrx_word' id='word_1_406' title='bbox 347 3203 512 3250; x_wconf 84' lang='lat' dir='ltr'>Gregorio</span> <span class='ocrx_word' id='word_1_407' title='bbox 533 3204 670 3248; x_wconf 90' lang='lat' dir='ltr'>septimo</span> <span class='ocrx_word' id='word_1_408' title='bbox 692 3204 839 3240; x_wconf 91' lang='lat' dir='ltr'>anterior</span> <span class='ocrx_word' id='word_1_409' title='bbox 858 3228 870 3246; x_wconf 91' lang='lat'>‚</span> <span class='ocrx_word' id='word_1_410' title='bbox 896 3202 1038 3249; x_wconf 90' lang='lat' dir='ltr'>ignoro.</span> <span class='ocrx_word' id='word_1_411' title='bbox 1066 3204 1174 3252; x_wconf 71' lang='lat' dir='ltr'>Qud·</span> 
     </span>
     <span class='ocr_line' id='line_1_62' title="bbox 287 3253 1173 3300; baseline 0 -10"><span class='ocrx_word' id='word_1_412' title='bbox 287 3255 372 3300; x_wconf 85' lang='lat' dir='ltr'>quid</span> <span class='ocrx_word' id='word_1_413' title='bbox 388 3255 448 3296; x_wconf 85' lang='lat' dir='ltr'>sit,</span> <span class='ocrx_word' id='word_1_414' title='bbox 474 3265 527 3288; x_wconf 91' lang='lat' dir='ltr'>eas</span> <span class='ocrx_word' id='word_1_415' title='bbox 553 3254 710 3299; x_wconf 81' lang='lat' dir='ltr'>legitimo</span> <span class='ocrx_word' id='word_1_416' title='bbox 728 3254 799 3298; x_wconf 85' lang='lat' dir='ltr'>jure</span> <span class='ocrx_word' id='word_1_417' title='bbox 819 3253 910 3300; x_wconf 76' lang='lat' dir='ltr'>posse</span> <span class='ocrx_word' id='word_1_418' title='bbox 931 3254 1002 3290; x_wconf 88' lang='lat' dir='ltr'>fieri</span> <span class='ocrx_word' id='word_1_419' title='bbox 1022 3255 1173 3291; x_wconf 90' lang='lat' dir='ltr'>laudatus</span> 
     </span>
     <span class='ocr_line' id='line_1_63' title="bbox 289 3302 688 3350; baseline -0.01 -10"><span class='ocrx_word' id='word_1_420' title='bbox 289 3304 473 3350; x_wconf 85' lang='lat' dir='ltr'>Gregorius</span> <span class='ocrx_word' id='word_1_421' title='bbox 483 3302 538 3339; x_wconf 83' lang='lat' dir='ltr'>hic</span> <span class='ocrx_word' id='word_1_422' title='bbox 550 3304 670 3339; x_wconf 76' lang='lat' dir='ltr'>definit</span> <span class='ocrx_word' id='word_1_423' title='bbox 680 3329 688 3336; x_wconf 91' lang='lat'>.</span> 
     </span>
     <span class='ocr_line' id='line_1_64' title="bbox 342 3352 1173 3400; baseline -0.001 -10"><span class='ocrx_word' id='word_1_424' title='bbox 342 3355 387 3390; x_wconf 86' lang='lat' dir='ltr'>Et</span> <span class='ocrx_word' id='word_1_425' title='bbox 397 3353 530 3395; x_wconf 76' lang='lat' dir='ltr'>merito,</span> <span class='ocrx_word' id='word_1_426' title='bbox 541 3364 579 3389; x_wconf 91' lang='lat' dir='ltr'>ac</span> <span class='ocrx_word' id='word_1_427' title='bbox 591 3352 683 3389; x_wconf 72' lang='lat' dir='ltr'>reste.</span> <span class='ocrx_word' id='word_1_428' title='bbox 707 3353 844 3390; x_wconf 87' lang='lat' dir='ltr'>Etenim</span> <span class='ocrx_word' id='word_1_429' title='bbox 859 3354 935 3390; x_wconf 76' lang='lat' dir='ltr'>licet</span> <span class='ocrx_word' id='word_1_430' title='bbox 948 3354 1073 3400; x_wconf 87' lang='lat' dir='ltr'>antiqui</span> <span class='ocrx_word' id='word_1_431' title='bbox 1085 3356 1173 3391; x_wconf 87' lang='lat' dir='ltr'>Pon-</span> 
     </span>
     <span class='ocr_line' id='line_1_65' title="bbox 291 3402 1172 3450; baseline -0.001 -9"><span class='ocrx_word' id='word_1_432' title='bbox 291 3405 397 3441; x_wconf 86' lang='lat' dir='ltr'>tifices</span> <span class='ocrx_word' id='word_1_433' title='bbox 411 3415 593 3448; x_wconf 84' lang='lat' dir='ltr'>numquam</span> <span class='ocrx_word' id='word_1_434' title='bbox 612 3402 729 3439; x_wconf 78' lang='lat' dir='ltr'>diserte</span> <span class='ocrx_word' id='word_1_435' title='bbox 746 3405 911 3440; x_wconf 90' lang='lat' dir='ltr'>voluerint</span> <span class='ocrx_word' id='word_1_436' title='bbox 933 3406 1119 3450; x_wconf 86' lang='lat' dir='ltr'>semetipsos</span> <span class='ocrx_word' id='word_1_437' title='bbox 1135 3405 1172 3440; x_wconf 92' lang='lat' dir='ltr'>ti·</span> 
     </span>
     <span class='ocr_line' id='line_1_66' title="bbox 291 3455 1173 3503; baseline 0.001 -13"><span class='ocrx_word' id='word_1_438' title='bbox 291 3455 396 3494; x_wconf 84' lang='lat' dir='ltr'>tulare</span> <span class='ocrx_word' id='word_1_439' title='bbox 417 3455 615 3492; x_wconf 78' lang='lat' dir='ltr'>universales</span> <span class='ocrx_word' id='word_1_440' title='bbox 635 3455 839 3502; x_wconf 82' lang='lat' dir='ltr'>Episcopus,</span> <span class='ocrx_word' id='word_1_441' title='bbox 863 3456 1119 3503; x_wconf 71' lang='lat' dir='ltr'>frequentissime</span> <span class='ocrx_word' id='word_1_442' title='bbox 1129 3464 1173 3491; x_wconf 87' lang='lat' dir='ltr'>ta-</span> 
     </span>
    </p>
   </div>
   <div class='ocr_carea' id='block_1_4' title="bbox 113 613 183 646">
    <p class='ocr_par' dir='ltr' id='par_1_5' title="bbox 113 613 183 646">
     <span class='ocr_line' id='line_1_67' title="bbox 113 613 183 646; baseline -0.014 0"><span class='ocrx_word' id='word_1_443' title='bbox 113 613 183 646; x_wconf 66' lang='lat' dir='ltr'>Act.</span> 
     </span>
    </p>
   </div>
   <div class='ocr_carea' id='block_1_5' title="bbox 108 2718 245 2751">
    <p class='ocr_par' dir='ltr' id='par_1_6' title="bbox 108 2718 245 2751">
     <span class='ocr_line' id='line_1_68' title="bbox 108 2718 245 2751; baseline 0 -5"><span class='ocrx_word' id='word_1_444' title='bbox 108 2718 142 2751; x_wconf 71' lang='grc' dir='ltr'>Α.</span> <span class='ocrx_word' id='word_1_445' title='bbox 159 2718 245 2748; x_wconf 79' lang='lat'><strong>1108·</strong></span> 
     </span>
    </p>
   </div>
   <div class='ocr_carea' id='block_1_6' title="bbox 1173 255 1204 1772">
    <p class='ocr_par' dir='ltr' id='par_1_7' title="bbox 1173 255 1204 1772">
     <span class='ocr_line' id='line_1_69' title="bbox 1186 255 1204 429; baseline 0 0"><span class='ocrx_word' id='word_1_446' title='bbox 1186 255 1204 429; x_wconf 95' lang='lat' dir='ltr'>    </span> 
     </span>
     <span class='ocr_line' id='line_1_70' title="bbox 1184 429 1200 517; baseline 0 3239"><span class='ocrx_word' id='word_1_447' title='bbox 1184 429 1200 517; x_wconf 95' lang='lat' dir='ltr'> </span> 
     </span>
     <span class='ocr_line' id='line_1_71' title="bbox 1183 517 1200 720; baseline 0 0"><span class='ocrx_word' id='word_1_448' title='bbox 1183 517 1200 720; x_wconf 95' lang='lat' dir='ltr'>    </span> 
     </span>
     <span class='ocr_line' id='line_1_72' title="bbox 1181 720 1196 871; baseline 0 -98"><span class='ocrx_word' id='word_1_449' title='bbox 1181 720 1196 871; x_wconf 95' lang='lat' dir='ltr'>   </span> 
     </span>
     <span class='ocr_line' id='line_1_73' title="bbox 1178 880 1195 1073; baseline 0 -50"><span class='ocrx_word' id='word_1_450' title='bbox 1178 880 1195 1073; x_wconf 95' lang='lat' dir='ltr'>    </span> 
     </span>
     <span class='ocr_line' id='line_1_74' title="bbox 1173 1073 1194 1772; baseline 0 -499"><span class='ocrx_word' id='word_1_451' title='bbox 1173 1073 1194 1772; x_wconf 95' lang='lat' dir='ltr'>     </span> 
     </span>
    </p>
   </div>
   <div class='ocr_carea' id='block_1_7' title="bbox 674 166 1734 217">
    <p class='ocr_par' dir='ltr' id='par_1_8' title="bbox 674 166 1734 217">
     <span class='ocr_line' id='line_1_75' title="bbox 674 166 1734 217; baseline -0.005 -1"><span class='ocrx_word' id='word_1_452' title='bbox 674 170 718 216; x_wconf 84' lang='lat' dir='ltr'>S.</span> <span class='ocrx_word' id='word_1_453' title='bbox 754 168 1063 217; x_wconf 70' lang='lat' dir='ltr'>Guuoonn</span> <span class='ocrx_word' id='word_1_454' title='bbox 1100 181 1339 215; x_wconf 67' lang='lat' dir='ltr'>sep-rum</span> <span class='ocrx_word' id='word_1_455' title='bbox 1376 166 1734 211; x_wconf 68' lang='lat' dir='ltr'>Ponrrncxs</span> 
     </span>
    </p>
   </div>
   <div class='ocr_carea' id='block_1_8' title="bbox 1222 246 2303 3543">
    <p class='ocr_par' dir='ltr' id='par_1_9' title="bbox 1231 246 2302 1600">
     <span class='ocr_line' id='line_1_76' title="bbox 1242 246 2125 287; baseline 0.003 -4"><span class='ocrx_word' id='word_1_456' title='bbox 1242 260 1318 284; x_wconf 89' lang='lat' dir='ltr'>men</span> <span class='ocrx_word' id='word_1_457' title='bbox 1340 249 1406 283; x_wconf 88' lang='lat' dir='ltr'>sine</span> <span class='ocrx_word' id='word_1_458' title='bbox 1427 246 1514 283; x_wconf 87' lang='lat' dir='ltr'>urbis</span> <span class='ocrx_word' id='word_1_459' title='bbox 1536 258 1593 282; x_wconf 85' lang='lat' dir='ltr'>aut</span> <span class='ocrx_word' id='word_1_460' title='bbox 1604 247 1755 283; x_wconf 78' lang='lat' dir='ltr'>Ecclesiae</span> <span class='ocrx_word' id='word_1_461' title='bbox 1776 247 1890 285; x_wconf 87' lang='lat' dir='ltr'>addito</span> <span class='ocrx_word' id='word_1_462' title='bbox 1911 249 2125 287; x_wconf 85' lang='lat' dir='ltr'>titularuntse</span> 
     </span>
     <span class='ocr_line' id='line_1_77' title="bbox 1243 297 2124 347; baseline 0.003 -13"><span class='ocrx_word' id='word_1_463' title='bbox 1243 299 1390 334; x_wconf 74' lang='lat' dir='ltr'>absolute</span> <span class='ocrx_word' id='word_1_464' title='bbox 1410 299 1607 343; x_wconf 73' lang='lat' dir='ltr'>Episcopus.</span> <span class='ocrx_word' id='word_1_465' title='bbox 1632 297 1736 345; x_wconf 83' lang='lat' dir='ltr'>Qod</span> <span class='ocrx_word' id='word_1_466' title='bbox 1759 299 1838 341; x_wconf 87' lang='lat' dir='ltr'>quid</span> <span class='ocrx_word' id='word_1_467' title='bbox 1857 301 2004 336; x_wconf 74' lang='lat' dir='ltr'>estaliud</span> <span class='ocrx_word' id='word_1_468' title='bbox 2024 303 2124 347; x_wconf 69' lang='lat' dir='ltr'>quam</span> 
     </span>
     <span class='ocr_line' id='line_1_78' title="bbox 1243 347 2124 394; baseline 0.003 -10"><span class='ocrx_word' id='word_1_469' title='bbox 1243 349 1367 384; x_wconf 85' lang='lat' dir='ltr'>titulari</span> <span class='ocrx_word' id='word_1_470' title='bbox 1383 348 1582 394; x_wconf 89' lang='lat' dir='ltr'>Episcopum</span> <span class='ocrx_word' id='word_1_471' title='bbox 1600 350 1703 384; x_wconf 89' lang='lat' dir='ltr'>totius</span> <span class='ocrx_word' id='word_1_472' title='bbox 1717 347 1864 383; x_wconf 74' lang='lat' dir='ltr'>Ecclesia:</span> <span class='ocrx_word' id='word_1_473' title='bbox 1875 349 2057 387; x_wconf 84' lang='lat' dir='ltr'>Catholicae</span> <span class='ocrx_word' id='word_1_474' title='bbox 2068 354 2124 387; x_wconf 90' lang='lat' dir='ltr'>seu</span> 
     </span>
     <span class='ocr_line' id='line_1_79' title="bbox 1242 398 2126 438; baseline 0.006 -5"><span class='ocrx_word' id='word_1_475' title='bbox 1242 400 1454 434; x_wconf 81' lang='lat' dir='ltr'>universalis?</span> <span class='ocrx_word' id='word_1_476' title='bbox 1480 400 1612 435; x_wconf 84' lang='lat' dir='ltr'>Fatetur</span> <span class='ocrx_word' id='word_1_477' title='bbox 1624 399 1658 434; x_wconf 88' lang='lat' dir='ltr'>id</span> <span class='ocrx_word' id='word_1_478' title='bbox 1671 399 1802 433; x_wconf 91' lang='lat' dir='ltr'>Marcus</span> <span class='ocrx_word' id='word_1_479' title='bbox 1817 398 1989 435; x_wconf 87' lang='lat' dir='ltr'>Antonius</span> <span class='ocrx_word' id='word_1_480' title='bbox 2000 400 2041 436; x_wconf 86' lang='lat' dir='ltr'>de</span> <span class='ocrx_word' id='word_1_481' title='bbox 2052 404 2126 438; x_wconf 83' lang='lat' dir='ltr'>Do·</span> 
     </span>
     <span class='ocr_line' id='line_1_80' title="bbox 1243 447 2302 493; baseline -0.001 -9"><span class='ocrx_word' id='word_1_482' title='bbox 1243 450 1343 484; x_wconf 88' lang='lat' dir='ltr'>minis</span> <span class='ocrx_word' id='word_1_483' title='bbox 1364 463 1372 483; x_wconf 75' lang='grc' dir='ltr'><strong><em>ε</em></strong></span> <span class='ocrx_word' id='word_1_484' title='bbox 1399 448 1501 490; x_wconf 65' lang='lat' dir='ltr'>Nostri</span> <span class='ocrx_word' id='word_1_485' title='bbox 1515 452 1586 492; x_wconf 76' lang='lat' dir='ltr'>J&#39;aem</span> <span class='ocrx_word' id='word_1_486' title='bbox 1609 449 1793 484; x_wconf 84' lang='lat' dir='ltr'>Monarcbico</span> <span class='ocrx_word' id='word_1_487' title='bbox 1813 447 1922 493; x_wconf 72' lang='lat' dir='ltr'>spiritu</span> <span class='ocrx_word' id='word_1_488' title='bbox 1947 457 2002 484; x_wconf 78' lang='lat' dir='ltr'>rou</span> <span class='ocrx_word' id='word_1_489' title='bbox 2023 452 2122 492; x_wconf 68' lang='lat' dir='ltr'>inflati</span> <span class='ocrx_word' id='word_1_490' title='bbox 2146 447 2168 478; x_wconf 80' lang='lat'>1-</span> <span class='ocrx_word' id='word_1_491' title='bbox 2184 456 2212 483; x_wconf 82' lang='lat'>4·</span> <span class='ocrx_word' id='word_1_492' title='bbox 2234 453 2260 477; x_wconf 76' lang='lat' dir='ltr'>C·</span> <span class='ocrx_word' id='word_1_493' title='bbox 2277 455 2302 474; x_wconf 86' lang='lat'>²·</span> 
     </span>
     <span class='ocr_line' id='line_1_81' title="bbox 1242 498 2126 545; baseline 0.002 -11"><span class='ocrx_word' id='word_1_494' title='bbox 1242 500 1398 543; x_wconf 81' lang='lat' dir='ltr'>Pontifices</span> <span class='ocrx_word' id='word_1_495' title='bbox 1422 504 1551 535; x_wconf 71' lang='lat' dir='ltr'>Romani</span> <span class='ocrx_word' id='word_1_496' title='bbox 1581 507 1614 535; x_wconf 69' lang='lat' dir='ltr'>in</span> <span class='ocrx_word' id='word_1_497' title='bbox 1629 500 1697 545; x_wconf 87' lang='lat' dir='ltr'>suis</span> <span class='ocrx_word' id='word_1_498' title='bbox 1717 498 1953 544; x_wconf 70' lang='lat' dir='ltr'>inscriptionibus</span> <span class='ocrx_word' id='word_1_499' title='bbox 1977 507 2126 536; x_wconf 75' lang='lat' dir='ltr'>nominari</span> 
     </span>
     <span class='ocr_line' id='line_1_82' title="bbox 1240 549 2126 596; baseline 0.002 -12"><span class='ocrx_word' id='word_1_500' title='bbox 1240 552 1370 593; x_wconf 70' lang='lat' dir='ltr'>amplius</span> <span class='ocrx_word' id='word_1_501' title='bbox 1382 551 1539 586; x_wconf 81' lang='lat' dir='ltr'>noluerunt</span> <span class='ocrx_word' id='word_1_502' title='bbox 1548 575 1560 593; x_wconf 94' lang='lat'>,</span> <span class='ocrx_word' id='word_1_503' title='bbox 1581 551 1642 596; x_wconf 82' lang='lat' dir='ltr'>sed</span> <span class='ocrx_word' id='word_1_504' title='bbox 1650 553 1703 585; x_wconf 81' lang='lat' dir='ltr'>vel</span> <span class='ocrx_word' id='word_1_505' title='bbox 1706 549 1740 594; x_wconf 57' lang='lat' dir='ltr'>fi»</span> <span class='ocrx_word' id='word_1_506' title='bbox 1751 549 1902 594; x_wconf 58' lang='lat' dir='ltr'>catholice</span> <span class='ocrx_word' id='word_1_507' title='bbox 1914 549 2035 595; x_wconf 62' lang='lat' dir='ltr'>Ecclefiq</span> <span class='ocrx_word' id='word_1_508' title='bbox 2048 554 2126 595; x_wconf 66' lang='lat' dir='ltr'>Epi-</span> 
     </span>
     <span class='ocr_line' id='line_1_83' title="bbox 1241 599 2127 646; baseline 0.001 -11"><span class='ocrx_word' id='word_1_509' title='bbox 1241 599 1336 644; x_wconf 82' lang='lat' dir='ltr'>scopos</span> <span class='ocrx_word' id='word_1_510' title='bbox 1358 600 1589 646; x_wconf 71' lang='lat' dir='ltr'>inscripftrunt,</span> <span class='ocrx_word' id='word_1_511' title='bbox 1615 602 1667 636; x_wconf 81' lang='lat' dir='ltr'>vel</span> <span class='ocrx_word' id='word_1_512' title='bbox 1685 603 1804 635; x_wconf 78' lang='lat' dir='ltr'>demum</span> <span class='ocrx_word' id='word_1_513' title='bbox 1823 602 1991 644; x_wconf 76' lang='lat' dir='ltr'>posteriores</span> <span class='ocrx_word' id='word_1_514' title='bbox 2004 626 2016 643; x_wconf 94' lang='lat'>,</span> <span class='ocrx_word' id='word_1_515' title='bbox 2041 603 2127 636; x_wconf 72' lang='lat' dir='ltr'>adeo-</span> 
     </span>
     <span class='ocr_line' id='line_1_84' title="bbox 1240 650 2125 696; baseline -0.001 -11"><span class='ocrx_word' id='word_1_516' title='bbox 1240 663 1295 694; x_wconf 85' lang='lat' dir='ltr'>que</span> <span class='ocrx_word' id='word_1_517' title='bbox 1300 650 1416 696; x_wconf 81' lang='lat' dir='ltr'>semper</span> <span class='ocrx_word' id='word_1_518' title='bbox 1425 655 1586 688; x_wconf 78' lang='lat' dir='ltr'>deterlores</span> <span class='ocrx_word' id='word_1_519' title='bbox 1599 677 1610 693; x_wconf 91' lang='lat'><strong>,</strong></span> <span class='ocrx_word' id='word_1_520' title='bbox 1635 658 1710 686; x_wconf 79' lang='lat' dir='ltr'>miro</span> <span class='ocrx_word' id='word_1_521' title='bbox 1720 663 1783 686; x_wconf 85' lang='lat' dir='ltr'>cum</span> <span class='ocrx_word' id='word_1_522' title='bbox 1793 652 1918 695; x_wconf 76' lang='lat' dir='ltr'>artificio</span> <span class='ocrx_word' id='word_1_523' title='bbox 1930 677 1941 693; x_wconf 94' lang='lat'>,</span> <span class='ocrx_word' id='word_1_524' title='bbox 1966 664 2020 687; x_wconf 85' lang='lat' dir='ltr'>nec</span> <span class='ocrx_word' id='word_1_525' title='bbox 2030 657 2125 686; x_wconf 66' lang='lat' dir='ltr'>mino-</span> 
     </span>
     <span class='ocr_line' id='line_1_85' title="bbox 1239 701 2124 747; baseline 0.002 -12"><span class='ocrx_word' id='word_1_526' title='bbox 1239 707 1281 735; x_wconf 79' lang='lat' dir='ltr'>ris</span> <span class='ocrx_word' id='word_1_527' title='bbox 1299 701 1435 746; x_wconf 61' lang='lat' dir='ltr'>superbie</span> <span class='ocrx_word' id='word_1_528' title='bbox 1452 703 1559 746; x_wconf 67' lang='lat' dir='ltr'>tipho,</span> <span class='ocrx_word' id='word_1_529' title='bbox 1579 701 1637 747; x_wconf 82' lang='lat' dir='ltr'>sub</span> <span class='ocrx_word' id='word_1_530' title='bbox 1657 702 1840 746; x_wconf 72' lang='lat' dir='ltr'>simplicioris</span> <span class='ocrx_word' id='word_1_531' title='bbox 1864 702 2075 737; x_wconf 67' lang='lat' dir='ltr'>&amp;humilioris</span> <span class='ocrx_word' id='word_1_532' title='bbox 2086 709 2124 737; x_wconf 76' lang='lat' dir='ltr'>ti-</span> 
     </span>
     <span class='ocr_line' id='line_1_86' title="bbox 1239 750 2125 797; baseline 0.001 -12"><span class='ocrx_word' id='word_1_533' title='bbox 1239 754 1296 786; x_wconf 79' lang='lat' dir='ltr'>tuli</span> <span class='ocrx_word' id='word_1_534' title='bbox 1312 751 1410 796; x_wconf 75' lang='lat' dir='ltr'>specie</span> <span class='ocrx_word' id='word_1_535' title='bbox 1428 751 1462 796; x_wconf 88' lang='lat' dir='ltr'>se</span> <span class='ocrx_word' id='word_1_536' title='bbox 1469 750 1589 788; x_wconf 69' lang='lat' dir='ltr'>tantum</span> <span class='ocrx_word' id='word_1_537' title='bbox 1601 752 1761 797; x_wconf 76' lang='lat' dir='ltr'>Episcopos</span> <span class='ocrx_word' id='word_1_538' title='bbox 1778 761 1986 793; x_wconf 83' lang='lat' dir='ltr'>vocaverunt,</span> <span class='ocrx_word' id='word_1_539' title='bbox 2013 761 2046 786; x_wconf 77' lang='lat' dir='ltr'>ut</span> <span class='ocrx_word' id='word_1_540' title='bbox 2052 755 2125 793; x_wconf 82' lang='lat' dir='ltr'>jam</span> 
     </span>
     <span class='ocr_line' id='line_1_87' title="bbox 1238 800 2128 848; baseline 0 -13"><span class='ocrx_word' id='word_1_541' title='bbox 1238 804 1394 837; x_wconf 80' lang='lat' dir='ltr'>ordinaria</span> <span class='ocrx_word' id='word_1_542' title='bbox 1408 806 1564 847; x_wconf 81' lang='lat' dir='ltr'>Paparum</span> <span class='ocrx_word' id='word_1_543' title='bbox 1573 801 1723 848; x_wconf 69' lang='lat' dir='ltr'>inscriptio</span> <span class='ocrx_word' id='word_1_544' title='bbox 1725 803 1766 846; x_wconf 85' lang='lat' dir='ltr'>fit</span> <span class='ocrx_word' id='word_1_545' title='bbox 1780 827 1791 843; x_wconf 89' lang='lat'>‚</span> <span class='ocrx_word' id='word_1_546' title='bbox 1818 801 2024 838; x_wconf 88' lang='lat' dir='ltr'>PAULUS</span> <span class='ocrx_word' id='word_1_547' title='bbox 2034 800 2128 837; x_wconf 77' lang='lat' dir='ltr'>EPI-</span> 
     </span>
     <span class='ocr_line' id='line_1_88' title="bbox 1238 851 2127 896; baseline -0.001 -8"><span class='ocrx_word' id='word_1_548' title='bbox 1238 853 1424 890; x_wconf 90' lang='lat' dir='ltr'>SCOPUS</span> <span class='ocrx_word' id='word_1_549' title='bbox 1448 879 1460 896; x_wconf 90' lang='lat'>‚</span> <span class='ocrx_word' id='word_1_550' title='bbox 1488 854 1678 890; x_wconf 87' lang='lat' dir='ltr'>SERVUS</span> <span class='ocrx_word' id='word_1_551' title='bbox 1714 852 1996 889; x_wconf 85' lang='lat' dir='ltr'>SERVORUM</span> <span class='ocrx_word' id='word_1_552' title='bbox 2020 851 2127 887; x_wconf 85' lang='lat' dir='ltr'>DEI.</span> 
     </span>
     <span class='ocr_line' id='line_1_89' title="bbox 1239 903 2127 949; baseline -0.001 -13"><span class='ocrx_word' id='word_1_553' title='bbox 1239 903 1406 948; x_wconf 74' lang='lat' dir='ltr'>Epifiopus</span> <span class='ocrx_word' id='word_1_554' title='bbox 1430 905 1571 939; x_wconf 72' lang='lat' dir='ltr'>nimirum</span> <span class='ocrx_word' id='word_1_555' title='bbox 1593 903 1725 949; x_wconf 62' lang='lat' dir='ltr'>absolut?</span> <span class='ocrx_word' id='word_1_556' title='bbox 1750 908 1840 939; x_wconf 78' lang='lat' dir='ltr'>totius</span> <span class='ocrx_word' id='word_1_557' title='bbox 1865 904 1973 937; x_wconf 82' lang='lat' dir='ltr'>mundi</span> <span class='ocrx_word' id='word_1_558' title='bbox 1984 914 1999 944; x_wconf 89' lang='lat'><em>;</em></span> <span class='ocrx_word' id='word_1_559' title='bbox 2024 904 2127 937; x_wconf 71' lang='lat' dir='ltr'>&amp;non</span> 
     </span>
     <span class='ocr_line' id='line_1_90' title="bbox 1234 950 2128 1000; baseline -0.002 -13"><span class='ocrx_word' id='word_1_560' title='bbox 1234 952 1288 998; x_wconf 75' lang='lat' dir='ltr'>sola·</span> <span class='ocrx_word' id='word_1_561' title='bbox 1311 958 1445 997; x_wconf 56' lang='lat' dir='ltr'>Romane</span> <span class='ocrx_word' id='word_1_562' title='bbox 1463 957 1534 991; x_wconf 66' lang='lat' dir='ltr'>sedi</span> <span class='ocrx_word' id='word_1_563' title='bbox 1555 955 1700 1000; x_wconf 72' lang='lat' dir='ltr'>alligatus</span> <span class='ocrx_word' id='word_1_564' title='bbox 1711 980 1723 996; x_wconf 90' lang='lat'><strong>,</strong></span> <span class='ocrx_word' id='word_1_565' title='bbox 1748 959 1907 989; x_wconf 71' lang='lat' dir='ltr'>cunamen</span> <span class='ocrx_word' id='word_1_566' title='bbox 1916 950 2049 996; x_wconf 71' lang='lat' dir='ltr'>prisclse</span> <span class='ocrx_word' id='word_1_567' title='bbox 2060 953 2128 986; x_wconf 62' lang='lat' dir='ltr'>alls-</span> 
     </span>
     <span class='ocr_line' id='line_1_91' title="bbox 1231 1002 2124 1050; baseline 0 -13"><span class='ocrx_word' id='word_1_568' title='bbox 1231 1013 1321 1049; x_wconf 83' lang='lat' dir='ltr'>gatos</span> <span class='ocrx_word' id='word_1_569' title='bbox 1331 1005 1384 1050; x_wconf 77' lang='lat' dir='ltr'>effi·</span> <span class='ocrx_word' id='word_1_570' title='bbox 1401 1006 1437 1040; x_wconf 61' lang='grc' dir='ltr'>Θ</span> <span class='ocrx_word' id='word_1_571' title='bbox 1443 1002 1577 1049; x_wconf 71' lang='lat' dir='ltr'>sitiebant</span> <span class='ocrx_word' id='word_1_572' title='bbox 1590 1004 1861 1048; x_wconf 58' lang='lat' dir='ltr'>&amp;profitebantun</span> <span class='ocrx_word' id='word_1_573' title='bbox 1892 1005 2054 1039; x_wconf 67' lang='lat' dir='ltr'>Romanae</span> <span class='ocrx_word' id='word_1_574' title='bbox 2068 1027 2080 1044; x_wconf 85' lang='lat'>‚</span> <span class='ocrx_word' id='word_1_575' title='bbox 2102 1003 2124 1038; x_wconf 65' lang='lat' dir='ltr'>a</span> 
     </span>
     <span class='ocr_line' id='line_1_92' title="bbox 1237 1053 2127 1099; baseline -0.001 -11"><span class='ocrx_word' id='word_1_576' title='bbox 1237 1066 1300 1097; x_wconf 92' lang='lat' dir='ltr'>qua</span> <span class='ocrx_word' id='word_1_577' title='bbox 1323 1066 1434 1091; x_wconf 86' lang='lat' dir='ltr'>tamen</span> <span class='ocrx_word' id='word_1_578' title='bbox 1449 1056 1511 1091; x_wconf 88' lang='lat' dir='ltr'>fuit</span> <span class='ocrx_word' id='word_1_579' title='bbox 1529 1068 1575 1091; x_wconf 82' lang='lat' dir='ltr'>ex</span> <span class='ocrx_word' id='word_1_580' title='bbox 1585 1056 1702 1090; x_wconf 87' lang='lat' dir='ltr'>infima</span> <span class='ocrx_word' id='word_1_581' title='bbox 1713 1055 1828 1099; x_wconf 89' lang='lat' dir='ltr'>populi</span> <span class='ocrx_word' id='word_1_582' title='bbox 1838 1056 1923 1089; x_wconf 85' lang='lat' dir='ltr'>foece</span> <span class='ocrx_word' id='word_1_583' title='bbox 1938 1053 2127 1094; x_wconf 84' lang='lat' dir='ltr'>exaltatus,</span> 
     </span>
     <span class='ocr_line' id='line_1_93' title="bbox 1238 1104 2130 1150; baseline -0.002 -11"><span class='ocrx_word' id='word_1_584' title='bbox 1238 1105 1388 1140; x_wconf 65' lang='lat' dir='ltr'>Ecclesiae</span> <span class='ocrx_word' id='word_1_585' title='bbox 1406 1106 1625 1149; x_wconf 67' lang='lat' dir='ltr'>deprimendas</span> <span class='ocrx_word' id='word_1_586' title='bbox 1645 1106 1808 1150; x_wconf 86' lang='lat' dir='ltr'>cupiditas</span> <span class='ocrx_word' id='word_1_587' title='bbox 1833 1104 2008 1139; x_wconf 88' lang='lat' dir='ltr'>hominem</span> <span class='ocrx_word' id='word_1_588' title='bbox 2024 1113 2130 1139; x_wconf 62' lang='lat' dir='ltr'>excaee</span> 
     </span>
     <span class='ocr_line' id='line_1_94' title="bbox 1236 1152 2128 1191; baseline -0.002 -3"><span class='ocrx_word' id='word_1_589' title='bbox 1236 1155 1341 1190; x_wconf 86' lang='lat' dir='ltr'>cavit.</span> <span class='ocrx_word' id='word_1_590' title='bbox 1371 1155 1510 1189; x_wconf 89' lang='lat' dir='ltr'>Etenim</span> <span class='ocrx_word' id='word_1_591' title='bbox 1530 1155 1567 1189; x_wconf 86' lang='lat' dir='ltr'>in</span> <span class='ocrx_word' id='word_1_592' title='bbox 1591 1156 1685 1191; x_wconf 82' lang='lat' dir='ltr'>sexta</span> <span class='ocrx_word' id='word_1_593' title='bbox 1704 1153 1834 1191; x_wconf 83' lang='lat' dir='ltr'>decima</span> <span class='ocrx_word' id='word_1_594' title='bbox 1845 1152 2128 1190; x_wconf 73' lang='lat' dir='ltr'>Chalcedonensis</span> 
     </span>
     <span class='ocr_line' id='line_1_95' title="bbox 1237 1202 2128 1248; baseline -0.004 -8"><span class='ocrx_word' id='word_1_595' title='bbox 1237 1204 1369 1248; x_wconf 81' lang='lat' dir='ltr'>synodi</span> <span class='ocrx_word' id='word_1_596' title='bbox 1389 1202 1554 1246; x_wconf 70' lang='lat' dir='ltr'>Astione,</span> <span class='ocrx_word' id='word_1_597' title='bbox 1579 1205 1637 1241; x_wconf 94' lang='lat' dir='ltr'>ubi</span> <span class='ocrx_word' id='word_1_598' title='bbox 1658 1206 1799 1241; x_wconf 89' lang='lat' dir='ltr'>Latinus</span> <span class='ocrx_word' id='word_1_599' title='bbox 1812 1207 1965 1241; x_wconf 68' lang='lat' dir='ltr'>Sanstum</span> <span class='ocrx_word' id='word_1_600' title='bbox 1976 1205 2128 1240; x_wconf 85' lang='lat' dir='ltr'>Leonem</span> 
     </span>
     <span class='ocr_line' id='line_1_96' title="bbox 1239 1252 2128 1297; baseline -0.002 -8"><span class='ocrx_word' id='word_1_601' title='bbox 1239 1255 1428 1290; x_wconf 86' lang='lat' dir='ltr'>universalis</span> <span class='ocrx_word' id='word_1_602' title='bbox 1450 1254 1601 1291; x_wconf 80' lang='lat' dir='ltr'>Ecclefiae</span> <span class='ocrx_word' id='word_1_603' title='bbox 1622 1254 1769 1297; x_wconf 82' lang='lat' dir='ltr'>Papam,</span> <span class='ocrx_word' id='word_1_604' title='bbox 1795 1255 1930 1288; x_wconf 85' lang='lat' dir='ltr'>Graecus</span> <span class='ocrx_word' id='word_1_605' title='bbox 1949 1263 2061 1288; x_wconf 86' lang='lat' dir='ltr'>textus</span> <span class='ocrx_word' id='word_1_606' title='bbox 2072 1252 2128 1287; x_wconf 90' lang='lat' dir='ltr'>ab·</span> 
     </span>
     <span class='ocr_line' id='line_1_97' title="bbox 1240 1303 2128 1348; baseline -0.001 -10"><span class='ocrx_word' id='word_1_607' title='bbox 1240 1305 1344 1340; x_wconf 75' lang='lat' dir='ltr'>solute</span> <span class='ocrx_word' id='word_1_608' title='bbox 1369 1305 1480 1340; x_wconf 89' lang='lat' dir='ltr'>titulat</span> <span class='ocrx_word' id='word_1_609' title='bbox 1504 1305 1652 1341; x_wconf 82' lang='lat' dir='ltr'>Ecclefiae</span> <span class='ocrx_word' id='word_1_610' title='bbox 1667 1305 1812 1348; x_wconf 87' lang='lat' dir='ltr'>Papam.</span> <span class='ocrx_word' id='word_1_611' title='bbox 1841 1303 1886 1336; x_wconf 89' lang='lat' dir='ltr'>Et</span> <span class='ocrx_word' id='word_1_612' title='bbox 1898 1303 2058 1339; x_wconf 86' lang='lat' dir='ltr'>Romano</span> <span class='ocrx_word' id='word_1_613' title='bbox 2067 1304 2128 1337; x_wconf 83' lang='lat' dir='ltr'>suo</span> 
     </span>
     <span class='ocr_line' id='line_1_98' title="bbox 1238 1351 2129 1400; baseline -0.006 -11"><span class='ocrx_word' id='word_1_614' title='bbox 1238 1355 1398 1389; x_wconf 90' lang='lat' dir='ltr'>Concilio</span> <span class='ocrx_word' id='word_1_615' title='bbox 1418 1355 1602 1399; x_wconf 82' lang='lat' dir='ltr'>Gregorius</span> <span class='ocrx_word' id='word_1_616' title='bbox 1621 1355 1769 1400; x_wconf 87' lang='lat' dir='ltr'>Magnus</span> <span class='ocrx_word' id='word_1_617' title='bbox 1791 1351 1992 1397; x_wconf 85' lang='lat' dir='ltr'>subscripsit:</span> <span class='ocrx_word' id='word_1_618' title='bbox 2020 1356 2129 1396; x_wconf 63' lang='lat' dir='ltr'>Gregoe</span> 
     </span>
     <span class='ocr_line' id='line_1_99' title="bbox 1237 1401 2130 1450; baseline -0.001 -13"><span class='ocrx_word' id='word_1_619' title='bbox 1237 1409 1299 1437; x_wconf 67' lang='lat' dir='ltr'>rius</span> <span class='ocrx_word' id='word_1_620' title='bbox 1322 1407 1495 1450; x_wconf 72' lang='lat' dir='ltr'>Deigratsa</span> <span class='ocrx_word' id='word_1_621' title='bbox 1518 1403 1705 1448; x_wconf 73' lang='lat' dir='ltr'>Epiftopus.</span> <span class='ocrx_word' id='word_1_622' title='bbox 1735 1405 1782 1439; x_wconf 88' lang='lat' dir='ltr'>Et</span> <span class='ocrx_word' id='word_1_623' title='bbox 1799 1403 1929 1438; x_wconf 86' lang='lat' dir='ltr'>Liberii</span> <span class='ocrx_word' id='word_1_624' title='bbox 1949 1401 2130 1437; x_wconf 67' lang='lat' dir='ltr'>Pontifici:</span> 
     </span>
     <span class='ocr_line' id='line_1_100' title="bbox 1238 1450 2133 1499; baseline -0.004 -11"><span class='ocrx_word' id='word_1_625' title='bbox 1238 1454 1396 1499; x_wconf 85' lang='lat' dir='ltr'>pleraeque</span> <span class='ocrx_word' id='word_1_626' title='bbox 1410 1455 1565 1499; x_wconf 84' lang='lat' dir='ltr'>Epistolae</span> <span class='ocrx_word' id='word_1_627' title='bbox 1576 1453 1699 1489; x_wconf 88' lang='lat' dir='ltr'>habent</span> <span class='ocrx_word' id='word_1_628' title='bbox 1711 1453 1798 1490; x_wconf 86' lang='lat' dir='ltr'>hanc</span> <span class='ocrx_word' id='word_1_629' title='bbox 1813 1450 2051 1499; x_wconf 82' lang='lat' dir='ltr'>Epigraphen:</span> <span class='ocrx_word' id='word_1_630' title='bbox 2076 1454 2133 1485; x_wconf 72' lang='lat' dir='ltr'>Li·</span> 
     </span>
     <span class='ocr_line' id='line_1_101' title="bbox 1236 1503 2131 1547; baseline 0.002 -11"><span class='ocrx_word' id='word_1_631' title='bbox 1236 1505 1336 1538; x_wconf 80' lang='lat' dir='ltr'>berius</span> <span class='ocrx_word' id='word_1_632' title='bbox 1350 1503 1516 1547; x_wconf 70' lang='lat' dir='ltr'>Episcopus</span> <span class='ocrx_word' id='word_1_633' title='bbox 1527 1531 1534 1537; x_wconf 95' lang='lat'>.</span> <span class='ocrx_word' id='word_1_634' title='bbox 1562 1505 1688 1540; x_wconf 86' lang='lat' dir='ltr'>Eadem</span> <span class='ocrx_word' id='word_1_635' title='bbox 1701 1514 1842 1540; x_wconf 89' lang='lat' dir='ltr'>utuntur</span> <span class='ocrx_word' id='word_1_636' title='bbox 1854 1503 2040 1544; x_wconf 80' lang='lat' dir='ltr'>Damasus,</span> <span class='ocrx_word' id='word_1_637' title='bbox 2065 1503 2131 1538; x_wconf 81' lang='lat' dir='ltr'>Zo-</span> 
     </span>
     <span class='ocr_line' id='line_1_102' title="bbox 1236 1554 1787 1600; baseline 0.004 -14"><span class='ocrx_word' id='word_1_638' title='bbox 1236 1554 1362 1594; x_wconf 88' lang='lat' dir='ltr'>zimus,</span> <span class='ocrx_word' id='word_1_639' title='bbox 1388 1555 1461 1590; x_wconf 84' lang='lat' dir='ltr'>Leo</span> <span class='ocrx_word' id='word_1_640' title='bbox 1481 1579 1494 1596; x_wconf 88' lang='lat'><strong>,</strong></span> <span class='ocrx_word' id='word_1_641' title='bbox 1516 1555 1623 1590; x_wconf 85' lang='lat' dir='ltr'>&amp;alii</span> <span class='ocrx_word' id='word_1_642' title='bbox 1636 1556 1787 1600; x_wconf 86' lang='lat' dir='ltr'>antiqui.</span> 
     </span>
    </p>

    <p class='ocr_par' dir='ltr' id='par_1_10' title="bbox 1222 1601 2303 2292">
     <span class='ocr_line' id='line_1_103' title="bbox 1283 1601 2129 1648; baseline 0.001 -12"><span class='ocrx_word' id='word_1_643' title='bbox 1283 1602 1464 1642; x_wconf 73' lang='lat' dir='ltr'>Praeterea,</span> <span class='ocrx_word' id='word_1_644' title='bbox 1490 1604 1569 1638; x_wconf 80' lang='lat' dir='ltr'>licet</span> <span class='ocrx_word' id='word_1_645' title='bbox 1587 1606 1780 1640; x_wconf 86' lang='lat' dir='ltr'>universalis</span> <span class='ocrx_word' id='word_1_646' title='bbox 1806 1603 1963 1648; x_wconf 87' lang='lat' dir='ltr'>Episcopi</span> <span class='ocrx_word' id='word_1_647' title='bbox 1990 1601 2129 1637; x_wconf 82' lang='lat' dir='ltr'>titulum</span> 
     </span>
     <span class='ocr_line' id='line_1_104' title="bbox 1232 1650 2202 1697; baseline -0.002 -11"><span class='ocrx_word' id='word_1_648' title='bbox 1232 1662 1414 1696; x_wconf 85' lang='lat' dir='ltr'>numquam</span> <span class='ocrx_word' id='word_1_649' title='bbox 1427 1652 1486 1687; x_wconf 87' lang='lat' dir='ltr'>fibi</span> <span class='ocrx_word' id='word_1_650' title='bbox 1496 1653 1676 1687; x_wconf 86' lang='lat' dir='ltr'>adscribere</span> <span class='ocrx_word' id='word_1_651' title='bbox 1702 1654 1869 1688; x_wconf 88' lang='lat' dir='ltr'>voluerint</span> <span class='ocrx_word' id='word_1_652' title='bbox 1882 1651 2031 1687; x_wconf 85' lang='lat' dir='ltr'>Romani</span> <span class='ocrx_word' id='word_1_653' title='bbox 2041 1650 2128 1685; x_wconf 82' lang='lat' dir='ltr'>olim</span> <span class='ocrx_word' id='word_1_654' title='bbox 2198 1695 2202 1697; x_wconf 19' lang='grc' dir='ltr'><em>Β</em></span> 
     </span>
     <span class='ocr_line' id='line_1_105' title="bbox 1236 1701 2128 1748; baseline 0.001 -14"><span class='ocrx_word' id='word_1_655' title='bbox 1236 1701 1418 1736; x_wconf 85' lang='lat' dir='ltr'>Pontifices</span> <span class='ocrx_word' id='word_1_656' title='bbox 1429 1726 1441 1742; x_wconf 90' lang='lat'><strong>,</strong></span> <span class='ocrx_word' id='word_1_657' title='bbox 1467 1702 1573 1748; x_wconf 86' lang='lat' dir='ltr'>ipsum</span> <span class='ocrx_word' id='word_1_658' title='bbox 1584 1711 1695 1738; x_wconf 81' lang='lat' dir='ltr'>tamen</span> <span class='ocrx_word' id='word_1_659' title='bbox 1712 1702 1774 1737; x_wconf 85' lang='lat' dir='ltr'>fibi</span> <span class='ocrx_word' id='word_1_660' title='bbox 1786 1701 1829 1737; x_wconf 89' lang='lat' dir='ltr'>ab</span> <span class='ocrx_word' id='word_1_661' title='bbox 1840 1701 1914 1737; x_wconf 89' lang='lat' dir='ltr'>aliis</span> <span class='ocrx_word' id='word_1_662' title='bbox 1928 1701 2128 1745; x_wconf 85' lang='lat' dir='ltr'>adscriptum</span> 
     </span>
     <span class='ocr_line' id='line_1_106' title="bbox 1235 1749 2125 1797; baseline -0.001 -13"><span class='ocrx_word' id='word_1_663' title='bbox 1235 1749 1344 1786; x_wconf 87' lang='lat' dir='ltr'>nullus</span> <span class='ocrx_word' id='word_1_664' title='bbox 1368 1750 1515 1794; x_wconf 88' lang='lat' dir='ltr'>ipsorum</span> <span class='ocrx_word' id='word_1_665' title='bbox 1535 1774 1548 1792; x_wconf 88' lang='lat'>,</span> <span class='ocrx_word' id='word_1_666' title='bbox 1563 1762 1683 1795; x_wconf 67' lang='lat' dir='ltr'>prietes</span> <span class='ocrx_word' id='word_1_667' title='bbox 1709 1752 1879 1797; x_wconf 84' lang='lat' dir='ltr'>Magnum</span> <span class='ocrx_word' id='word_1_668' title='bbox 1897 1750 2125 1794; x_wconf 78' lang='lat' dir='ltr'>Gregorium,</span> 
     </span>
     <span class='ocr_line' id='line_1_107' title="bbox 1233 1798 2129 1844; baseline -0.002 -10"><span class='ocrx_word' id='word_1_669' title='bbox 1233 1800 1302 1835; x_wconf 78' lang='lat' dir='ltr'>radi</span> <span class='ocrx_word' id='word_1_670' title='bbox 1326 1799 1413 1844; x_wconf 83' lang='lat' dir='ltr'>juffit</span> <span class='ocrx_word' id='word_1_671' title='bbox 1423 1810 1481 1836; x_wconf 89' lang='lat' dir='ltr'>aut</span> <span class='ocrx_word' id='word_1_672' title='bbox 1502 1800 1725 1836; x_wconf 70' lang='lat' dir='ltr'>circumduci,</span> <span class='ocrx_word' id='word_1_673' title='bbox 1751 1799 1852 1837; x_wconf 76' lang='lat' dir='ltr'>Adeo</span> <span class='ocrx_word' id='word_1_674' title='bbox 1861 1798 1945 1835; x_wconf 84' lang='lat' dir='ltr'>illud</span> <span class='ocrx_word' id='word_1_675' title='bbox 1958 1810 2027 1833; x_wconf 91' lang='lat' dir='ltr'>non</span> <span class='ocrx_word' id='word_1_676' title='bbox 2040 1798 2129 1843; x_wconf 74' lang='lat' dir='ltr'>juffit</span> 
     </span>
     <span class='ocr_line' id='line_1_108' title="bbox 1232 1847 2130 1895; baseline -0.001 -11"><span class='ocrx_word' id='word_1_677' title='bbox 1232 1850 1381 1895; x_wconf 90' lang='lat' dir='ltr'>Magnus</span> <span class='ocrx_word' id='word_1_678' title='bbox 1404 1850 1504 1893; x_wconf 89' lang='lat' dir='ltr'>Leo,</span> <span class='ocrx_word' id='word_1_679' title='bbox 1530 1861 1568 1886; x_wconf 89' lang='lat' dir='ltr'>ut</span> <span class='ocrx_word' id='word_1_680' title='bbox 1591 1849 1870 1887; x_wconf 73' lang='lat' dir='ltr'>Chalcedonensis</span> <span class='ocrx_word' id='word_1_681' title='bbox 1893 1847 2046 1894; x_wconf 81' lang='lat' dir='ltr'>synodi,</span> <span class='ocrx_word' id='word_1_682' title='bbox 2070 1849 2130 1884; x_wconf 82' lang='lat' dir='ltr'>cui</span> 
     </span>
     <span class='ocr_line' id='line_1_109' title="bbox 1232 1898 2130 1944; baseline 0 -10"><span class='ocrx_word' id='word_1_683' title='bbox 1232 1901 1330 1934; x_wconf 88' lang='lat' dir='ltr'>istum</span> <span class='ocrx_word' id='word_1_684' title='bbox 1340 1900 1476 1937; x_wconf 90' lang='lat' dir='ltr'>titulum</span> <span class='ocrx_word' id='word_1_685' title='bbox 1488 1902 1668 1937; x_wconf 85' lang='lat' dir='ltr'>inseruerat</span> <span class='ocrx_word' id='word_1_686' title='bbox 1678 1901 1817 1944; x_wconf 65' lang='lat' dir='ltr'>Sanetus</span> <span class='ocrx_word' id='word_1_687' title='bbox 1824 1899 2038 1936; x_wconf 84' lang='lat' dir='ltr'>Paschasinus</span> <span class='ocrx_word' id='word_1_688' title='bbox 2048 1921 2060 1938; x_wconf 90' lang='lat'>‚</span> <span class='ocrx_word' id='word_1_689' title='bbox 2085 1898 2130 1934; x_wconf 81' lang='lat' dir='ltr'>de</span> 
     </span>
     <span class='ocr_line' id='line_1_110' title="bbox 1232 1950 2126 1992; baseline 0 -8"><span class='ocrx_word' id='word_1_690' title='bbox 1232 1951 1398 1985; x_wconf 86' lang='lat' dir='ltr'>Dioscoro</span> <span class='ocrx_word' id='word_1_691' title='bbox 1423 1953 1621 1988; x_wconf 89' lang='lat' dir='ltr'>sententiam</span> <span class='ocrx_word' id='word_1_692' title='bbox 1642 1952 1711 1987; x_wconf 75' lang='lat' dir='ltr'>sine</span> <span class='ocrx_word' id='word_1_693' title='bbox 1719 1951 1788 1985; x_wconf 82' lang='lat' dir='ltr'>ulla</span> <span class='ocrx_word' id='word_1_694' title='bbox 1799 1950 1905 1992; x_wconf 72' lang='lat' dir='ltr'>rasura</span> <span class='ocrx_word' id='word_1_695' title='bbox 1915 1958 1974 1985; x_wconf 81' lang='lat' dir='ltr'>aut</span> <span class='ocrx_word' id='word_1_696' title='bbox 1986 1950 2126 1985; x_wconf 85' lang='lat' dir='ltr'>circum·</span> 
     </span>
     <span class='ocr_line' id='line_1_111' title="bbox 1229 1998 2127 2043; baseline 0.001 -8"><span class='ocrx_word' id='word_1_697' title='bbox 1229 2000 1386 2035; x_wconf 66' lang='lat' dir='ltr'>ductione</span> <span class='ocrx_word' id='word_1_698' title='bbox 1407 2000 1606 2037; x_wconf 80' lang='lat' dir='ltr'>adnexuerit</span> <span class='ocrx_word' id='word_1_699' title='bbox 1634 2001 1705 2041; x_wconf 49' lang='lat' dir='ltr'>suisz</span> <span class='ocrx_word' id='word_1_700' title='bbox 1726 2000 1847 2035; x_wconf 85' lang='lat' dir='ltr'>litteris</span> <span class='ocrx_word' id='word_1_701' title='bbox 1870 1999 1913 2034; x_wconf 84' lang='lat' dir='ltr'>ad</span> <span class='ocrx_word' id='word_1_702' title='bbox 1939 1998 2127 2043; x_wconf 82' lang='lat' dir='ltr'>Episcopos</span> 
     </span>
     <span class='ocr_line' id='line_1_112' title="bbox 1230 2044 2303 2095; baseline -0.001 -11"><span class='ocrx_word' id='word_1_703' title='bbox 1230 2051 1423 2095; x_wconf 80' lang='lat' dir='ltr'>Gallicanos</span> <span class='ocrx_word' id='word_1_704' title='bbox 1437 2076 1445 2084; x_wconf 97' lang='lat'>.</span> <span class='ocrx_word' id='word_1_705' title='bbox 1473 2051 1518 2086; x_wconf 91' lang='lat' dir='ltr'>Et</span> <span class='ocrx_word' id='word_1_706' title='bbox 1542 2044 1745 2086; x_wconf 71' lang='lat' dir='ltr'>Hormisdns</span> <span class='ocrx_word' id='word_1_707' title='bbox 1763 2049 1924 2090; x_wconf 77' lang='lat' dir='ltr'>Pontifex</span> <span class='ocrx_word' id='word_1_708' title='bbox 1944 2050 1989 2083; x_wconf 92' lang='lat' dir='ltr'>ab</span> <span class='ocrx_word' id='word_1_709' title='bbox 2021 2048 2127 2092; x_wconf 86' lang='lat' dir='ltr'>Impe-</span> <span class='ocrx_word' id='word_1_710' title='bbox 2144 2050 2239 2083; x_wconf 83' lang='lat' dir='ltr'>PostE</span> <span class='ocrx_word' id='word_1_711' title='bbox 2261 2049 2303 2083; x_wconf 79' lang='lat' dir='ltr'>ist.</span> 
     </span>
     <span class='ocr_line' id='line_1_113' title="bbox 1229 2098 2302 2145; baseline -0.002 -11"><span class='ocrx_word' id='word_1_712' title='bbox 1229 2101 1344 2135; x_wconf 79' lang='lat' dir='ltr'>tatoris</span> <span class='ocrx_word' id='word_1_713' title='bbox 1356 2101 1476 2145; x_wconf 77' lang='lat' dir='ltr'>Justini</span> <span class='ocrx_word' id='word_1_714' title='bbox 1489 2101 1625 2136; x_wconf 89' lang='lat' dir='ltr'>Comite</span> <span class='ocrx_word' id='word_1_715' title='bbox 1636 2100 1799 2143; x_wconf 75' lang='lat' dir='ltr'>Pompeio</span> <span class='ocrx_word' id='word_1_716' title='bbox 1819 2100 1925 2144; x_wconf 72' lang='lat' dir='ltr'>passus</span> <span class='ocrx_word' id='word_1_717' title='bbox 1935 2098 1983 2134; x_wconf 87' lang='lat' dir='ltr'>est</span> <span class='ocrx_word' id='word_1_718' title='bbox 2004 2098 2037 2132; x_wconf 88' lang='lat' dir='ltr'>se</span> <span class='ocrx_word' id='word_1_719' title='bbox 2046 2099 2123 2133; x_wconf 89' lang='lat' dir='ltr'>titu·</span> <span class='ocrx_word' id='word_1_720' title='bbox 2142 2103 2188 2128; x_wconf 83' lang='lat'>40·</span> <span class='ocrx_word' id='word_1_721' title='bbox 2212 2101 2241 2141; x_wconf 66' lang='grc' dir='ltr'>ῖς</span> <span class='ocrx_word' id='word_1_722' title='bbox 2257 2102 2302 2138; x_wconf 76' lang='lat' dir='ltr'>t²&#39;</span> 
     </span>
     <span class='ocr_line' id='line_1_114' title="bbox 1227 2130 2303 2202; baseline 0.002 -20"><span class='ocrx_word' id='word_1_723' title='bbox 1227 2148 1288 2183; x_wconf 84' lang='lat' dir='ltr'>lari</span> <span class='ocrx_word' id='word_1_724' title='bbox 1309 2147 1501 2190; x_wconf 62' lang='lat' dir='ltr'>apostolicum</span> <span class='ocrx_word' id='word_1_725' title='bbox 1525 2152 1650 2183; x_wconf 82' lang='lat' dir='ltr'>Patrem</span> <span class='ocrx_word' id='word_1_726' title='bbox 1672 2151 1707 2184; x_wconf 65' lang='grc' dir='ltr'><em>θ</em></span> <span class='ocrx_word' id='word_1_727' title='bbox 1727 2148 1980 2192; x_wconf 65' lang='lat' dir='ltr'>archiepiscopum</span> <span class='ocrx_word' id='word_1_728' title='bbox 1998 2153 2125 2184; x_wconf 74' lang='lat' dir='ltr'>univer·</span> <span class='ocrx_word' id='word_1_729' title='bbox 2142 2130 2303 2202; x_wconf 45' lang='lat' dir='ltr'>P0stffi’j}</span> 
     </span>
     <span class='ocr_line' id='line_1_115' title="bbox 1222 2182 2301 2242; baseline 0 -10"><span class='ocrx_word' id='word_1_730' title='bbox 1222 2197 1301 2242; x_wconf 72' lang='lat' dir='ltr'>salis</span> <span class='ocrx_word' id='word_1_731' title='bbox 1328 2197 1470 2241; x_wconf 66' lang='lat' dir='ltr'>Eccleffig.</span> <span class='ocrx_word' id='word_1_732' title='bbox 1503 2197 1550 2233; x_wconf 89' lang='lat' dir='ltr'>Et</span> <span class='ocrx_word' id='word_1_733' title='bbox 1573 2197 1708 2240; x_wconf 73' lang='lat' dir='ltr'>univer-fi</span> <span class='ocrx_word' id='word_1_734' title='bbox 1728 2199 1809 2233; x_wconf 79' lang='lat' dir='ltr'>orbis</span> <span class='ocrx_word' id='word_1_735' title='bbox 1821 2208 1902 2240; x_wconf 63' lang='lat' dir='ltr'>terre</span> <span class='ocrx_word' id='word_1_736' title='bbox 1912 2197 2125 2232; x_wconf 74' lang='lat' dir='ltr'>Pamaercbaem</span> <span class='ocrx_word' id='word_1_737' title='bbox 2143 2182 2190 2203; x_wconf 54' lang='grc' dir='ltr'>ω’</span> <span class='ocrx_word' id='word_1_738' title='bbox 2291 2192 2301 2201; x_wconf 78' lang='grc'><strong>”</strong></span> 
     </span>
     <span class='ocr_line' id='line_1_116' title="bbox 1226 2246 2127 2292; baseline -0.002 -9"><span class='ocrx_word' id='word_1_739' title='bbox 1226 2248 1246 2283; x_wconf 73' lang='lat' dir='ltr'>a</span> <span class='ocrx_word' id='word_1_740' title='bbox 1267 2247 1448 2284; x_wconf 85' lang='lat' dir='ltr'>Monachis</span> <span class='ocrx_word' id='word_1_741' title='bbox 1460 2247 1608 2284; x_wconf 74' lang='lat' dir='ltr'>secundas</span> <span class='ocrx_word' id='word_1_742' title='bbox 1625 2249 1729 2292; x_wconf 86' lang='lat' dir='ltr'>Syriae</span> <span class='ocrx_word' id='word_1_743' title='bbox 1741 2274 1750 2282; x_wconf 92' lang='lat'><strong>.</strong></span> <span class='ocrx_word' id='word_1_744' title='bbox 1777 2248 1816 2283; x_wconf 87' lang='lat' dir='ltr'>In</span> <span class='ocrx_word' id='word_1_745' title='bbox 1835 2248 1970 2283; x_wconf 72' lang='lat' dir='ltr'>Mennae</span> <span class='ocrx_word' id='word_1_746' title='bbox 1983 2246 2127 2283; x_wconf 81' lang='lat' dir='ltr'>Patriar-</span> 
     </span>
    </p>

    <p class='ocr_par' dir='ltr' id='par_1_11' title="bbox 1227 2296 2126 2342">
     <span class='ocr_line' id='line_1_117' title="bbox 1227 2296 2126 2342; baseline -0.003 -8"><span class='ocrx_word' id='word_1_747' title='bbox 1227 2296 1295 2334; x_wconf 81' lang='lat' dir='ltr'>chae</span> <span class='ocrx_word' id='word_1_748' title='bbox 1318 2298 1695 2342; x_wconf 81' lang='lat' dir='ltr'>Constantinopolitana</span> <span class='ocrx_word' id='word_1_749' title='bbox 1717 2298 1860 2342; x_wconf 85' lang='lat' dir='ltr'>Synodo</span> <span class='ocrx_word' id='word_1_750' title='bbox 1879 2299 1923 2332; x_wconf 86' lang='lat' dir='ltr'>fic</span> <span class='ocrx_word' id='word_1_751' title='bbox 1944 2297 2070 2332; x_wconf 80' lang='lat' dir='ltr'>titulari</span> <span class='ocrx_word' id='word_1_752' title='bbox 2091 2296 2126 2332; x_wconf 84' lang='lat' dir='ltr'>se</span> 
     </span>
    </p>

    <p class='ocr_par' dir='ltr' id='par_1_12' title="bbox 1231 2346 2126 2996">
     <span class='ocr_line' id='line_1_118' title="bbox 1235 2346 2125 2393; baseline -0.001 -11"><span class='ocrx_word' id='word_1_753' title='bbox 1235 2349 1378 2393; x_wconf 83' lang='lat' dir='ltr'>permisit</span> <span class='ocrx_word' id='word_1_754' title='bbox 1398 2347 1532 2392; x_wconf 87' lang='lat' dir='ltr'>&amp;Papa</span> <span class='ocrx_word' id='word_1_755' title='bbox 1553 2349 1745 2393; x_wconf 88' lang='lat' dir='ltr'>Agapetus.</span> <span class='ocrx_word' id='word_1_756' title='bbox 1770 2349 1810 2382; x_wconf 88' lang='lat' dir='ltr'>ln</span> <span class='ocrx_word' id='word_1_757' title='bbox 1825 2348 1880 2383; x_wconf 84' lang='lat' dir='ltr'>sua</span> <span class='ocrx_word' id='word_1_758' title='bbox 1902 2348 1984 2382; x_wconf 89' lang='lat' dir='ltr'>item</span> <span class='ocrx_word' id='word_1_759' title='bbox 1999 2346 2125 2381; x_wconf 89' lang='lat' dir='ltr'>Roma·</span> 
     </span>
     <span class='ocr_line' id='line_1_119' title="bbox 1236 2396 2126 2441; baseline -0.001 -8"><span class='ocrx_word' id='word_1_760' title='bbox 1236 2410 1277 2433; x_wconf 88' lang='lat' dir='ltr'>na</span> <span class='ocrx_word' id='word_1_761' title='bbox 1297 2398 1437 2441; x_wconf 88' lang='lat' dir='ltr'>Synodo</span> <span class='ocrx_word' id='word_1_762' title='bbox 1459 2398 1654 2433; x_wconf 87' lang='lat' dir='ltr'>Bonifacius</span> <span class='ocrx_word' id='word_1_763' title='bbox 1674 2396 1858 2434; x_wconf 37' lang='lat' dir='ltr'>secundusr</span> <span class='ocrx_word' id='word_1_764' title='bbox 1877 2397 1924 2432; x_wconf 84' lang='lat' dir='ltr'>Et</span> <span class='ocrx_word' id='word_1_765' title='bbox 1935 2396 2049 2432; x_wconf 85' lang='lat' dir='ltr'>Mauri</span> <span class='ocrx_word' id='word_1_766' title='bbox 2060 2396 2126 2432; x_wconf 86' lang='lat' dir='ltr'>Ge·</span> 
     </span>
     <span class='ocr_line' id='line_1_120' title="bbox 1235 2447 2126 2492; baseline -0.001 -9"><span class='ocrx_word' id='word_1_767' title='bbox 1235 2448 1361 2484; x_wconf 87' lang='lat' dir='ltr'>saenatis</span> <span class='ocrx_word' id='word_1_768' title='bbox 1382 2448 1563 2492; x_wconf 88' lang='lat' dir='ltr'>Episcopi,</span> <span class='ocrx_word' id='word_1_769' title='bbox 1589 2459 1661 2492; x_wconf 83' lang='lat' dir='ltr'>quae</span> <span class='ocrx_word' id='word_1_770' title='bbox 1684 2448 1790 2492; x_wconf 89' lang='lat' dir='ltr'>ipsum</span> <span class='ocrx_word' id='word_1_771' title='bbox 1801 2457 1876 2483; x_wconf 91' lang='lat' dir='ltr'>toto</span> <span class='ocrx_word' id='word_1_772' title='bbox 1885 2447 1966 2483; x_wconf 89' lang='lat' dir='ltr'>orbe</span> <span class='ocrx_word' id='word_1_773' title='bbox 1977 2447 2126 2492; x_wconf 80' lang='lat' dir='ltr'>Aposto·</span> 
     </span>
     <span class='ocr_line' id='line_1_121' title="bbox 1234 2496 2125 2539; baseline 0 -6"><span class='ocrx_word' id='word_1_774' title='bbox 1234 2499 1338 2534; x_wconf 87' lang='lat' dir='ltr'>licum</span> <span class='ocrx_word' id='word_1_775' title='bbox 1358 2497 1618 2533; x_wconf 85' lang='lat' dir='ltr'>&amp;universalem</span> <span class='ocrx_word' id='word_1_776' title='bbox 1631 2497 1831 2533; x_wconf 87' lang='lat' dir='ltr'>Pontificem</span> <span class='ocrx_word' id='word_1_777' title='bbox 1841 2497 2044 2539; x_wconf 80' lang='lat' dir='ltr'>titulabant,</span> <span class='ocrx_word' id='word_1_778' title='bbox 2069 2496 2125 2533; x_wconf 76' lang='lat' dir='ltr'>lit-</span> 
     </span>
     <span class='ocr_line' id='line_1_122' title="bbox 1233 2547 2124 2593; baseline -0.003 -9"><span class='ocrx_word' id='word_1_779' title='bbox 1233 2560 1316 2584; x_wconf 88' lang='lat' dir='ltr'>teras</span> <span class='ocrx_word' id='word_1_780' title='bbox 1337 2547 1467 2593; x_wconf 74' lang='lat' dir='ltr'>integre</span> <span class='ocrx_word' id='word_1_781' title='bbox 1481 2548 1548 2593; x_wconf 88' lang='lat' dir='ltr'>legi</span> <span class='ocrx_word' id='word_1_782' title='bbox 1560 2549 1595 2583; x_wconf 87' lang='lat' dir='ltr'>in</span> <span class='ocrx_word' id='word_1_783' title='bbox 1607 2550 1663 2583; x_wconf 91' lang='lat' dir='ltr'>sua</span> <span class='ocrx_word' id='word_1_784' title='bbox 1673 2548 1884 2584; x_wconf 85' lang='lat' dir='ltr'>Lateranensi</span> <span class='ocrx_word' id='word_1_785' title='bbox 1901 2547 2042 2590; x_wconf 83' lang='lat' dir='ltr'>Synodo</span> <span class='ocrx_word' id='word_1_786' title='bbox 2053 2557 2124 2589; x_wconf 70' lang='lat' dir='ltr'>pet·-</span> 
     </span>
     <span class='ocr_line' id='line_1_123' title="bbox 1233 2594 2119 2641; baseline -0.005 -7"><span class='ocrx_word' id='word_1_787' title='bbox 1233 2600 1321 2634; x_wconf 87' lang='lat' dir='ltr'>misit</span> <span class='ocrx_word' id='word_1_788' title='bbox 1338 2598 1507 2632; x_wconf 86' lang='lat' dir='ltr'>Martinus</span> <span class='ocrx_word' id='word_1_789' title='bbox 1529 2598 1672 2641; x_wconf 88' lang='lat' dir='ltr'>primus.</span> <span class='ocrx_word' id='word_1_790' title='bbox 1700 2597 1812 2632; x_wconf 84' lang='lat' dir='ltr'>Etiam</span> <span class='ocrx_word' id='word_1_791' title='bbox 1824 2597 1973 2637; x_wconf 80' lang='lat' dir='ltr'>litteras,</span> <span class='ocrx_word' id='word_1_792' title='bbox 1996 2594 2119 2638; x_wconf 81' lang='lat' dir='ltr'>quibus</span> 
     </span>
     <span class='ocr_line' id='line_1_124' title="bbox 1233 2645 2122 2692; baseline -0.004 -8"><span class='ocrx_word' id='word_1_793' title='bbox 1233 2647 1456 2684; x_wconf 87' lang='lat' dir='ltr'>Theodorum</span> <span class='ocrx_word' id='word_1_794' title='bbox 1476 2647 1602 2692; x_wconf 88' lang='lat' dir='ltr'>Papam</span> <span class='ocrx_word' id='word_1_795' title='bbox 1613 2647 1659 2682; x_wconf 87' lang='lat' dir='ltr'>ita</span> <span class='ocrx_word' id='word_1_796' title='bbox 1679 2646 1826 2682; x_wconf 89' lang='lat' dir='ltr'>titularat</span> <span class='ocrx_word' id='word_1_797' title='bbox 1835 2646 1966 2691; x_wconf 86' lang='lat' dir='ltr'>Sergius</span> <span class='ocrx_word' id='word_1_798' title='bbox 1978 2645 2122 2681; x_wconf 77' lang='lat' dir='ltr'>Pati-iar·</span> 
     </span>
     <span class='ocr_line' id='line_1_125' title="bbox 1233 2694 2122 2742; baseline -0.006 -8"><span class='ocrx_word' id='word_1_799' title='bbox 1233 2699 1296 2734; x_wconf 88' lang='lat' dir='ltr'>cha</span> <span class='ocrx_word' id='word_1_800' title='bbox 1322 2696 1718 2742; x_wconf 88' lang='lat' dir='ltr'>Constantinopolitanus</span> <span class='ocrx_word' id='word_1_801' title='bbox 1741 2721 1749 2728; x_wconf 90' lang='lat'>.</span> <span class='ocrx_word' id='word_1_802' title='bbox 1785 2694 1996 2731; x_wconf 84' lang='lat' dir='ltr'>Obedientiae</span> <span class='ocrx_word' id='word_1_803' title='bbox 2027 2695 2122 2731; x_wconf 88' lang='lat' dir='ltr'>libel-</span> 
     </span>
     <span class='ocr_line' id='line_1_126' title="bbox 1234 2745 2121 2793; baseline -0.006 -8"><span class='ocrx_word' id='word_1_804' title='bbox 1234 2750 1308 2791; x_wconf 92' lang='lat' dir='ltr'>lus,</span> <span class='ocrx_word' id='word_1_805' title='bbox 1333 2759 1432 2793; x_wconf 90' lang='lat' dir='ltr'>quem</span> <span class='ocrx_word' id='word_1_806' title='bbox 1458 2748 1494 2782; x_wconf 89' lang='lat' dir='ltr'>in</span> <span class='ocrx_word' id='word_1_807' title='bbox 1520 2749 1637 2788; x_wconf 62' lang='lat' dir='ltr'>octava</span> <span class='ocrx_word' id='word_1_808' title='bbox 1663 2746 1803 2791; x_wconf 83' lang='lat' dir='ltr'>synodo</span> <span class='ocrx_word' id='word_1_809' title='bbox 1830 2747 1975 2791; x_wconf 85' lang='lat' dir='ltr'>profiteri</span> <span class='ocrx_word' id='word_1_810' title='bbox 2011 2745 2121 2782; x_wconf 67' lang='lat' dir='ltr'>coam</span> 
     </span>
     <span class='ocr_line' id='line_1_127' title="bbox 1235 2796 2121 2841; baseline -0.006 -6"><span class='ocrx_word' id='word_1_811' title='bbox 1235 2802 1368 2835; x_wconf 84' lang='lat' dir='ltr'>suerunt</span> <span class='ocrx_word' id='word_1_812' title='bbox 1389 2798 1564 2834; x_wconf 84' lang='lat' dir='ltr'>Photianae</span> <span class='ocrx_word' id='word_1_813' title='bbox 1582 2797 1737 2834; x_wconf 69' lang='lat' dir='ltr'>faetionis</span> <span class='ocrx_word' id='word_1_814' title='bbox 1750 2796 1907 2841; x_wconf 88' lang='lat' dir='ltr'>Episcopi</span> <span class='ocrx_word' id='word_1_815' title='bbox 1929 2796 2121 2836; x_wconf 88' lang='lat' dir='ltr'>&amp;Clerici‚</span> 
     </span>
     <span class='ocr_line' id='line_1_128' title="bbox 1235 2846 2121 2893; baseline -0.005 -8"><span class='ocrx_word' id='word_1_816' title='bbox 1235 2850 1298 2886; x_wconf 88' lang='lat' dir='ltr'>fuit</span> <span class='ocrx_word' id='word_1_817' title='bbox 1308 2850 1425 2885; x_wconf 79' lang='lat' dir='ltr'>Romae</span> <span class='ocrx_word' id='word_1_818' title='bbox 1440 2848 1642 2893; x_wconf 86' lang='lat' dir='ltr'>compositus</span> <span class='ocrx_word' id='word_1_819' title='bbox 1658 2861 1666 2881; x_wconf 75' lang='grc' dir='ltr'><strong><em>ε</em></strong></span> <span class='ocrx_word' id='word_1_820' title='bbox 1693 2847 1737 2882; x_wconf 88' lang='lat' dir='ltr'>Et</span> <span class='ocrx_word' id='word_1_821' title='bbox 1747 2857 1859 2882; x_wconf 85' lang='lat' dir='ltr'>tamen</span> <span class='ocrx_word' id='word_1_822' title='bbox 1869 2846 1904 2881; x_wconf 91' lang='lat' dir='ltr'>in</span> <span class='ocrx_word' id='word_1_823' title='bbox 1918 2847 1988 2890; x_wconf 87' lang='lat' dir='ltr'>ipso</span> <span class='ocrx_word' id='word_1_824' title='bbox 2000 2846 2121 2882; x_wconf 73' lang='lat' dir='ltr'>Adria-</span> 
     </span>
     <span class='ocr_line' id='line_1_129' title="bbox 1237 2896 2120 2939; baseline -0.007 -4"><span class='ocrx_word' id='word_1_825' title='bbox 1237 2911 1297 2936; x_wconf 87' lang='lat' dir='ltr'>nus</span> <span class='ocrx_word' id='word_1_826' title='bbox 1316 2900 1475 2936; x_wconf 83' lang='lat' dir='ltr'>secundus</span> <span class='ocrx_word' id='word_1_827' title='bbox 1497 2898 1647 2935; x_wconf 88' lang='lat' dir='ltr'>titulatur</span> <span class='ocrx_word' id='word_1_828' title='bbox 1669 2899 1808 2932; x_wconf 78' lang='lat' dir='ltr'>Summus</span> <span class='ocrx_word' id='word_1_829' title='bbox 1832 2896 1978 2939; x_wconf 72' lang='lat' dir='ltr'>Pontifex</span> <span class='ocrx_word' id='word_1_830' title='bbox 2002 2898 2038 2931; x_wconf 66' lang='grc' dir='ltr'>ό·</span> <span class='ocrx_word' id='word_1_831' title='bbox 2057 2899 2120 2932; x_wconf 79' lang='lat' dir='ltr'>Pa·</span> 
     </span>
     <span class='ocr_line' id='line_1_130' title="bbox 1231 2945 2119 2996; baseline -0.006 -10"><span class='ocrx_word' id='word_1_832' title='bbox 1231 2960 1277 2995; x_wconf 83' lang='lat' dir='ltr'>pa</span> <span class='ocrx_word' id='word_1_833' title='bbox 1299 2948 1481 2996; x_wconf 75' lang='lat' dir='ltr'>universalis</span> <span class='ocrx_word' id='word_1_834' title='bbox 1500 2975 1509 2983; x_wconf 93' lang='lat'><em>.</em></span> <span class='ocrx_word' id='word_1_835' title='bbox 1535 2947 1690 2983; x_wconf 87' lang='lat' dir='ltr'>Eundem</span> <span class='ocrx_word' id='word_1_836' title='bbox 1717 2945 1903 2983; x_wconf 87' lang='lat' dir='ltr'>Adrianum</span> <span class='ocrx_word' id='word_1_837' title='bbox 1924 2948 1960 2981; x_wconf 88' lang='lat' dir='ltr'>in</span> <span class='ocrx_word' id='word_1_838' title='bbox 1981 2946 2119 2982; x_wconf 73' lang='lat' dir='ltr'>laudatas</span> 
     </span>
    </p>

    <p class='ocr_par' dir='ltr' id='par_1_13' title="bbox 1235 2996 2119 3046">
     <span class='ocr_line' id='line_1_131' title="bbox 1235 2996 2119 3046; baseline -0.006 -9"><span class='ocrx_word' id='word_1_839' title='bbox 1235 3000 1364 3046; x_wconf 85' lang='lat' dir='ltr'>Synodi</span> <span class='ocrx_word' id='word_1_840' title='bbox 1387 2999 1574 3046; x_wconf 69' lang='lat' dir='ltr'>praefatione</span> <span class='ocrx_word' id='word_1_841' title='bbox 1595 2997 1794 3041; x_wconf 83' lang='lat' dir='ltr'>universalem</span> <span class='ocrx_word' id='word_1_842' title='bbox 1819 2996 2000 3042; x_wconf 75' lang='lat' dir='ltr'>Episcopum</span> <span class='ocrx_word' id='word_1_843' title='bbox 2019 3005 2119 3033; x_wconf 86' lang='lat' dir='ltr'>vocat</span> 
     </span>
    </p>

    <p class='ocr_par' dir='ltr' id='par_1_14' title="bbox 1237 3046 2117 3087">
     <span class='ocr_line' id='line_1_132' title="bbox 1237 3046 2117 3087; baseline -0.007 0"><span class='ocrx_word' id='word_1_844' title='bbox 1237 3051 1423 3087; x_wconf 86' lang='lat' dir='ltr'>Anastasius</span> <span class='ocrx_word' id='word_1_845' title='bbox 1456 3047 1639 3084; x_wconf 78' lang='lat' dir='ltr'>Cardinalis</span> <span class='ocrx_word' id='word_1_846' title='bbox 1664 3047 1940 3083; x_wconf 83' lang='lat' dir='ltr'>Bibliothecarius</span> <span class='ocrx_word' id='word_1_847' title='bbox 1968 3072 1978 3081; x_wconf 90' lang='lat'><strong>.</strong></span> <span class='ocrx_word' id='word_1_848' title='bbox 2003 3046 2049 3082; x_wconf 89' lang='lat' dir='ltr'>Et</span> <span class='ocrx_word' id='word_1_849' title='bbox 2079 3047 2117 3081; x_wconf 76' lang='lat' dir='ltr'>in</span> 
     </span>
    </p>

    <p class='ocr_par' dir='ltr' id='par_1_15' title="bbox 1235 3096 2118 3144">
     <span class='ocr_line' id='line_1_133' title="bbox 1235 3096 2118 3144; baseline -0.006 -8"><span class='ocrx_word' id='word_1_850' title='bbox 1235 3102 1318 3137; x_wconf 87' lang='lat' dir='ltr'>sexti</span> <span class='ocrx_word' id='word_1_851' title='bbox 1336 3097 1486 3138; x_wconf 87' lang='lat' dir='ltr'>Concilii</span> <span class='ocrx_word' id='word_1_852' title='bbox 1502 3099 1792 3144; x_wconf 85' lang='lat' dir='ltr'>subscriptionibus</span> <span class='ocrx_word' id='word_1_853' title='bbox 1812 3109 1927 3134; x_wconf 88' lang='lat' dir='ltr'>omnes</span> <span class='ocrx_word' id='word_1_854' title='bbox 1948 3107 2011 3133; x_wconf 89' lang='lat' dir='ltr'>tres</span> <span class='ocrx_word' id='word_1_855' title='bbox 2024 3096 2118 3141; x_wconf 87' lang='lat' dir='ltr'>Apo-</span> 
     </span>
    </p>

    <p class='ocr_par' dir='ltr' id='par_1_16' title="bbox 1233 3147 2119 3297">
     <span class='ocr_line' id='line_1_134' title="bbox 1236 3147 2118 3197; baseline -0.008 -10"><span class='ocrx_word' id='word_1_856' title='bbox 1236 3152 1346 3189; x_wconf 86' lang='lat' dir='ltr'>stolici</span> <span class='ocrx_word' id='word_1_857' title='bbox 1368 3150 1488 3197; x_wconf 87' lang='lat' dir='ltr'>Legati</span> <span class='ocrx_word' id='word_1_858' title='bbox 1511 3149 1674 3185; x_wconf 87' lang='lat' dir='ltr'>dederunt</span> <span class='ocrx_word' id='word_1_859' title='bbox 1696 3147 1756 3183; x_wconf 87' lang='lat' dir='ltr'>fibi</span> <span class='ocrx_word' id='word_1_860' title='bbox 1778 3148 1868 3184; x_wconf 86' lang='lat' dir='ltr'>hunc</span> <span class='ocrx_word' id='word_1_861' title='bbox 1878 3147 2032 3183; x_wconf 85' lang='lat' dir='ltr'>titulum:</span> <span class='ocrx_word' id='word_1_862' title='bbox 2059 3150 2118 3181; x_wconf 86' lang='lat' dir='ltr'>Lo-</span> 
     </span>
     <span class='ocr_line' id='line_1_135' title="bbox 1235 3195 2119 3249; baseline -0.01 -11"><span class='ocrx_word' id='word_1_863' title='bbox 1235 3214 1301 3238; x_wconf 87' lang='lat' dir='ltr'>cum</span> <span class='ocrx_word' id='word_1_864' title='bbox 1317 3214 1425 3249; x_wconf 82' lang='lat' dir='ltr'>gerens</span> <span class='ocrx_word' id='word_1_865' title='bbox 1449 3199 1613 3245; x_wconf 82' lang='lat' dir='ltr'>Agathonis</span> <span class='ocrx_word' id='word_1_866' title='bbox 1633 3200 1781 3241; x_wconf 72' lang='lat' dir='ltr'>beattffimi</span> <span class='ocrx_word' id='word_1_867' title='bbox 1805 3195 2034 3240; x_wconf 70' lang='lat' dir='ltr'>&amp;universalis</span> <span class='ocrx_word' id='word_1_868' title='bbox 2053 3198 2119 3230; x_wconf 84' lang='lat' dir='ltr'>Pa-</span> 
     </span>
     <span class='ocr_line' id='line_1_136' title="bbox 1233 3245 2117 3297; baseline -0.008 -9"><span class='ocrx_word' id='word_1_869' title='bbox 1233 3262 1273 3297; x_wconf 66' lang='lat' dir='ltr'>pg</span> <span class='ocrx_word' id='word_1_870' title='bbox 1298 3253 1381 3287; x_wconf 74' lang='lat' dir='ltr'>urbis</span> <span class='ocrx_word' id='word_1_871' title='bbox 1406 3255 1509 3285; x_wconf 84' lang='lat' dir='ltr'>Romae</span> <span class='ocrx_word' id='word_1_872' title='bbox 1534 3275 1542 3283; x_wconf 90' lang='lat'>.</span> <span class='ocrx_word' id='word_1_873' title='bbox 1580 3251 1625 3285; x_wconf 89' lang='lat' dir='ltr'>Et</span> <span class='ocrx_word' id='word_1_874' title='bbox 1649 3250 1686 3284; x_wconf 88' lang='lat' dir='ltr'>in</span> <span class='ocrx_word' id='word_1_875' title='bbox 1711 3247 1949 3294; x_wconf 83' lang='lat' dir='ltr'>Pontigonenfi</span> <span class='ocrx_word' id='word_1_876' title='bbox 1974 3245 2117 3291; x_wconf 85' lang='lat' dir='ltr'>Synodo</span> 
     </span>
    </p>

    <p class='ocr_par' dir='ltr' id='par_1_17' title="bbox 1237 3299 2116 3349">
     <span class='ocr_line' id='line_1_137' title="bbox 1237 3299 2116 3349; baseline -0.01 -11"><span class='ocrx_word' id='word_1_877' title='bbox 1237 3299 1640 3349; x_wconf 84' lang='lat' dir='ltr'>Joannes-Thuscanenfis</span> <span class='ocrx_word' id='word_1_878' title='bbox 1663 3301 1862 3346; x_wconf 88' lang='lat' dir='ltr'>Episcopus:</span> <span class='ocrx_word' id='word_1_879' title='bbox 1889 3301 2021 3342; x_wconf 83' lang='lat' dir='ltr'>Legatus</span> <span class='ocrx_word' id='word_1_880' title='bbox 2041 3299 2116 3330; x_wconf 79' lang='lat' dir='ltr'>San-</span> 
     </span>
    </p>

    <p class='ocr_par' dir='ltr' id='par_1_18' title="bbox 1236 3349 2115 3394">
     <span class='ocr_line' id='line_1_138' title="bbox 1236 3349 2115 3394; baseline -0.009 -7"><span class='ocrx_word' id='word_1_881' title='bbox 1236 3354 1293 3388; x_wconf 64' lang='lat' dir='ltr'>Hae</span> <span class='ocrx_word' id='word_1_882' title='bbox 1315 3354 1400 3387; x_wconf 75' lang='lat' dir='ltr'>Sedis</span> <span class='ocrx_word' id='word_1_883' title='bbox 1424 3351 1590 3394; x_wconf 65' lang='lat' dir='ltr'>apostolica·</span> <span class='ocrx_word' id='word_1_884' title='bbox 1609 3375 1621 3392; x_wconf 91' lang='lat'>‚</span> <span class='ocrx_word' id='word_1_885' title='bbox 1648 3353 1685 3388; x_wconf 65' lang='grc' dir='ltr'>Θ</span> <span class='ocrx_word' id='word_1_886' title='bbox 1707 3354 1827 3384; x_wconf 71' lang='lat' dir='ltr'>Domini</span> <span class='ocrx_word' id='word_1_887' title='bbox 1839 3351 1871 3394; x_wconf 88' lang='lat' dir='ltr'><strong><em>J</em></strong></span> <span class='ocrx_word' id='word_1_888' title='bbox 1874 3351 1979 3382; x_wconf 70' lang='lat' dir='ltr'>oannis</span> <span class='ocrx_word' id='word_1_889' title='bbox 2002 3349 2115 3381; x_wconf 79' lang='lat' dir='ltr'>Summi</span> 
     </span>
    </p>

    <p class='ocr_par' dir='ltr' id='par_1_19' title="bbox 1239 3397 2116 3447">
     <span class='ocr_line' id='line_1_139' title="bbox 1239 3397 2116 3447; baseline -0.009 -9"><span class='ocrx_word' id='word_1_890' title='bbox 1239 3403 1415 3447; x_wconf 60' lang='lat' dir='ltr'>martificis,</span> <span class='ocrx_word' id='word_1_891' title='bbox 1439 3403 1474 3436; x_wconf 67' lang='grc' dir='ltr'>Θ·</span> <span class='ocrx_word' id='word_1_892' title='bbox 1494 3400 1675 3447; x_wconf 81' lang='lat' dir='ltr'>universalis</span> <span class='ocrx_word' id='word_1_893' title='bbox 1699 3404 1796 3443; x_wconf 69' lang='lat' dir='ltr'>Papa</span> <span class='ocrx_word' id='word_1_894' title='bbox 1818 3423 1827 3432; x_wconf 86' lang='lat'><strong>.</strong></span> <span class='ocrx_word' id='word_1_895' title='bbox 1855 3398 1899 3431; x_wconf 88' lang='lat' dir='ltr'>Et</span> <span class='ocrx_word' id='word_1_896' title='bbox 1918 3397 2029 3433; x_wconf 65' lang='lat' dir='ltr'>Sancti</span> <span class='ocrx_word' id='word_1_897' title='bbox 2052 3397 2116 3431; x_wconf 87' lang='lat' dir='ltr'>Be·</span> 
     </span>
    </p>

    <p class='ocr_par' dir='ltr' id='par_1_20' title="bbox 1238 3447 2116 3543">
     <span class='ocr_line' id='line_1_140' title="bbox 1238 3447 2116 3535; baseline -0.011 -45"><span class='ocrx_word' id='word_1_898' title='bbox 1238 3454 1335 3502; x_wconf 88' lang='lat' dir='ltr'>nigni</span> <span class='ocrx_word' id='word_1_899' title='bbox 1370 3453 1582 3490; x_wconf 85' lang='lat' dir='ltr'>Divionenfis</span> <span class='ocrx_word' id='word_1_900' title='bbox 1613 3449 1811 3488; x_wconf 83' lang='lat' dir='ltr'>Chronicon</span> <span class='ocrx_word' id='word_1_901' title='bbox 1834 3449 1930 3485; x_wconf 88' lang='lat' dir='ltr'>refert</span> <span class='ocrx_word' id='word_1_902' title='bbox 1955 3447 2116 3535; x_wconf 71' lang='lat' dir='ltr'>ISDiploma</span> 
     </span>
     <span class='ocr_line' id='line_1_141' title="bbox 1985 3508 2067 3543; baseline -0.037 -9"><span class='ocrx_word' id='word_1_903' title='bbox 1985 3508 2067 3543; x_wconf 74' lang='lat' dir='ltr'>ergit</span> 
     </span>
    </p>
   </div>
  </div>
 </body>
</html>
