2366 3756
949 187 1442 232 DrcTArus-

1947 202 2048 249 207

277 276 363 323 quiz
375 275 427 310 Co
433 273 619 308 nststentem
637 294 648 311 ‚
675 269 752 306 licet
763 281 832 303 non
844 268 862 303 ὲ
874 267 940 303 Dei
957 269 1061 313 gratia
1075 293 1086 308 ,
1114 280 1171 312 pro
1211 279 1215 285 ’
1231 276 1277 302 ter
1287 267 1416 311 spiritus
1426 271 1496 302 olim
1506 268 1750 313 requiescentium
1758 272 1845 307 recito
1855 272 2015 306 cac-mano
2027 287 2046 304 .·
2062 270 2107 306 Et

279 337 428 372 tempore
448 334 558 359 tamen
581 320 687 357 adhuc
711 320 892 355 excludunt
915 319 934 352 a
958 320 1024 352 vita
1034 329 1167 353 aeterna.

280 379 363 425 Qae
383 376 498 412 omnia
511 374 682 408 firmantur
702 370 720 404 a
752 367 889 403 laudatis
902 368 1081 414 Augustini
1106 380 1171 402 ven-

278 428 331 462 bis
345 452 352 459 .
382 426 514 461 Etenim
527 423 568 457 de
581 423 712 467 peffimo
724 420 863 454 crimine
888 431 955 453 non
971 420 1142 454 convietus
1159 443 1170 459 ,

280 477 338 512 sed
362 477 534 511 dumtaxat
554 474 572 507 ὲ
593 471 756 515 complice
768 471 934 504 accusatus
956 469 1168 513 eratPresby-

284 531 333 563 ter
347 526 554 561 Bonifacius:
580 523 614 557 ἅτ
637 521 723 567 quod
735 518 878 554 humana
889 519 923 553 in
938 521 1089 564 quamvis
1100 531 1169 564 par-

280 588 348 612 tem
375 576 526 621 probatio
552 573 702 608 deficeret
720 594 732 611 ,
757 571 797 604 ad
827 570 989 604 Divinum
1020 571 1038 604 a
1060 570 1168 605 Sansti

282 628 401 661 Felicis
411 636 547 669 corpore
569 622 727 666 judicium
751 630 961 664 provocarat.
988 619 1170 654 Nihilomi-

280 677 344 711 nus
356 676 550 710 sufficienter
562 674 738 716 suspenum
752 670 928 706 censebant
946 670 967 705 ὀ
980 671 1104 715 populo
1116 681 1167 704 va·

280 726 342 768 rii,
369 726 436 768 ejus
462 724 592 760 nomini
611 721 767 757 nolebant
780 721 1048 761 communicare,
1078 720 1168 754 ideo·

282 788 346 819 que
373 788 434 810 nec
456 776 658 819 frequentare
685 771 864 806 Ecclesiam
888 795 900 812 ,
926 772 1095 815 quousque
1122 771 1167 813 ἱμ-

281 827 351 861 sum
366 837 434 860 non
446 824 687 868 suspenderetur
701 846 710 856 .
736 821 838 868 Qod
848 822 967 865 nempe
988 820 1047 856 ista
1069 820 1167 863 suspi-

279 878 335 911 cio
348 877 443 911 illum
455 875 643 909 excluderet
653 872 672 906 ὲ
684 872 922 908 communione
936 871 1163 906 Perfestorum.

279 927 327 961 Et
338 924 546 970 Augustinus
556 947 567 963 ,
592 922 668 958 licet
678 923 696 957 ὲ
709 932 776 957 tam
788 922 925 963 terribili
944 921 1168 966 appellatione

277 975 356 1010 satis
382 985 556 1020 purgatum
576 974 765 1016 opinaretur
789 997 801 1013 ,
826 972 974 1006 obedivit
986 970 996 1004 ¹.
1023 971 1068 1005 Et
1088 968 1166 1004 hinc

278 1025 361 1061 item
386 1026 471 1060 lucet
499 1035 568 1059 nou
590 1022 693 1058 solius
714 1021 889 1066 Episcopi,
915 1021 1078 1055 sedetiam
1099 1030 1167 1054 om-

278 1077 377 1110 nium
406 1074 672 1118 presbyterorum
697 1073 836 1107 nomina
857 1081 937 1106 tunc
958 1071 1043 1115 apud
1066 1069 1167 1104 Afros

281 1127 377 1161 fuisse
388 1125 531 1160 recitata.
546 1125 658 1159 Etiam
672 1120 829 1168 quosdam
841 1120 985 1164 hospites
997 1121 1092 1155 fuisse
1103 1122 1165 1155 isto

277 1173 406 1210 honore
417 1175 600 1219 impartitos
611 1173 798 1208 audivimus
812 1173 901 1214 supra
917 1170 958 1205 ab
968 1172 1166 1215 Imperatore

277 1224 451 1260 Michaele
472 1225 661 1269 Palaeologo
675 1249 682 1256 .
702 1222 839 1265 ‚Nempe
862 1219 1007 1264 hospites
1031 1221 1167 1265 Episco-

277 1286 346 1319 pos.
374 1276 441 1310 Uti
454 1275 529 1308 illos
540 1275 579 1307 ad
594 1272 763 1315 publicum
777 1271 970 1306 sacrificium
982 1282 1020 1305 ac
1032 1270 1165 1306 verbum

240 1366 243 1368 v
268 1324 433 1358 ⁴invitavit
448 1348 460 1364 ,
470 1324 515 1358 ita
528 1323 562 1357 &
577 1322 639 1355 isto
650 1321 778 1355 honore
789 1321 911 1355 adfecit
922 1321 1014 1357 avita
1026 1320 1167 1365 discipli·

105 1661 192 1691 Hom.
216 1662 261 1691 18.

101 2152 184 2185 Con.
196 2162 218 2190 5.

278 1385 322 1408 na
334 1400 341 1407 .
368 1374 472 1422 Qod
490 1374 596 1417 ipsum
606 1373 706 1407 etiam
718 1370 905 1406 Abbatibus
917 1371 950 1405 &
965 1371 1167 1415 gravioribus

277 1423 462 1458 Monachis
472 1423 606 1458 advenis
623 1422 715 1456 fuisse
734 1421 882 1456 delatum
903 1419 922 1455 ὲ
935 1420 1145 1455 Monasteriis
1158 1445 1168 1460 ‚

214 1484 221 1493 ·
278 1474 411 1509 testatur
431 1473 637 1508 Theodorus
656 1471 834 1506 Balsamon
855 1472 903 1507 in?
919 1469 1093 1514 Responsis
1126 1470 1167 1504 ad

278 1524 434 1558 Marcum
446 1521 670 1557 Patriarcham
689 1518 952 1555 Alexandrinum
965 1544 974 1552 .
999 1520 1166 1556 Fundato-

278 1575 321 1608 ris
335 1584 459 1609 nomen
470 1574 505 1608 in
518 1571 656 1607 fundata
668 1581 724 1615 per
737 1571 843 1614 ipsum
856 1569 999 1604 Ecclesia
1018 1567 1168 1611 quotidie

276 1623 418 1667 recitari,
434 1623 544 1656 scribit
555 1623 589 1655 in
598 1621 761 1655 Homiliis
773 1620 866 1661 super
876 1617 907 1650 A
912 1617 1073 1659 postoliea
1084 1614 1168 1654 Adia

276 1673 413 1708 Sanstus
435 1671 578 1715 Ioannes
601 1668 857 1713 Chrysostomus
871 1693 882 1702 .,
906 1667 1036 1702 Recens
1058 1666 1167 1712 Rege-

278 1733 468 1759 neratorum
493 1732 531 1756 ac
557 1719 652 1765 plene
678 1717 988 1753 Reconciliatorum
1029 1717 1166 1751 nomina

279 1774 374 1808 fuiffe
385 1773 518 1807 recitata
532 1795 543 1812 ,
568 1771 613 1805 est
627 1769 787 1805 omnibus
798 1767 917 1802 notum
928 1793 935 1800 .
1116 1790 1118 1794 .

331 1823 453 1870 Qinti
465 1820 626 1867 generalis
640 1819 787 1855 Concilii
800 1818 891 1852 Actis
904 1818 1020 1853 inserta
1033 1818 1078 1854 est
1091 1816 1133 1850 M
1157 1835 1169 1841 -

279 1874 448 1919 praesteria
469 1869 648 1916 Synodus,
668 1871 687 1905 ὲ
701 1880 764 1914 qua
788 1870 930 1913 Joannes
942 1868 1036 1903 istius
1056 1867 1169 1903 Eccle-

280 1925 330 1958 [ιε
351 1923 524 1966 Presbyter
550 1923 585 1955 ἀ
606 1921 769 1956 sacrorum
780 1919 943 1954 Vasorum
966 1919 1077 1955 custos
1096 1928 1169 1952 om-

278 1973 334 2008 nia
348 1973 402 2006 sua
413 1970 581 2016 Dypticha
596 1971 735 2014 proferre
747 1971 843 2014 jussus
857 1969 1042 2013 respondit:
1068 1968 1170 2004 Habeo

281 2026 316 2057 (tt
337 2024 411 2058 altos
436 2024 509 2055 duos
521 2021 756 2055 membranaceos
777 2024 983 2063 quaterniones
1005 2023 1167 2053 veteriores

277 2074 341 2107 ulis
355 2097 365 2113 ,
382 2078 443 2116 ⁴qui
462 2082 539 2106 nunc
557 2070 631 2115 sunt
657 2072 885 2106 (vacuantur.
913 2072 999 2113 ,Quos
1028 2070 1064 2103 <5
1086 2066 1168 2110 ipfhs

274 2124 421 2167 protuli,
441 2121 512 2165 ficut
533 2123 669 2155 videus.
696 2121 741 2154 Et
774 2120 858 2154 Asta
882 2117 1064 2160 synodalia
1085 2129 1096 2148 .·
1123 2119 1168 2147 Et

277 2173 396 2207 recitati
404 2171 474 2214 sunt
487 2194 498 2210 ‚
525 2169 680 2204 &hahent
688 2168 752 2209 fic,
774 2175 831 2208 pro
854 2164 1068 2207 quiescentibus
1091 2167 1170 2206 Epr-

274 2221 371 2264 scopis
399 2223 582 2263 Protogene,
607 2220 758 2259 Zozymo,
784 2216 914 2257 Olympio
929 2239 941 2255 ,
966 2216 1023 2248 ωε.
1050 2213 1168 2249 Conti-

279 2270 403 2304 nebant
424 2269 562 2303 nomina
585 2268 738 2302 omnium
761 2263 1066 2308 Mopsuestienfium
1090 2264 1168 2307 Epi·

279 2322 453 2363 scoporum
463 2319 482 2352 a
496 2318 600 2361 primo
611 2318 711 2359 usque
723 2315 764 2350 ad
779 2315 937 2350 ultimum
954 2314 1146 2351 defunctum
1158 2337 1166 2346 .

279 2371 325 2404 Et
345 2370 422 2414 quia
445 2367 515 2402 istic
541 2378 601 2410 pro
622 2367 788 2410 expuncto
811 2363 991 2399 Theodoti
1027 2363 1165 2398 nomine

280 2420 436 2455 inscrtum
449 2427 516 2452 erat
527 2417 635 2451 Sancti
649 2415 769 2459 Cyrilli
786 2412 1004 2449 Alexandrini
1020 2425 1143 2448 nomen
1154 2438 1164 2454 ,

281 2470 339 2504 ille
357 2469 516 2513 judicatus
535 2466 581 2501 est
602 2465 710 2500 statim
729 2466 748 2499 a
771 2466 825 2499 sua
845 2472 951 2499 morte
963 2463 1047 2498 male
1064 2464 1164 2500 eluis-

278 2522 314 2555 -i'e
332 2546 340 2553 .
369 2518 479 2555 Etiam
504 2515 727 2552 Theodorum
763 2515 857 2549 illum
878 2537 890 2555 ,
915 2525 984 2558 quo
1008 2512 1086 2549 cum
1109 2525 1164 2558 per

279 2570 405 2604 litteras
425 2568 580 2611 frequens
600 2565 862 2601 communicavit
882 2565 1017 2599 sanstus
1039 2564 1165 2609 Grego-

278 2621 344 2654 rius
365 2616 621 2656 Nazianzenus,
650 2625 721 2649 non
743 2615 837 2649 fuisse
859 2613 1164 2658 Mopsuestiensem,

280 2670 332 2703 sed
356 2671 449 2703 suum
471 2664 740 2702 Praedecefforem
767 2689 779 2706 ,
803 2664 822 2699 ὲ
845 2666 907 2699 suae
929 2664 1077 2700 Ecclesiae
1100 2665 1164 2699 evi·

280 2719 326 2753 cit
340 2717 515 2762 Dyptichis
529 2715 743 2761 Euphrantus
753 2714 940 2759 Tyanensis
959 2715 1141 2758 Episcopus
1151 2739 1163 2755 ‚

280 2769 425 2803 secundm
447 2766 663 2812 Cappadocia
684 2765 901 2808 Metropolita
914 2789 921 2798 .
950 2764 994 2799 Et
1016 2764 1064 2803 de
1078 2764 1164 2800 Aca-

279 2819 322 2853 cii
344 2842 356 2859 ‚
384 2817 541 2858 Flavitae,
567 2815 743 2862 Euphemii
760 2841 772 2858 ,
797 2814 1010 2856 Macedonii,
1032 2826 1080 2856 *ac
1102 2815 1165 2849 Ti-

279 2867 672 2911 motheiEpiscoporum,
699 2878 762 2903 nec
775 2877 842 2900 non
855 2865 1004 2902 Zenonis
1030 2863 1161 2904 &Ana-

277 2919 361 2952 stafii
390 2919 626 2961 Imperatorum
641 2916 831 2953 nomnibus
856 2928 899 2951 ex
913 2915 1059 2953 Ecclefiae
1070 2915 1158 2951 Con-

279 2967 578 3011 stantinopolitanae
621 2967 794 3011 Dypticlao
830 2966 926 3002 erasis
963 2966 1082 3010 scripsit
1118 2966 1160 3001 ad

278 3019 493 3052 Hormisdam
515 3018 714 3052 Pontificem
740 3019 922 3054 Dioscorus
951 3016 1019 3061 ejus
1039 3017 1159 3051 Diaco-

278 3076 362 3108 ηας,
390 3079 427 3101 ac
450 3078 509 3110 pro
531 3068 773 3112 exstinguendo
794 3069 964 3104 Acaciano
988 3065 1160 3102 schifinate

277 3119 319 3153 ad
339 3118 548 3153 Orientalem
574 3118 750 3152 Ecclesiam
772 3120 917 3165 Legatos
936 3133 943 3152 ε
970 3123 1044 3152 Non
1064 3116 1158 3161 solum

277 3169 371 3202 hocin
393 3166 460 3211 ipsa
479 3165 548 3210 sola
558 3167 708 3209 Ecclefia,
734 3173 835 3212 inqua
857 3169 1022 3214 Episcopus
1032 3176 1136 3202 manet
1150 3193 1160 3208 ,

280 3219 385 3253 verum
394 3224 552 3260 mamper
561 3229 661 3251 omnes
675 3218 1008 3263 Ecclestasfuitfallum
1020 3245 1027 3252 .
1055 3217 1159 3267 Qod

277 3269 358 3303 item
369 3268 554 3303 Donatistae
572 3269 704 3302 suorum
715 3268 903 3313 Principum
923 3271 1060 3305 nomina
1083 3270 1158 3303 reci-

276 3328 385 3353 tarent
405 3318 446 3353 ad
471 3318 591 3358 altare,
617 3318 726 3352 scribit
743 3319 778 3352 in
805 3320 896 3355 libris
907 3329 1022 3355 contra
1032 3318 1160 3354 Parme·

279 3369 417 3403 nianum
438 3369 573 3403 Sanctus
593 3367 800 3413 Augustinus
819 3394 826 3402 .
855 3370 900 3404 Et
920 3371 955 3405 in
977 3370 1062 3405 libro
1087 3369 1156 3414 post

281 3417 576 3463 Carthaginensem
586 3419 801 3453 collationem
823 3418 863 3452 ad
874 3419 1064 3454 Donatistas
1089 3420 1159 3454 scri-

277 3478 337 3512 pto
348 3468 476 3502 dieitex
489 3469 625 3511 persona
643 3466 824 3502 Catholicae
836 3470 999 3505 Ecclesiae:
1026 3474 1093 3514 Ego
1111 3475 1156 3504 in-

392 3516 501 3559 Chrtst.
515 3522 594 3562 Lupe
610 3523 698 3562 oper.
712 3521 793 3552 Tom.
807 3523 841 3552 V.

1212 367 1215 399 ἐ
1234 378 1354 402 matrco
1365 369 1557 403 crescentio
1571 371 1760 413 respondet:
1787 372 1862 405 Vide
1881 384 1941 414 qua
1952 371 2109 413 confideru-

1232 319 1381 353 adversus
1404 319 1489 352 hanc
1520 321 1746 356 recitationem
1771 320 1984 356 intercedenti
1994 321 2108 356 Gram-
2122 347 2212 386 Lib-4...
2226 358 2257 378 c.

2122 395 2167 425 45·

1213 426 1215 428 ’
1233 424 1310 453 tione
1329 419 1404 452 nolis
1426 423 1460 451 in
1481 428 1675 454 communione
1694 420 1790 460 nostra
1810 433 1909 456 eorum
1929 433 2112 458 mortuorum.

1232 474 1402 502 memoriam
1415 468 1504 510 fieri,
1531 480 1652 510 quorum
1667 468 1758 508 falia
1778 483 1835 504 non
1857 479 2016 513 novimus,
2042 483 2110 516 quo-

1232 530 1299 551 rum
1323 525 1417 552 etiam
1437 518 1543 551 bonam
1553 525 1633 552 inter
1639 516 1708 562 suos
1711 519 1837 560 famam
1855 521 2108 566 posteritatissuc-

1230 570 1339 608 ceffione
1351 570 1511 602 didicimus
1524 593 1531 600 .
1560 568 1638 603 Alia
1649 569 1728 614 ergo
1740 569 1907 605 defunctos
1917 572 2106 616 Episcopos‚

1231 619 1294 652 alia
1316 617 1484 653 defunctos
1510 618 1724 662 Imperatores
1745 619 1938 654 continebat
1974 622 2107 657 tabula.-

1231 667 1358 703 Ambas
1371 667 1512 703 habebat
1527 680 1594 702 non
1606 668 1713 705 solum
1728 667 1934 705 Cathedralis
1945 671 2086 707 Ecclesia
2095 696 2108 713 ,

1230 717 1283 752 sed
1309 718 1469 762 &quaevis
1479 718 1704 761 parochialis,
1731 719 1801 754 imo
1825 721 1858 755 &
1878 720 2018 765 quodvis
2027 722 2110 757 Ota·

1229 769 1353 803 torium
1364 768 1612 805 Monachorum
1625 795 1633 803 .

1280 820 1334 853 De
1357 820 1506 854 vivorum
1526 820 1645 855 tabulis
1669 819 1779 856 statuit
1793 820 1913 856 Canon
1927 821 2107 858 Arabicus:

1230 868 1380 905 Sabbatha
1402 895 1412 910 ,
1440 872 1474 905 &⁸
1499 870 1601 905 diebus
1617 869 1705 914 festis
1727 895 1738 911 ,
1764 872 1884 913 quando
1898 870 1972 914 sunt
1996 872 2109 906 Sanlla

1224 917 1315 961 super
1354 921 1456 954 Altare
1489 920 1583 963 pofita
1600 947 1611 963 ,
1635 923 1782 955 Diaconus
1819 927 1987 955 memoriam
2009 921 2110 963 faciat

1230 975 1431 1011 nominatim,
1453 973 1586 1013 primum
1623 971 1814 1006 Patriarcbae
1826 996 1839 1013 ‚
1864 973 1974 1006 deinde*
2010 971 2112 1005 Archi-

1230 1018 1378 1061 episcopi‘,
1404 1019 1571 1063 Episcopi,
1596 1021 1823 1066 chorepiscopi,
1850 1022 2111 1064 Archipresbyteri,

1230 1068 1451 1103 Archidsacons.
1481 1074 1563 1114 ,Quia
1574 1071 1699 1115 istificnt
1721 1073 1936 1107 Gubernatores
1956 1071 2111 1114 Ecclefiae-

1230 1120 1340 1154 Idcirco
1352 1123 1525 1153 nominandi
1544 1120 1615 1163 sunt
1625 1125 1671 1155 ad
1679 1124 1781 1156 Altare
1797 1129 1830 1155 in
1840 1122 1968 1165 Ecclesia
1982 1147 1993 1162 ‚
2019 1133 2114 1164 quan-

1231 1171 1386 1212 doquidem
1406 1179 1460 1212 per
1479 1182 1526 1205 eos.
1548 1178 1646 1204 omnia
1675 1172 1871 1212 Ecclefiastica
1905 1173 2118 1213 adrninfflran·

1232 1229 1282 1252 tur
1296 1243 1308 1259 ,
1335 1222 1369 1256 &
1382 1218 1511 1262 ipfisunt
1521 1227 1554 1253 in
1566 1220 1690 1263 Ecclelt‘a
1699 1224 1874 1263 Superiores.
1903 1220 2110 1262 Patriarchae‚

1230 1269 1481 1312 Metropolitae,
1509 1282 1546 1305 ac
1560 1272 1680 1314 proprii
1706 1272 1859 1316 Episcopi
1886 1271 2117 1306 recitationem

1232 1319 1389 1360 mandant
1410 1320 1510 1354 etiam
1532 1321 1638 1355 Sancti
1662 1321 1770 1354 Basilii
1796 1345 1809 1362 ,
1846 1322 1955 1355 Sansti
1979 1321 2117 1365 Joannis

1231 1367 1481 1412 Chrysostomi,
1506 1370 1691 1404 &aliorum
1704 1371 1839 1404 Parrum
1862 1372 2006 1415 antiquae
2027 1371 2118 1405 litur-

1231 1419 1307 1463 giae.
1337 1419 1382 1452 Et
1405 1418 1483 1453 hinc
1508 1429 1546 1454 ut
1570 1420 1681 1454 nullus
1701 1420 1749 1454 sui
1764 1421 1905 1456 necdum
1917 1419 2118 1464 synodaliter

1233 1468 1608 1509 damnatiPatriarchae‚
1635 1471 1858 1512 Metropolitae
1870 1495 1882 1511 ‚
1907 1481 1966 1505 aut
1984 1471 2119 1515 Episco-

2125 849 2197 888 Cap.
2212 850 2258 883 64.

1232 1518 1263 1559 pi
1289 1527 1413 1550 nomen
1435 1519 1603 1559 praesumat
1613 1516 1654 1550 ad
1677 1517 1793 1552 Altare
1816 1531 1884 1554 non
1898 1521 2052 1561 recitare,
2079 1521 2120 1554 ri-

1230 1564 1392 1609 gidiffime
1415 1565 1551 1603 mandat
1573 1568 1687 1600 octava
1711 1567 1869 1609 Sy-nodus
1892 1593 1899 1601 .
1927 1569 2021 1603 Hinc
2037 1570 2119 1604 item

1233 1612 1406 1649 Caeciliani
1430 1639 1443 1655 ,
1467 1625 1568 1658 quem
1607 1616 1699 1651 nulla
1723 1617 1879 1659 synodus
1912 1618 2084 1657 damnarat
2106 1644 2122 1661 ‚

1231 1666 1333 1699 nom&
1344 1665 1458 1700 omitti
1470 1677 1539 1700 non
1552 1668 1643 1709 posse
1653 1665 1738 1701 dixit
1750 1667 1792 1702 ad
1806 1668 2023 1704 Cresconium
2044 1670 2120 1704 San·

1230 1716 1299 1750 stus
1320 1714 1527 1760 Augustinus
1547 1741 1556 1749 .
1584 1716 1655 1759 Jam
1676 1715 1800 1760 pridem
1823 1717 1951 1753 addidit
1977 1718 2121 1755 secunda

1232 1764 1382 1799 Vasensis
1393 1765 1547 1808 synodus
1560 1778 1567 1798 :
1598 1770 1641 1801 Et
1653 1766 1704 1800 hoc
1732 1767 1815 1801 nohis
1822 1768 1936 1810 justum
1946 1768 2047 1812 vificm
2057 1769 2096 1811 est
2108 1794 2122 1812 ,

1230 1823 1263 1849 ut
1275 1826 1379 1849 nomen
1394 1819 1513 1850 Domini
1526 1819 1622 1859 Papae
1634 1842 1646 1859 ,
1673 1823 1842 1862 quicumque
1865 1821 1935 1852 Sed}
1954 1819 2121 1862 Apostolicae

1225 1865 1389 1908 praefuerit
1411 1890 1424 1907 ,
1461 1871 1494 1900 in
1513 1865 1616 1906 nostris
1651 1867 1786 1909 Ecclesits
1825 1874 1961 1903 recitetur
1986 1895 1994 1903 .
2028 1870 2120 1914 Papa

1229 1915 1318 1950 enim
1341 1916 1378 1950 in
1410 1917 1505 1952 omni
1530 1918 1676 1953 Ecclesia
1698 1918 1744 1954 est
1766 1920 1912 1963 superior,
1930 1945 1942 1962 ‚
1981 1931 2121 1957 omnem

1229 1965 1389 2012 gubernat
1401 1967 1579 2002 Ecclesiam
1590 1993 1600 2009 ‚
1614 1969 1648 2003 ὅ(
1659 1969 1773 2004 omnia
1788 1970 1909 2014 ubique
1921 1970 2121 2006 Ecelefiassi-

1229 2028 1267 2052 ca
1290 2018 1423 2062 negotia
1448 2029 1502 2063 per
1524 2019 1629 2062 ipsum
1650 2019 1938 2055 administrantur.
1968 2021 2014 2055 Et
2038 2020 2122 2059 hinc

1230 2066 1326 2101 istum
1346 2067 1436 2110 ‚apud
1473 2068 1631 2112 quosdam
1656 2070 1806 2105 Ecclefiae
1836 2070 2015 2106 Gallicanae
2043 2071 2121 2116 Epi·

1229 2116 1344 2156 scopos
1371 2117 1494 2157 lapsum
1522 2118 1698 2153 Canonem
1727 2122 1867 2162 reparari
1894 2133 1951 2164 per
1973 2121 2120 2157 Ludovi-

1228 2173 1303 2197 cum
1317 2161 1416 2197 Pium
1429 2163 1693 2208 Imperatorem,
1719 2167 1831 2201 multis
1852 2167 1887 2200 in
1911 2170 2049 2211 epistola
2075 2172 2119 2206 de

1229 2212 1448 2247 Ecclesiastici
1475 2225 1513 2248 ac
1528 2214 1672 2249 Politici
1684 2215 1858 2260 regiminis
1870 2220 2118 2261 comparatione

1233 2262 1374 2303 suadet„
1395 2263 1429 2297 &
1450 2262 1577 2308 Pelagii
1603 2265 1700 2307 primi
1726 2265 1900 2302 Pontificis
1923 2270 2117 2306 auctoritate

1227 2312 1402 2347 confirmat
1429 2313 1561 2351 Sanctus
1600 2314 1801 2359 Agobardus
1838 2316 2116 2365 Archiepiscopus

1227 2361 1456 2406 Lugdunensis
1479 2388 1486 2396 .
1515 2364 1649 2398 Etenim
1671 2365 1713 2400 de
1735 2365 2008 2405 Praesidiariorurn
2030 2371 2117 2406 mili-

1227 2422 1298 2447 tum
1324 2412 1521 2456 Presbytero
1563 2415 1683 2460 scripsit
1709 2415 1859 2452 laudatus
1885 2417 2036 2464 Pelagius
2070 2421 2114 2456 ad

1228 2463 1444 2498 Laurentium
1463 2464 1661 2508 Episcopum
1684 2466 2027 2505 Centumcellensem:
2053 2476 2113 2504 Ca-

1227 2521 1300 2547 veat
1314 2512 1372 2554 fib!
1390 2514 1545 2552 Presbyter
1567 2517 1618 2551 ille
1629 2515 1693 2559 fine
1701 2517 1790 2558 nostri
1817 2520 1851 2553 &
1865 2525 1910 2553 tul
1921 2526 2046 2554 nominis
2068 2533 2115 2556 re-

1227 2567 1363 2607 citatione
1369 2562 1461 2608 sacra
1471 2564 1604 2606 mysteria
1620 2567 1783 2604 celebrare.
1810 2570 1856 2604 Et
1877 2570 1917 2604 ad
1932 2571 2112 2606 Gallicanae
2133 2586 2135 2588 ·

1227 2612 1512 2650 iterum-Ecclesia:
1543 2616 1579 2650 in
1607 2617 1792 2653 Tricaffina
1826 2621 1964 2662 synodo
1989 2622 2113 2661 adunas

1226 2675 1278 2699 tos
1304 2664 1483 2710 Episcopos
1509 2666 1630 2711 scripsit
1665 2669 1701 2703 ἀ
1729 2668 1896 2704 Adrianus
1926 2671 2109 2706 secundus:

1226 2714 1391 2757 apostolice
1425 2718 1634 2751 recordationis
1671 2721 1789 2762 Papam
1813 2722 1972 2755 Nicolaum
1996 2728 2030 2756 in
2055 2727 2109 2756 Co-

1224 2763 1338 2799 dicibus
1373 2768 1427 2800 vel
1449 2767 1598 2808 Dypticbis
1621 2768 1820 2811 Ecclefiarum
1853 2771 2021 2812 vestrarum
2036 2771 2109 2816 scr!-

1224 2815 1275 2857 bi,
1301 2816 1345 2854 Θ,
1358 2827 1462 2851 nomen
1475 2819 1541 2858 ejus
1562 2823 1643 2852 inter
1676 2818 1767 2863 sacra
1792 2820 1946 2864 Mlffarum
1962 2821 2109 2866 solemnia

1221 2865 1461 2910 impraetermiſse*
1481 2867 1622 2902 celebrari
1639 2867 1766 2910 faciam
1784 2895 1794 2912 ,
1821 2876 1868 2904 ita
1892 2881 1926 2904 ut
1948 2874 2018 2906 aliis
2041 2885 2108 2916 quo-

1220 2927 1276 2958 que
1287 2915 1445 2958 fratribus
1462 2943 1473 2959 ,
1511 2919 1545 2952 (9·
1574 2919 1741 2962 Dia-ceſsum
1764 2920 1926 2961 vestrarum
1944 2925 2108 2957 sacerdoti-

1220 2966 1330 3000 bum'd
1346 2966 1442 3011 ipsum
1464 2979 1551 3012 agere
1569 2975 1777 3013 praecipiatls.
1807 2971 1995 3007 Graecorum
2019 2972 2110 3014 Ph0÷

1221 3016 1309 3051 tiana
1323 3041 1334 3057 ‚
1363 3019 1542 3054 Nicolaum
1555 3018 1754 3055 Pontificem
1770 3021 1845 3055 ausa
1855 3021 2012 3057 damnare
2023 3045 2034 3062 ,
2061 3024 2107 3059 fa-

1221 3067 1285 3101 ecio
1299 3067 1491 3104 Gallicanos
1500 3092 1511 3108 ,
1523 3080 1664 3114 quorum
1675 3070 1835 3114 quosdam
1847 3071 2004 3117 castigare
2015 3084 2105 3108 com-

1221 3117 1331 3159 pulsus
1341 3119 1444 3154 fuerat
1455 3120 1601 3154 laudatus
1625 3120 1805 3162 Pontifex,
1834 3121 2016 3166 Episcopos
2038 3132 2105 3157 ten-

1221 3166 1309 3200 tabat
1322 3167 1380 3202 suo
1394 3167 1557 3205 schismati
1569 3170 1749 3215 adjungere
1758 3196 1766 3204 .
1795 3171 1850 3205 Ne
1860 3172 2080 3216 adjungantur
2089 3197 2103 3214 ,

1221 3217 1254 3250 &
1278 3216 1412 3253 Nicolai
1438 3229 1603 3262 tamquam
1627 3219 1774 3256 damnati
1801 3233 1923 3256 nomen
1949 3221 2102 3257 omittere

1220 3268 1411 3310 praesumant
1433 3293 1444 3309 ,
1483 3270 1632 3305 hortatur
1657 3271 1692 3305 δε
1713 3269 1846 3306 mandat
1867 3272 2035 3307 Successor
2054 3273 2102 3305 A·

1220 3317 1351 3352 drianus
1366 3344 1373 3352 .
1401 3319 1445 3354 Et
1467 3319 1546 3355 hinc
1565 3321 1654 3356 lucet
1677 3333 1747 3356 non
1760 3320 1866 3355 solum
1886 3322 2021 3362 vivum,
2046 3320 2101 3356 sed

1219 3378 1333 3402 omnes
1345 3369 1516 3405 defunstos
1526 3370 1707 3406 Pontifices
1716 3372 1863 3406 mansisse
1871 3372 1955 3406 olim
1965 3369 2102 3405 intabu-

1220 3417 1280 3457 lis,
1307 3418 1392 3454 &ad
1404 3420 1575 3457 Missarum
1588 3422 1747 3456 solemnia
1767 3421 1860 3455 fuiffe
1882 3422 1942 3454 suo
1963 3420 2041 3453 loco
2065 3420 2101 3455 &

1220 3478 1366 3512 tempore
1376 3470 1539 3506 recitatos.
1561 3472 1609 3506 lta
1620 3472 1741 3514 semper
1751 3471 1829 3505 fecit
1840 3481 1909 3505 non
1923 3469 1991 3503 sola
2002 3468 2104 3511 Oeciq

1621 3520 1643 3553 S
1691 3531 1714 3558 2
1911 3518 2052 3555 dentalis

2124 2746 2209 2786 Epist.
2231 2759 2265 2780 1·
