2366 3756
140 275 207 308 lib.
232 285 277 315 54·

133 619 210 658 ‘cap-
237 628 263 655 ς’

124 1115 185 1151 Lib.
218 1130 243 1154 ri

121 2823 182 2854 Lib.
204 2834 232 2861 3.

121 2865 173 2902 Ep.
204 2875 234 2899 4.

124 3204 187 3237 Lib.
210 3216 236 3234 r..
254 3213 288 3235 c.

386 115 940 180 '72N10'otx1

316 503 440 545 quintae
467 499 654 539 relationis,
688 509 692 512 “

363 548 471 585 Aliud
492 548 680 589 Consulum
701 551 753 595 jus
776 553 842 587 fuit
859 554 1002 598 primum
1027 567 1066 590 ac
1092 557 1210 600 princi-

312 601 386 645 pale
412 602 507 645 super
528 600 633 635 relato
659 603 801 648 negotio
828 605 1041 650 suffragium,
1068 606 1111 641 de
1138 620 1207 652 quo

310 652 348 695 in
373 650 459 686 libro
470 651 699 696 Apologetico
712 653 965 690 Tertullianus:
993 657 1132 693 Tiberius
1145 659 1208 693 Im-

310 711 464 748 perator,
491 703 580 742 qu'us.
595 710 725 749 tempore
744 715 850 739 nomen
871 705 1076 748 Christianum
1101 715 1134 743 ae'n
1150 707 1210 752 sae-

309 754 406 787 culum
429 758 588 793 intravit,
614 760 828 789 annuntiatum
846 755 903 798 fibi
917 767 957 800 exj
983 760 1065 797 syria
1086 758 1209 800 Palesti-

311 813 374 843 na,
399 813 468 846 quae
491 808 654 844 veritatem
678 804 758 845 ssius
778 807 965 841 Divinitatis
983 810 1180 844 revelaverat
1192 834 1204 851 ,

304 854 494 898 detulitsseum
498 860 712 900 praerogativa
716 854 858 901 suffragii
864 857 916 902 sut
924 858 970 891 ad
976 859 1117 893 senatum
1128 885 1135 894 ,
1160 862 1208 894 Se-

304 913 397 938 natus
410 927 422 944 ‚
447 910 521 947 quia
532 915 590 938 non
601 905 664 950 ipse
670 906 862 948 probaverat
872 932 884 949 ,
910 906 1039 951 respuit.
1067 908 1179 945 Voces
1191 934 1202 950 ,

302 954 447 999 Sufflagit
465 959 681 1000 praerogativa
702 982 714 999 ‚
746 957 884 992 edicunt
903 961 1020 1004 magni
1049 962 1205 1003 ponderis

304 1004 399 1039 fuiffe
419 1005 586 1049 Principis
605 1006 771 1042 calculum
785 1032 797 1048 ,
821 1018 968 1044 attamen
984 1009 1003 1043 ὲ.
1014 1011 1136 1045 Senatu
1149 1024 1205 1056 po-

305 1055 402 1090 tuiffe
421 1057 575 1094 refutari.
603 1057 649 1092 Et
662 1055 744 1096 hinc
757 1058 797 1092 ad
808 1060 950 1094 eundem
963 1059 1141 1096 Tiberium
1154 1063 1203 1097 di-

304 1105 355 1139 xit
374 1107 461 1149 apud
487 1107 646 1144 Tacitum
660 1109 695 1143 in
709 1108 894 1147 Annalium
905 1110 996 1146 libris
1009 1110 1106 1147 Piso:
1134 1115 1205 1157 ‚Quo

303 1156 361 1189 Ioco
385 1156 517 1201 censebis
529 1183 540 1200 ,
560 1157 673 1202 Caesar
685 1160 702 1191 ,2
736 1162 768 1194 51·
774 1166 895 1203 primus
901 1173 926 1203 ,⁴
942 1160 1053 1195 habebo
1072 1164 1152 1205 quod
1157 1162 1204 1206 se-

303 1218 402 1250 quar3
423 1206 454 1247 fi
469 1208 533 1249 post
553 1219 654 1243 omnes
666 1234 678 1251 ,
703 1221 812 1245 verear
838 1223 874 1247 ne
891 1214 1069 1255 imprudens
1095 1214 1202 1256 diffen-

299 1262 398 1293 tiam.
425 1257 588 1296 Consules
609 1261 701 1294 enim
724 1261 890 1297 debebant
903 1261 1000 1306 primi
1015 1287 1026 1303 ,
1056 1263 1199 1308 Augusti

300 1305 473 1351 Principes
492 1319 534 1342 ex
553 1309 691 1344 arbitrio
718 1311 768 1344 vel
789 1313 886 1355 primi
911 1313 965 1347 vel
987 1313 1098 1346 ultimi
1111 1323 1199 1356 pote-

298 1366 375 1390 rant
394 1364 543 1400 promere
559 1359 774 1402 suffragium:
804 1362 850 1394 Et
860 1362 962 1394 etiam
983 1361 1062 1394 huic
1075 1373 1200 1404 poterat

300 1406 443 1439 Senatus
462 1408 616 1450 refragari
635 1429 644 1439 .
669 1406 710 1441 In
730 1407 880 1443 Romani
901 1409 1003 1454 igitur
1024 1410 1199 1446 Pontificis

300 1454 473 1489 Elestione
496 1456 662 1491 Nicolaus
684 1458 847 1492 secundus
861 1459 1097 1494 Cardinalibus
1107 1461 1199 1503 Epis-

297 1506 391 1547 copis
402 1504 493 1539 dedit
515 1505 567 1547 jus
581 1505 767 1538 Consulum
782 1519 792 1539 .·
820 1507 875 1548 Jus
887 1507 1129 1542 referendarum
1142 1511 1197 1543 seu

299 1553 581 1590 nominandarum
607 1555 777 1598 capacium
805 1557 1037 1598 personarum,
1073 1558 1107 1593 δε
1134 1559 1199 1592 suf-

299 1605 397 1648 fragii
421 1603 691 1649 praerogativam,
715 1616 813 1646 quam
834 1606 967 1641 Sanetus
987 1606 1104 1641 Petrus
1129 1607 1196 1641 Da-

297 1655 403 1690 miani
427 1665 524 1688 vocat
556 1654 736 1698 principale
759 1656 795 1688 in
821 1655 984 1691 electione
1009 1657 1194 1700 judicium,

298 1705 335 1739 &
355 1705 423 1747 ipse
443 1703 607 1738 Nicolaus
624 1703 795 1739 elestionis
816 1706 1009 1748 potestatem
1023 1733 1030 1739 .
1059 1707 1148 1740 Nam
1159 1707 1202 1746 ὃς,

296 1753 490 1790 Consularis
514 1754 659 1797 suffragii
683 1754 932 1800 praerogativam
946 1756 1194 1791 Romanaanti-

295 1804 404 1845 quitas
427 1804 613 1846 frequenter
635 1803 782 1838 titulavit
803 1807 1046 1841 auctoritatem.
1063 1807 1122 1846 >Et
1143 1807 1191 1841 uti

295 1853 363 1891 haec
384 1853 572 1888 Consulum
596 1855 773 1898 austoritas
795 1855 976 1897 Senatum,
1003 1857 1050 1890 ita
1076 1857 1110 1891 &
1129 1857 1197 1892 ista·
1218 1862 1220 1865 '

294 1903 529 1942 Cardinalium
551 1903 794 1948 Episcoporum
828 1906 969 1949 potestas
999 1906 1192 1942 Cardinales

295 1954 445 1989 Clericos
467 1966 537 1989 nou
559 1948 701 1998 privavit
728 1955 857 1990 calculo
880 1956 1026 1991 decisivo
1046 1983 1053 1989 .
1095 1958 1189 1991 Hinc

295 2004 389 2039 addit
415 2005 576 2040 laudatus,
592 2004 756 2040 Nicolaus
781 2018 788 2041 :
826 2010 898 2040 Mox
926 2006 1036 2047 Chresti
1062 2008 1190 2042 clericos

295 2057 479 2089 Cardrnales
491 2054 657 2090 adhibeant
668 2081 676 2088 .
704 2056 899 2092 Cardinales
913 2057 1090 2102 Episcopos
1103 2058 1190 2101 prius

296 2106 385 2141 solos
407 2105 448 2139 de
468 2106 628 2141 electione
650 2109 785 2141 traetare
805 2107 897 2151 jubet
922 2132 932 2147 ,
970 2109 1005 2142 δε
1043 2109 1189 2152 reliquos

296 2157 339 2191 ad
366 2157 469 2201 ipsam
494 2156 589 2191 simul
624 2156 1046 2192 celebrandamadhibere
1081 2158 1201 2201 Colle-p

295 2217 376 2251 gas:
403 2206 442 2239 ln
469 2205 643 2241 Canonice
663 2208 697 2242 &
717 2206 927 2243 concorditer
947 2219 1003 2251 per
1024 2209 1110 2252 ipsos
1144 2210 1189 2243 fa·

293 2258 378 2291 &arn
406 2256 534 2298 reliquo
561 2256 663 2289 Clero
689 2258 723 2289 &
750 2257 876 2299 populo
902 2257 1033 2289 nullum
1059 2258 1188 2299 permit-

295 2308 338 2341 tit
363 2306 434 2350 jus,
461 2305 520 2339 nisi
541 2303 742 2348 simplicem,
768 2305 825 2348 qui
854 2316 925 2338 non
952 2306 1014 2338 nifi
1032 2316 1073 2339 ex
1086 2308 1190 2340 mani-

296 2350 385 2392 festis
408 2355 507 2391 causis
530 2354 686 2400 denegari
701 2354 820 2399 possit,
846 2355 1005 2390 assensum
1020 2381 1029 2388 .
1056 2355 1100 2389 Et
1110 2354 1188 2390 hinc

296 2408 489 2451 Romanum
512 2405 712 2440 Pontificem
736 2417 806 2439 non
829 2404 846 2438 a
867 2405 944 2440 solis
955 2404 1188 2441 Cardinalibus

298 2458 491 2501 Epistopis,
518 2454 572 2490 sed
593 2455 816 2500 principaliter
830 2454 950 2490 abillis
962 2455 1042 2500 eligi
1058 2480 1070 2496 ‚
1096 2457 1188 2500 supra

298 2507 397 2541 nobis
418 2508 506 2541 dixit
532 2506 649 2541 Petrus
677 2506 857 2540 Damiani.
877 2504 987 2540 Addit
998 2507 1188 2541 Cadaloum

297 2557 506 2593 Parmensem
525 2557 748 2600 Episcopum,
776 2556 960 2591 Alexandri
973 2555 1190 2607 secundiAnj

297 2612 462 2652 tipapam,
487 2608 506 2641 a
528 2607 727 2642 Vercellenfi
750 2607 785 2641 δε
806 2605 1005 2642 Placentino
1018 2607 1189 2652 Episcopis

298 2660 392 2693 fuisse
415 2659 575 2694 electum.
603 2658 718 2692 Hosce
740 2658 870 2702 arguit,
897 2667 967 2691 non
988 2657 1189 2700 quodseim-

297 2710 490 2744 miscuerint
501 2708 656 2744 electioni
669 2732 681 2748 ‚
707 2707 764 2742 sed.
772 2707 862 2752 quod
873 2707 939 2742 sine
959 2706 1190 2743 Cardinalibus

299 2759 469 2804 Episcopis
494 2771 533 2793 ac
554 2758 710 2794 Romana
728 2757 873 2793 Ecclesia
894 2757 1088 2792 Romanum
1100 2758 1190 2794 Pon-

300 2809 426 2843 tificem
452 2809 638 2853 elegissent.
665 2807 797 2843 Diserte
810 2808 844 2842 id
854 2807 964 2842 scribit
974 2807 1009 2842 in
1022 2807 1190 2844 litteris'ad

299 2859 488 2893 Henricurn
506 2858 800 2903 Archiepiscopum
820 2857 1052 2893 Ravennatem
1065 2884 1073 2891 .
1099 2860 1144 2895 Et
1155 2859 1190 2893 in
1217 2866 1219 2870 ⁴

300 2909 461 2950 synodali
484 2908 638 2945 adversus
658 2909 805 2954 Regium
829 2908 1041 2943 Advocatum
1053 2907 1190 2952 disputa-

299 2959 394 2993 tione
417 2959 554 2993 affirmat
574 2958 804 2994 Alexandrum
826 2959 1008 2994 secundum
1030 2960 1093 2992 esse
1112 2961 1191 3003 legi·
1218 2967 1221 2975 ²

299 3009 420 3042 timum
434 3009 657 3050 Pontificem,
681 3010 771 3052 quod
793 3011 899 3053 ipsum
911 3009 1111 3043 unanimiter
1137 3022 1190 3043 vo·
1217 3021 1220 3026 ·

299 3059 420 3093 cessent
430 3059 623 3096 Cardinales
635 3060 788 3103 Episcopi
800 3085 811 3101 ,
839 3071 877 3093 ac
897 3060 1042 3103 elegisset
1052 3059 1167 3093 clerus
1178 3085 1189 3101 ,

298 3108 416 3152 utique
439 3108 644 3142 Cardinalis.
674 3109 720 3143 Et
744 3111 779 3143 in
801 3110 918 3144 litteris
935 3110 976 3143 ad
1000 3110 1198 3152 universum

299 3158 489 3193 Germaniae
525 3157 661 3192 Clerum
688 3170 725 3192 ac
764 3159 925 3202 populum
947 3182 958 3198 ‚
983 3160 1187 3194 exstantibus

301 3208 389 3253 apud
409 3208 616 3244 Radevicum
638 3209 846 3253 Frifingensis
858 3208 1009 3244 Ecclesiae
1021 3208 1200 3255 Presbyteg

300 3270 396 3299 rum,
422 3257 611 3294 Cardinalis
633 3258 854 3299 ottavianus,
882 3260 938 3293 seu
949 3259 1099 3295 adversus
1111 3262 1192 3295 Ale-v

299 3309 462 3347 xandrum
491 3309 625 3343 tertium
649 3308 817 3351 Antipapa
841 3309 957 3345 Victor
976 3312 1091 3344 tertius
1117 3312 1187 3346 scri-

301 3361 350 3398 bit
371 3361 404 3393 se
423 3358 580 3394 elesiione
598 3356 836 3402 :episcoporum
860 3359 896 3393 &
918 3359 1187 3403 Presbyterorum

300 3411 462 3451 Romanae
489 3410 635 3445 Ecclesiae
660 3407 912 3455 Cardinalium‚
939 3411 1027 3449 Cleri
1055 3423 1187 3458 quoque

1009 132 1409 167 SECVUNDI

318 201 490 243 dumtaxat
499 199 671 238 relationis
679 198 730 244 jus
740 200 839 237 fuisse
848 198 1018 235 indultum
1041 212 1120 236 cum
1139 201 1215 238 Tri-

319 253 449 293 bunitia
459 249 620 294 potestate
630 275 642 292 ,
661 252 800 289 affirmat
811 250 882 283 Dio
893 249 1037 292 Cassius.
1066 250 1213 297 Amplia-

319 311 373 342 tus
393 300 588 343 Principum
607 299 719 338 honos
739 298 912 343 ampliavit
942 301 978 335 dc
1013 302 1218 348 relationes:

318 352 472 397 Qtuor
491 351 582 385 enim
602 348 835 393 ,vernumque
853 351 987 396 negotia
1010 352 1117 388 eidem
1130 366 1209 392 con-

317 401 504 446 gregationi
525 398 811 440 referte,2tandem,
829 402 972 444 permifit
992 427 999 434 .
1035 404 1090 438 Sic
1116 406 1208 444 enim

315 452 433 492 eruditi
460 451 522 484 viri
549 449 744 494 intelligunt
768 450 819 494 jus
845 452 969 494 terciae,
1006 465 1127 496 quartae
1153 465 1209 491 aut

1479 120 2045 173 Pon.r1‘1=1'els

1279 203 1429 241 Romani
1455 204 1642 249 petitione,
1667 202 2004 250 &;p0puliaffensu,
2031 206 2068 243 in
2080 204 2170 245 Posi-⁴

1278 256 1400 290 tificem
1420 256 1515 290 fuisse
1539 256 1753 296 assumptum.
1781 256 1826 290 Et
1852 258 1888 293 in
1909 258 2026 293 litteris
2048 260 2089 296 ad
2101 259 2168 296 Bo-

1276 306 1444 344 noniensis
1463 305 1606 339 civitatis
1623 303 1833 349 ,Episcopum
1852 317 1893 348 ae
1912 310 2068 354 generale
2095 313 2167 347 Stu-

1273 356 1366 391 dium
1390 357 1539 390 laudatus
1558 353 1748 396 Alexander
1770 357 1909 390 affirmat
1929 360 1961 393 se
1988 359 2030 394 ab
2055 362 2166 396 omni-

1274 407 1333 441 bus
1358 405 1561 442 unanimiter
1581 406 1834 447 Cardinalibus‚
1861 406 1962 454 Clero
1980 409 2016 443 &
2038 412 2164 455 populo

1271 458 1463 496 assentiente
1474 480 1484 496 ,
1495 455 1628 499 electum
1641 458 1673 492 in
1688 455 1886 503 Pontificem
1901 469 1908 488 :
1932 453 2042 493 iAddit
2055 462 2164 495 solum

1271 519 1347 542 cum
1370 508 1498 551 Joanne
1518 508 1552 541 δε
1579 506 1737 550 (ἱιῖίἶῖὸηε
1768 505 2163 556 Cardinalibus'Presby-

1271 558 1347 592 teris
1365 558 1584 592 Ostavianum
1606 557 1700 599 fuisse
1712 558 1768 593 sibi
1782 558 2006 593 adversatum.
2035 560 2080 595 Et
2091 561 2170 606 post-

1270 606 1413 643 Adriani
1437 609 1546 653 quarti
1566 608 1743 651 Pontificis
1776 619 1915 644 mortem
1942 620 2163 654 convenerunt,

1269 657 1377 702 inquit
1403 659 1439 692 in
1460 659 1524 694 suis
1544 658 1586 694 ad
1610 670 1725 702 omnes
1738 659 1796 694 sub
1815 660 1901 694 coelo
1914 658 2097 706 Episcopos
2111 663 2164 698 lit·

1268 709 1343 743 teris
1362 703 1494 744 fautrix'
1507 709 1679 748 Octaviani
1694 710 2040 754 parsCardinalium,
2067 712 2161 757 Epist
2177 711 2254 750 Cap·
2289 714 2337 748 56'·
2359 736 2360 740 =

1266 765 1330 802 copi
1342 783 1353 799 ,
1377 761 1560 801 Presbyteri,
1590 763 1718 794 Diacom'
1727 762 1910 795 cardinales
1921 761 2041 796 Sam‘lae
2051 766 2162 797 Roma-

1267 822 1315 844 nae
1340 809 1495 852 Ecclefiae,
1523 812 1559 845 Θ
1575 810 1776 855 promiserunt
1793 811 1851 852 fibi
1871 818 2002 845 invicem
2026 817 2059 846 in
2070 814 2161 847 verbo

1266 867 1427 901 veritatis,
1452 863 1536 905 quid
1556 866 1589 895 in
1610 861 1763 896 Eleelione
1780 861 1887 903 futuri
1912 862 2068 904 Pontificis
2093 871 2161 898 tra-

1267 912 1389 946 clabum
1417 911 1580 956 secundnm
1615 912 1854 956 consuetudinem
1891 911 1975 952 istius
2004 914 2154 955 Ecclefi'ae.

1259 962 1368 1010 'Qod
1391 963 1510 1008 nempe
1531 973 1649 998 omnes
1673 964 1858 1006 decisivum
1881 964 2072 1008 suffragium
2101 964 2159 1000 ha-

1266 1011 1394 1050 berent.
1424 1014 1469 1048 Et
1491 1014 1571 1047 dum
1588 1013 1714 1053 solam,
1739 1014 1774 1047 in
1797 1024 1896 1058 quam
1917 1013 1987 1048 duae
1998 1014 2163 1053 Cardina-,

1266 1064 1346 1099 lium
1371 1064 1475 1099 tertiae
1499 1064 1701 1098 unanimiter
1722 1063 1978 1104 concordarint,
2007 1064 2156 1099 Romani

1266 1113 1441 1148 Pontificis
1465 1114 1657 1150 electionem
1680 1114 1834 1158 deinceps
1855 1115 1928 1148 fore
1939 1114 2083 1149 validam
2094 1115 2155 1151 sta-

1265 1164 1330 1198 tuit
1354 1164 1388 1197 in
1412 1165 1619 1199 Later-anensi
1640 1165 1780 1208 synodo
1805 1165 1893 1199 idem
1906 1164 2064 1200 Pontifex
2076 1165 2157 1200 Ale·

1264 1214 1410 1253 xander,
1437 1215 1614 1249 decisivum
1637 1216 1828 1260 suffragium
1856 1216 1981 1250 cunctis
1994 1213 2156 1249 Cardina-

1265 1263 1348 1299 libus
1359 1264 1456 1298 etiam
1470 1264 1690 1304 antefuisse,
1716 1266 1823 1299 lucide
1837 1265 2010 1308 supponit.
2038 1265 2156 1299 Proin-

1264 1313 1304 1347 de
1326 1315 1486 1349 Nicolaus
1515 1314 1675 1350 secundus
1687 1315 1879 1350 Cardinales
1890 1313 2104 1358 presbyteros
2114 1326 2154 1350 ac

1264 1363 1436 1399 Diaconos
1460 1375 1667 1407 nequaquam
1690 1366 1824 1399 exclusit
1842 1364 2049 1409 &suffragim
2077 1364 2156 1400 Cat·

1264 1411 1430 1446 dinalibus
1452 1412 1626 1456 Episcopis
1645 1413 1771 1451 solam,
1797 1413 2035 1448 consuetudine
2069 1415 2156 1458 prio-

1263 1462 1290 1494 ri
1315 1461 1475 1496 abolitam
1497 1486 1508 1502 ,
1535 1462 1628 1497 dedit
1649 1462 1793 1507 suffragii
1813 1462 2089 1507 principalitatem
2115 1475 2156 1499 ae

1262 1510 1506 1553 praerogativam
1518 1535 1524 1542 .
1536 1548 1540 1552 v
1640 1535 1642 1537 .
2013 1534 2016 1537 «

1311 1558 1492 1602 Adscripsit
1513 1558 1580 1592 illis
1605 1559 1747 1595 &aliam
1759 1562 2008 1603 austeritatem,
2034 1562 2076 1597 de
2087 1575 2154 1607 qua

1261 1608 1295 1642 in
1316 1608 1436 1642 litteris
1455 1608 1495 1642 ad
1515 1609 1725 1644 Anastafium
1748 1610 2078 1648 Thessalonicensem
2091 1613 2153 1648 Ar-

1260 1657 1508 1703 chiepiscopum
1534 1683 1545 1699 ,
1582 1657 1788 1704 Apostolicae
1814 1661 1905 1696 Sedis
1931 1674 1987 1706 per
2023 1664 2151 1707 lllyrici

1262 1708 1418 1742 Ecclefias
1431 1709 1604 1743 Vicariur'n
1614 1733 1626 1749 ,
1651 1712 1785 1745 Sanctus
1798 1712 1869 1746 Leo
1882 1712 2029 1758 Magnus
2042 1727 2048 1746 :
2071 1715 2158 1748 Nul-

1256 1758 1288 1790 la
1310 1764 1390 1791 ratio
1401 1757 1475 1801 finit
1489 1783 1500 1800 ,
1526 1767 1561 1792 ut
1581 1765 1660 1794 inter
1681 1760 1842 1803 Episcopos
1867 1762 2059 1803 habeantur,
2097 1767 2152 1806 qui

1257 1819 1308 1843 nec
1331 1810 1353 1840 ἂ
1374 1809 1500 1842 clericis
1511 1807 1586 1851 sunt
1597 1810 1698 1852 delfi,
1724 1822 1777 1844 nec
1797 1813 1819 1844 ἃ
1825 1812 1914 1853 plebe
1925 1817 2072 1855 expetiti,
2098 1823 2158 1855 noc,

1256 1859 1276 1890 ἃ
1296 1858 1608 1901 comprovincialibus
1618 1859 1779 1904 Epifi‘opis
1790 1873 1858 1895 cum
1868 1863 2092 1905 Metropolitum
2093 1865 2152 1904 Ju-

1255 1908 1329 1942 dim
1338 1908 1500 1952 consecrati
1522 1910 1870 1954 Comprovincialibus
1894 1913 2067 1957 Episcopis
2078 1924 2149 1948 non

1256 1958 1396 2002 amplius
1417 1958 1614 1995 electionem
1635 1960 1717 1995 novi
1741 1961 1889 2006 Collegae
1911 1987 1923 2003 ,
1959 1963 2014 1996 sed
2038 1964 2145 1997 solam

1255 2009 1535 2044 consecrationem
1558 2009 1712 2053 adscribit
1723 2036 1731 2042 .
1758 2011 1970 2047 Elefflonum
1982 2013 2072 2047 enim
2084 2014 2151 2047 for-

1245 2068 1308 2093 ‘ma
1327 2059 1415 2102 circa
1437 2060 1570 2095 Damasi
1591 2070 1649 2094 aut
1674 2060 1781 2095 Siricii
1805 2061 2044 2098 Pontificatum
2076 2074 2149 2097 mu-

1254 2110 1315 2144 tari
1339 2110 1456 2154 caepit,
1482 2111 1516 2144 δε
1542 2108 1680 2144 adscribi
1702 2111 1987 2155 populo&Clero
1999 2114 2148 2147 vacantis

1246 2159 1405 2203 ¹Ecclesiae
1424 2186 1432 2194 .
1462 2159 1623 2194 Attamen
1646 2161 1871 2206 Metropolitae
1889 2163 1974 2198 aduc
1995 2164 2148 2208 agnoscit

1254 2207 1431 2251 judicium,
1458 2206 1500 2242 de
1521 2220 1590 2253 quo
1614 2208 1744 2251 Nicena
1765 2212 1944 2254 Synodus:
1972 2213 2051 2246 Illud
2059 2217 2241 2257 gene-JCap·
2271 2222 2298 2249 6.

1255 2259 1360 2291 raliter
1382 2260 1498 2291 clarum
1518 2257 1557 2296 es}
1568 2282 1580 2298 ,
1606 2261 1692 2300 quad
1709 2259 1734 2298 fi
1749 2266 1820 2302 quis
1836 2269 1952 2304 praeter
1967 2260 2154 2305 sententiam

1255 2308 1475 2347 Metropolitant
1486 2306 1591 2347 fuerit
1597 2306 1707 2346 fac‘t'us
1719 2309 1887 2351 Epifiopus
1904 2334 1917 2350 ,
1943 2310 2023 2344 hunc
2034 2323 2148 2355 magna

1253 2357 1380 2394 synodus
1399 2355 1506 2397 defimt
1525 2352 1706 2396 Episcopum
1728 2358 1778 2398 effi
1802 2369 1861 2390 non
1882 2367 2033 2400 opportere
2052 2386 2060 2392 .
2099 2363 2153 2399 Et,

1254 2407 1380 2439 rursum
1392 2418 1403 2438 .·
1429 2408 1582 2438 Firmitas
1595 2415 1694 2438 eorum
1705 2429 1716 2445 ‚
1741 2417 1810 2448 quae
1817 2418 1963 2451 geruntur
1970 2418 2029 2451 per
2040 2423 2153 2450 unam--

1253 2466 1400 2498 quamque
1423 2458 1617 2488 Provinciam
1629 2478 1642 2495 ,
1677 2457 1905 2499 Metropolitum
1926 2459 2078 2493 tribuatur
2098 2464 2146 2493 E-

1249 2504 1365 2548 piscopo
1380 2531 1388 2538 .
1426 2504 1467 2540 In
1494 2505 1610 2539 Graeco
1637 2503 1794 2547 habetur,
1833 2504 1927 2544 cupes-
1962 2509 1996 2543 &
2030 2507 2149 2544 Gw'awv

1253 2556 1348 2597 Prior
1372 2555 1580 2596 dominium,
1608 2556 1767 2598 posterior
1779 2569 1849 2591 uox
1872 2568 1942 2592 non
1969 2560 2149 2602 quamvis,

1253 2605 1307 2641 sed
1330 2605 1593 2640 auctoritativam
1613 2605 1828 2645 sententiam,
1853 2608 2143 2654 &magistraleju-

1252 2656 1379 2691 dicium
1401 2680 1415 2697 ,
1452 2656 1634 2690 Decretum
1656 2665 1714 2690 aut
1737 2655 1936 2702 Praeceptum
1962 2660 2142 2703 importat,

1252 2717 1321 2750 quo
1341 2707 1441 2742 etiam
1467 2707 1562 2741 sensu
1571 2704 1758 2741 Laodicena
1772 2707 1927 2750 synodus
1938 2709 2073 2745 mandat
2084 2709 2143 2753 vil-

1253 2757 1356 2791 larurn
1379 2756 1559 2801 Episcopus
1580 2766 1638 2790 aut
1660 2755 1870 2800 Presbyteros
1893 2758 1978 2793 nihil
2002 2772 2098 2805 agere
2107 2759 2141 2793 si·

1252 2818 1294 2841 ne
1311 2806 1473 2842 sententia
1499 2815 1557 2842 aut
1591 2808 1825 2843 auctoritativo
1855 2807 2022 2854 Praecepto
2047 2809 2140 2855 Epis-

1250 2857 1330 2902 copi
1352 2856 1563 2892 civitatenfis.
1592 2856 1637 2891 Et
1658 2857 1693 2890 in
1716 2857 1976 2894 Chalcedonensi
1998 2858 2138 2904 Synodo
2155 2863 2230 2903 Cap·
2259 2873 2306 2900 57·

1248 2904 1413 2952 'AEgyptii
1434 2906 1588 2952 Episcopi
1609 2908 1744 2942 fuerunt
1768 2909 1935 2952 protestati
1959 2911 2044 2945 nihil
2066 2911 2137 2945 illic

1247 2958 1268 2993 ‘a
1290 2960 1322 2992 se
1342 2958 1431 3000 posse
1454 2958 1509 3002 agi
1533 2956 1613 2992 citra
1650 2959 1847 2995 sententiam
1868 2986 1878 3001 ‚
1915 2962 1970 2994 seu
1994 2962 2066 2996 ’ΨΜ
2085 2956 2148 2990 “f''

1247 3003 1363 3040 770'M‘*
1390 3008 1439 3042 sui
1460 3006 1674 3042 Patriarchae.
1715 3009 1877 3055 Vulgaris
1898 3011 2143 3055 Apostolorum,

1251 3057 1371 3094 Canon
1392 3058 1428 3092 δε
1451 3059 1674 3101 Metropolitae
1699 3059 1734 3092 &
1754 3056 1908 3095 omnium
1922 3062 2139 3107 Comprovin-

1248 3109 1383 3143 cialium
1402 3108 1599 3143 sententiam
1616 3119 1712 3144 vocat
1730 3106 1846 3141 yvo'lun’u
1860 3137 1871 3153 ,
1897 3114 2056 3147 mandans
2077 3116 2138 3147 nec

1251 3157 1314 3194 hos
1337 3160 1402 3193 sine
1423 3158 1503 3202 illa,
1530 3170 1592 3194 nec
1615 3160 1714 3195 istum
1736 3162 1805 3196 fine
1823 3161 1885 3197 hac
1906 3162 2030 3206 aliquid
2043 3159 2149 3207 agere

2156 2977 2221 3011 Ast.
2244 2989 2273 3015 4.

1244 3210 1285 3244 in
1305 3209 1505 3250 Provincia,
1529 3210 1678 3255 adeoque
1700 3211 1798 3248 solius
1817 3211 2040 3254 Metropolitae
2053 3211 2139 3255 judi-

1244 3260 1338 3295 cium
1360 3269 1465 3304 aequat
1489 3272 1566 3295 cum
1584 3260 1708 3304 judicio
1732 3264 1884 3297 omnium
1916 3261 2140 3306 Comprovin·

1243 3311 1382 3347 jcialium
1394 3310 1632 3354 Episcoporum
1646 3324 1656 3354 3
1680 3325 1757 3348 curn
1767 3312 1890 3356 judicio
1903 3312 2033 3356 majoris
2054 3313 2139 3357 ipso·

1250 3371 1323 3396 rum
1345 3362 1444 3405 partis
1461 3386 1471 3394 .
1519 3361 1564 3395 Et
1589 3361 1668 3396 hinc
1690 3364 1710 3397 a
1732 3362 1848 3405 majori
1874 3362 2018 3405 ipsorum
2045 3371 2137 3406 parte

1251 3411 1398 3449 Elestutn
1410 3412 1477 3449 fine
1486 3411 1730 3459 Metropolitae,
1757 3422 1856 3458 quam
1868 3409 1970 3451 hodie
1981 3423 2137 3450 vocamus

2011 3474 2088 3498 con-
