2366 3756
62 421 112 458 Ep.
135 422 198 452 289.

59 2312 134 2349 Cap·
149 2319 199 2345 ιι.

68 3119 133 3150 Par.
153 3130 181 3156 4.

636 173 1172 217 (ΞοΝειιΙυΜ

235 256 422 293 suetudines
433 281 441 288 .
468 255 604 290 Etenim
615 253 655 293 ad
667 255 836 293 Caesariam
848 252 1018 291 patritiam
1029 275 1040 292 ,
1051 263 1121 297 quae

235 308 276 342 de
287 305 482 348 quotidiana
496 307 610 351 populi
623 303 860 342 communione
880 303 1095 347 interrogarat
1109 327 1119 343 ,

232 357 387 401 rescripsit
415 357 562 401 Magnus
593 355 746 394 Bafiliusg
774 356 895 397 ‚Quam
921 364 973 385 nos
994 353 1119 397 fingulis

229 406 412 456 septimanis
434 413 678 445 communicamus
699 428 707 437 .
744 407 893 442 Dominico
915 405 962 436 die
981 427 992 443 ,
1034 403 1120 444 feria

234 468 367 506 quarta,
393 463 426 491 in
454 456 644 501 Parasccve,
669 456 703 491 6.·
729 453 880 490 sabbatho
896 478 903 489 .
930 455 991 487 sed
1013 454 1046 487 &
1064 462 1119 495 per

234 511 299 543 dies
311 514 405 542 etiam
414 508 486 541 alios
497 532 508 548 ‚
529 507 558 550 fi
575 511 714 545 Martyris
736 505 863 545 alicujus
888 510 1027 538 memoria
1048 505 1120 538 cele-

235 560 354 596 bretur,
382 556 508 597 Lucide
528 557 596 602 agit
617 556 658 591 de
678 554 908 593 Sacerdotibus
930 554 1120 589 celebranti-

235 609 318 651 bus,
345 618 401 643 aut
412 607 496 646 certe
509 607 645 650 publico
666 605 819 640 sacrificio
846 604 1119 639 communicanti-

236 659 312 694 bus.
340 657 444 693 Addit
456 658 681 693 Domesticam
704 655 819 699 populi
843 655 1118 689 communionem

234 707 341 742 adhuc
378 708 485 752 vigere
521 707 607 751 apud
640 704 874 747 Alexandriam
909 717 947 740 ac
979 715 1118 739 omnem

235 762 441 803 AEgyptum,
471 758 505 793 &
527 758 675 803 adjungit
695 756 826 794 causam
852 769 861 789 ε
887 757 979 799 ,Quod
999 756 1056 788 illic
1074 753 1120 798 see

235 811 296 848 mel
305 834 316 855 2
331 810 444 858 utique
461 809 492 842 in
509 808 687 852 septimana
699 831 709 848 ‚
737 804 1059 849 Sacerdossacrificium
1067 812 1118 846 pe·

234 867 325 906 ragat
345 871 379 892 ac
400 857 573 898 distribuat.
602 858 690 893 Etin
705 857 851 891 sermone
874 855 1041 897 adversum
1062 866 1118 895 eos

235 912 291 955 qui
321 906 441 943 Pascha
466 906 613 950 jejunant
634 933 645 949 ,
681 906 791 941 scribit
817 908 952 941 Santstus
979 907 1117 950 Joannes

233 957 506 1001 chrysostomus:
533 959 695 996 Nonidem
702 955 777 1000 sunt
789 955 905 999 Pascha
927 958 962 990 (π
975 956 1118 999 ,Quadra-

230 1009 356 1055 gestma.
386 1009 534 1050 Siquidem
547 1006 784 1052 ,Quadragefima
800 1005 893 1050 J‘emel
912 1012 945 1044 in
964 1017 1043 1039 anno
1060 1005 1098 1049 fit
1111 1030 1121 1046 ,

235 1059 352 1103 Pascha
364 1062 434 1098 verti
445 1067 489 1092 ter
500 1064 535 1090 in
546 1058 732 1097 bebdomada
746 1082 753 1089 .
783 1061 1017 1098 Nonnumquam
1032 1062 1122 1089 etiam

234 1119 360 1154 quater,
387 1109 439 1143 vel
446 1107 673 1152 quotiescumque
694 1109 848 1142 volumus.
875 1105 930 1146 Est
952 1112 1030 1140 enim
1052 1104 1122 1149 Pas:

232 1161 291 1194 cha
311 1171 368 1192 non
383 1162 561 1201 jejunium,
582 1158 639 1203 sed
660 1156 1020 1200 oblatio&sacrificium,
1045 1157 1126 1198 quod

233 1217 266 1244 in
284 1210 406 1253 fingulrs
422 1212 460 1254 fic
481 1209 637 1243 Collec‘lis.
670 1209 760 1257 Qia
786 1207 904 1252 nempe
929 1208 963 1241 in
988 1207 1124 1250 jejunio·

232 1272 305 1295 rum
319 1285 329 1300 ‚
356 1260 679 1304 quadragesimalium
693 1257 878 1303 praesertim,
911 1256 1027 1292 diebus
1037 1255 1122 1301 apud

235 1310 368 1348 Graecos
380 1321 445 1342 non
459 1309 557 1343 fiebat
580 1321 653 1343 vera
676 1308 827 1353 oblatio,
852 1307 906 1343 sed
930 1308 1121 1348 sacrificium

233 1371 277 1394 ex
301 1359 570 1403 praesanstificatis
592 1383 600 1391 .
635 1359 673 1393 In
695 1360 784 1398 sexta
808 1359 900 1402 super
922 1359 1060 1401 primam
1082 1358 1121 1391 ad

234 1408 455 1444 Timotheum
470 1408 649 1452 Epistolam
661 1409 816 1450 Humilia
827 1407 1029 1449 demonstrat
1043 1408 1123 1443 Cru-

234 1461 281 1494 cis
299 1461 333 1494 &
350 1460 473 1495 Altaris
490 1459 686 1493 sacrificium
697 1461 760 1493 esse
772 1468 874 1493 unum
894 1469 931 1491 ac
951 1458 1038 1492 idem
1051 1482 1062 1499 ,
1088 1459 1122 1492 δε

234 1506 408 1544 subnestit.
440 1514 535 1549 Unum
547 1517 636 1551 atque
645 1510 724 1541 idem
744 1507 803 1548 est,
830 1509 934 1540 eadem
957 1508 995 1546 est
1023 1508 1123 1540 sanavi

232 1562 364 1600 Spiritus
385 1565 510 1601 gratia,
533 1556 648 1602 semper
674 1555 791 1599 Pascha
810 1556 871 1594 est.
899 1555 1001 1595 Nostis
1020 1554 1122 1597 profe-

233 1609 278 1641 έῖὁ
287 1614 339 1651 qui
360 1613 474 1640 initiati
494 1606 580 1647 estis,
607 1607 642 1639 id
663 1607 744 1649 quod
762 1607 889 1645 dicimus
905 1618 917 1638 .·
943 1607 1014 1637 Sive
1033 1602 1122 1646 sexta

226 1657 333 1700 feria,
353 1656 418 1698 five
438 1656 586 1692 sabbatho
608 1679 618 1695 ,
646 1655 710 1698 five
733 1658 887 1695 Dominica
912 1654 980 1692 die,
1002 1652 1066 1696 five
1089 1658 1121 1686 in

231 1707 401 1745 celebritate
423 1709 605 1746 Martyrum,
631 1706 736 1739 eadem
757 1705 863 1738 litatur
888 1703 978 1750 hostia
1006 1728 1018 1743 ,
1041 1705 1121 1736 idem

225 1757 408 1802 ,sacrificium
429 1755 648 1799 consummatur
661 1781 668 1787 .
697 1754 741 1787 Et
764 1755 797 1788 in
813 1754 907 1789 tertia
929 1755 1021 1796 super
1034 1753 1122 1795 Apo·

233 1802 382 1841 stolicarn
403 1806 444 1840 ad
468 1805 623 1850 Ephesios
646 1804 828 1848 Epistolam
841 1804 1016 1840 Homilia:
1045 1807 1123 1836 Fru-

230 1857 294 1902 stra
316 1857 353 1898 est
377 1858 582 1899 quotidianum
600 1854 777 1899 sacrificium
800 1880 811 1896 ,
829 1854 948 1896 frustra
971 1853 1122 1894 adstamus

236 1910 335 1941 Altari
348 1932 356 1939 .
384 1911 482 1946 Nemo
504 1906 542 1947 est
563 1911 613 1949 qui
628 1911 793 1948 participet
815 1931 823 1938 .
852 1906 1007 1939 Affirmat
1044 1914 1123 1948 quo-

235 1957 316 1993 tidie
328 1956 503 1991 celebrari.
528 1956 608 1999 Ejus
618 1965 766 2000 tempore
787 1955 921 2000 quidam
948 1954 1024 2000 pagi
1051 1965 1126 1988 nec-

233 2007 315 2043 dum
343 2006 508 2046 habebant
533 2006 702 2041 Bafilicam
720 2031 731 2048 ,
758 2005 898 2049 ideoque
925 2006 959 2039 in
988 2004 1115 2039 decima

233 2059 346 2094 ostava
356 2058 450 2102 super
461 2056 702 2102 Apostolorum
713 2055 815 2091 Astus
842 2055 995 2089 Homilia
1019 2054 1122 2089 decla·

234 2119 304 2145 mat
315 2108 356 2143 ad
367 2107 501 2142 istorum
513 2108 723 2151 possessores:
747 2109 853 2141 Preces
883 2107 943 2139 illic
965 2113 1122 2148 perpetua

230 2167 353 2204 propter
371 2167 422 2199 te,
446 2159 552 2191 laudes
578 2158 613 2190 (9⁸
634 2156 762 2200 sinaxes
785 2163 909 2198 propter
935 2163 965 2187 te
979 2177 990 2195 ,
1015 2154 1124 2186 oblatio

231 2218 288 2254 per
304 2208 430 2249 singulos
457 2208 522 2243 dies
549 2208 734 2238 Dominicos.
763 2204 812 2240 lta
837 2203 985 2239 hortatur
996 2200 1035 2235 ad
1062 2202 1123 2236 Ba-

234 2255 423 2294 silicasillic
444 2254 672 2289 exstruendas.
702 2252 747 2289 Et
772 2252 807 2290 in
837 2251 1019 2288 catholica:
1044 2252 1122 2290 fidei

234 2306 442 2349 expositione
451 2306 586 2340 Sanstus
597 2301 804 2349 Epiphanius
815 2315 823 2335 :
850 2305 935 2340 sacri
946 2307 1121 2335 Conventus

234 2357 272 2391 ὰ
277 2354 404 2399 synaxes
415 2353 454 2386 ab
466 2353 604 2395 Apostoli:
614 2352 740 2395 instituti
747 2351 822 2395 sunt
832 2351 882 2385 hIs
893 2352 997 2386 diebus
1008 2376 1019 2396 ,
1033 2363 1122 2395 quar-

237 2415 272 2440 ta
292 2404 434 2448 sextaque
455 2404 564 2447 ftria,
590 2403 624 2436 ά*
639 2405 811 2436 Dominica.
843 2403 886 2440 Et
913 2403 1016 2439 infra;
1044 2405 1121 2445 ‚Qui-

236 2455 364 2499 busdam
387 2459 420 2487 in
438 2454 507 2487 locis
524 2451 605 2496 sacri
624 2457 800 2486 Conventus
821 2453 855 2488 o·
876 2451 1004 2496 finaxes
1030 2459 1122 2486 etiam

236 2505 398 2541 sabbathis
417 2506 590 2541 indicuntur
611 2528 618 2536 .
646 2502 790 2538 Proinde
816 2514 931 2537 omnes
957 2502 1118 2547 Pagenses

237 2556 314 2590 solis
333 2554 546 2594 Dominicis,
571 2552 720 2598 quaedam
733 2553 948 2589 civitatenses
975 2553 1122 2591 Ecclesiae

235 2614 354 2640 terant
370 2614 488 2648 quater
514 2604 548 2640 in
575 2603 775 2647 septimana,
798 2603 946 2647 quaedam
974 2601 1122 2648 quotidie

237 2653 400 2691 habebant
421 2653 613 2688 sacrificium
632 2677 641 2685 .
669 2653 812 2688 Diversae
831 2652 998 2689 habebant
1019 2652 1123 2688 diver-

238 2707 287 2739 sas
298 2704 548 2739 consuetudines
561 2728 568 2736 .
594 2703 686 2741 Nam
697 2702 782 2739 &de
793 2714 911 2748 magna
923 2704 1044 2741 sanctae
1065 2704 1120 2737 So-

239 2754 321 2799 phiae
347 2753 717 2798 Constantinopolitana
746 2753 889 2790 Ecclesia
915 2753 1023 2787 scribit
1056 2754 1122 2789 Mi-

239 2804 332 2838 chael
347 2805 470 2846 Glycas
481 2817 489 2837 :
514 2805 609 2848 ,Quod
616 2811 648 2838 in
658 2816 768 2852 magna
777 2807 834 2841 Dei
846 2803 972 2846 Ecclefia
981 2802 1119 2844 Constan-

241 2860 324 2888 tinus
337 2853 685 2899 Monomachusins'tituit
699 2879 710 2896 ,
734 2856 855 2891 laudem
865 2863 1013 2888 meretur.
1040 2856 1118 2888 Cum

239 2910 318 2938 enim
330 2902 395 2947 istic
404 2916 451 2939 res
458 2902 547 2947 sacra
554 2912 658 2949 peragi
671 2913 791 2947 propter
815 2910 946 2947 inopiam
967 2906 1118 2938 redituum

239 2967 300 2989 non
307 2955 396 2998 poffirt
408 2964 496 2988 extra
505 2965 596 2997 quam
600 2954 723 3000 singulis
734 2954 896 2991 Sabbathis
908 2979 919 2996 ,
946 2954 1047 2989 diebus
1060 2958 1117 2990 Do·

239 3010 354 3037 minicis
367 3029 378 3044 ,
404 3003 523 3047 aliisque
540 3002 627 3048 festis
653 3004 809 3052 insignibus
829 3030 843 3048 ,
878 3010 1041 3047 Imperator
1068 3005 1118 3039 boc

238 3053 452 3100 animadverso
473 3079 483 3094 ‚
505 3054 702 3096 proventibus
722 3061 809 3091 certis
825 3055 984 3096 constitutis
1002 3055 1096 3097 effecit
1108 3079 1118 3095 ‚

237 3113 273 3140 ut
297 3106 417 3139 sacrum
441 3104 484 3138 ibi
504 3103 626 3148 fingulis
651 3104 754 3138 diebus
775 3105 978 3151 perficeretur.
1015 3105 1117 3150 Qod

240 3155 346 3199 ipsum
370 3153 462 3197 supra
483 3151 666 3189 audivimus
688 3154 867 3201 aGeorgio
885 3155 1058 3190 cedreno.

291 3204 477 3240 Graecorum
499 3203 648 3239 Ecclefiae
666 3215 734 3241 non
754 3204 875 3243 habent
898 3206 958 3243 nisi
982 3205 1117 3243 unicum

240 3254 382 3295 Altare,
407 3255 439 3290 &
462 3255 495 3287 in
518 3265 588 3289 uno
611 3251 792 3297 eodemque
813 3255 945 3299 Altari,
972 3256 1118 3301 adeoque

238 3306 275 3340 ἀ
295 3303 329 3337 in
348 3315 414 3339 una
438 3303 619 3347 eademque
641 3302 781 3340 Ecclesia
804 3307 918 3351 nequit
937 3307 1056 3341 eodem
1067 3307 1119 3341 die

239 3353 348 3389 iterari
370 3354 581 3391 sacrificium.
613 3353 670 3388 Est
692 3354 809 3390 Canon
828 3356 912 3400 apud
937 3358 1023 3401 ipsos
1035 3356 1119 3394 adeo

239 3405 391 3448 antiquus
412 3415 509 3447 atque
523 3402 696 3444 solemnis,
723 3415 759 3438 ut
781 3405 822 3440 ad
832 3408 1032 3442 Dioscorum
1045 3408 1120 3441 Ale·

237 3453 382 3489 xandriae
392 3449 614 3491 Patriareham
624 3454 812 3501 rescripserit
822 3456 956 3493 Sanetus
966 3457 1037 3493 Leo
1049 3457 1120 3493 Ma-

1163 391 1172 830 1

1241 171 1710 220 Romanum.
1908 190 1996 232 151

1180 265 1288 299 gnus:
1318 259 1401 288 Utin
1411 254 1543 289 omnibus
1563 253 1753 299 observantia
1779 256 1876 298 nostra
1899 261 2069 302 concordet,

1181 306 1257 338 illud
1264 316 1372 348 quoque
1385 307 1521 343 volumus
1534 305 1686 346 custodiri,
1712 315 1746 344 ut
1768 309 1832 340 cum
1848 305 2003 350 solemnior
2020 310 2071 353 fe-

1174 353 1301 395 stivitas
1337 364 1515 394 conventum
1543 357 1647 397 populi
1672 352 1870 396 numerofiorls
1901 361 2046 394 indixerit
2059 385 2073 402 ‚

1182 406 1216 438 (9·
1240 407 1285 437 ad
1307 417 1373 439 eam
1397 412 1485 437 tanta
1517 406 1652 447 fidelium
1687 409 1842 446 multitudo
1879 416 2070 449 convenerit,

1181 466 1272 496 quam
1297 460 1422 496 recipere
1448 453 1577 495 Basilica
1599 453 1684 494 fimul
1706 459 1767 492 unt?
1792 469 1850 496 non
1872 460 1954 506 poffit
1975 485 1985 501 ,
2020 459 2073 503 sa-

1180 504 1282 546 crificii
1307 505 1412 538 oblatio
1437 504 1647 538 indubitanter
1672 510 1815 548 iteretur,
1840 521 1877 544 ne
1886 508 1934 541 bis
1948 510 2071 547 tantum

1179 555 1304 594 admiffis
1326 556 1371 587 ad
1388 554 1464 591 banc
1488 556 1670 592 devotionem
1691 561 1742 596 qui
1756 563 1849 596 primi
1861 560 2065 602 advenerint,

1177 655 1241 687 cum
1259 657 1380 696 plenum
1398 661 1524 697 pietatis
1549 664 1638 697 atque
1658 661 1785 689 rationis
1804 655 1843 697 fit
1863 682 1873 699 ‚
1899 667 1933 691 ut
1956 667 2069 701 quoties

1180 703 1336 746 Bafilicam
1349 729 1359 745 ,
1384 710 1416 741 in
1441 716 1502 747 qua
1525 712 1645 749 agitur,
1668 705 1833 748 praesentIa
1860 718 1950 747 novae
1971 709 2069 750 plebis

1177 756 1367 796 impleverit,
1403 761 1489 788 toties
1504 753 1681 797 sacrificium
1699 755 1877 798 subsequens
1899 752 2039 799 offeretur
2063 785 2073 794 .

1179 806 1295 848 Necesse
1320 805 1359 845 est
1379 800 1508 847 autem,
1527 814 1560 840 ut
1584 806 1724 848 quaedam
1749 814 1824 849 pars
1846 809 1946 850 populi
1951 808 2009 851 sua
2019 811 2075 844 de.

1180 861 1292 896 votione
1312 861 1475 899 privetur,
1491 850 1525 897 'fi
1544 862 1632 889 unius
1654 857 1775 888 tantum
1794 858 1889 900 Mtffae
1912 868 1989 892 more
2010 858 2074 901 ser-

1180 913 1251 945 vato
1270 904 1448 949 sacrificium
1467 906 1570 954 offerre
1593 917 1651 940 non
1668 908 1791 947 posfint‚
1822 906 1879 948 mfi
1898 913 1949 949 qui
1968 915 2073 950 prima

1180 956 1239 994 diei
1255 954 1348 997 parte*
1365 966 1580 996 convenerint,
1607 958 1744 991 studiose*
1783 959 1852 1001 ergo
1879 958 2073 993 Dilellionem

1181 1014 1262 1038 tuam
1284 1007 1318 1039 (ς’
1333 1006 1530 1047 familiariter
1546 1009 1736 1046 admonemus
1759 1032 1770 1048 ,
1807 1004 1843 1046 ut
1868 1009 1949 1050 quod
1972 1008 2076 1049 nostrae

1180 1054 1379 1099 consuetudini
1401 1069 1438 1091 ex
1452 1057 1559 1097 forma
1574 1067 1713 1101 paternae
1747 1054 1920 1097 traditionis
1942 1058 2076 1105 insedit,

1182 1116 1235 1139 tua
1253 1118 1365 1149 quoque
1387 1118 1458 1140 cura
1486 1119 1544 1145 non
1572 1110 1724 1152 negligat,
1748 1118 1782 1143 ut
1803 1117 1859 1151 per
1869 1113 1969 1147 omnia
1991 1109 2077 1143 nobis

1183 1158 1216 1198 ζ’]
1231 1154 1294 1205 fide
1318 1158 1352 1191 (⁸5
1368 1157 1480 1195 aclibus
1491 1169 1699 1201 congruamus.
1732 1160 1940 1200 Alexandria:
1953 1160 2077 1200 fiebat,

1181 1208 1269 1250 quod
1290 1208 1324 1241 ὅ(
1349 1207 1383 1241 in
1408 1204 1463 1248 sua
1489 1208 1633 1243 Ecclesia
1661 1209 1781 1242 fastum
1810 1212 1927 1252 partim
1940 1210 2075 1248 laudat,

1183 1258 1300 1301 partim
1327 1257 1535 1301 reprehendit
1564 1259 1597 1292 in
1627 1258 1776 1302 populari
1812 1259 1960 1293 sermone
1999 1259 2081 1293 San·

1183 1305 1250 1342 'ctus
1279 1308 1421 1350 Joannes
1447 1308 1725 1353 Chrysostomus:
1753 1308 2079 1353 ‚Quantummihicen-

1178 1356 1253 1400 setis
1276 1359 1401 1391 dolorem
1421 1356 1524 1399 inuri,
1549 1360 1614 1397 cum
1642 1359 1776 1393 recordor
1789 1357 1877 1400 festis
1888 1360 2009 1401 quidem
2020 1360 2083 1392 die-

1182 1405 1234 1447 bus
1258 1406 1344 1441 valla
1359 1413 1452 1448 maris
1482 1419 1601 1450 aequora
1611 1408 1809 1443 eolleiiarum
1823 1409 1929 1446 ,turbas
1940 1414 2057 1441 imitari
2068 1432 2087 1450 ,

1176 1460 1246 1499 jam
1276 1460 1345 1491 vero
1366 1469 1403 1492 ne
1421 1463 1591 1501 quorumvis
1613 1459 1731 1501 quidem
1750 1466 1870 1500 partem
1886 1459 1967 1493 illius
1982 1461 2084 1493 multi,-

1183 1508 1299 1545 tudinis
1318 1507 1366 1545 hic
1390 1509 1580 1550 congregari?
1606 1508 1711 1554 Qod
1738 1508 1834 1541 latius
1862 1510 2000 1553 urgetin
2015 1510 2085 1552 spe·

1183 1554 1256 1594 ciali
1281 1555 1428 1593 sermone
1451 1554 1624 1595 adversum
1646 1566 1703 1589 eos
1725 1557 1781 1601 qui
1804 1555 1941 1595 Divinis
1957 1568 2023 1591 non
2035 1559 2084 1592 iu·

1183 1604 1306 1637 tersunt
1330 1604 1470 1638 officiis.
1498 1605 1604 1652 Qod
1628 1603 1708 1650 ergo
1736 1606 1768 1638 in
1782 1608 1911 1649 magnis
1924 1607 2013 1640 festis
2029 1617 2088 1650 po·

1186 1653 1278 1697 pulus
1303 1664 1460 1697 tanquam
1487 1666 1574 1688 mare
1603 1655 1737 1690 irrueret
1767 1655 1799 1688 in
1825 1654 2021 1696 Basilicam,
2049 1656 2085 1691 δε

1185 1703 1225 1738 ab
1249 1704 1314 1746 ipsa
1344 1715 1413 1745 non
1441 1714 1607 1748 caperetur
1633 1729 1645 1748 ‚
1687 1704 1886 1745 Pontificem
1915 1705 2082 1741 consuluit

1184 1753 1386 1795 Dioscorus,
1414 1765 1494 1789 num
1515 1766 1554 1789 ex
1581 1755 1637 1790 tali
1649 1756 1743 1790 causa
1769 1755 1869 1799 posset
1892 1756 2006 1791 eadem
2028 1755 2086 1790 die

1186 1804 1219 1838 in
1247 1804 1360 1838 eadem
1383 1804 1515 1838 Bafilica
1536 1805 1642 1840 iterari
1664 1805 1879 1846 sacrificium,
1905 1807 2090 1851 &genera-

1184 1853 1223 1894 lis
1242 1855 1343 1888 tetius
1363 1855 1511 1889 Orientis
1533 1855 1736 1889 consuetudo
1758 1856 1791 1890 δε
1807 1856 1925 1894 Canon
1940 1855 2012 1889 laedi
2027 1864 2086 1889 aut

1185 1903 1357 1946 dispensari
1370 1905 1386 1936 ?
1413 1905 1645 1939 Alexandrinae
1662 1905 1994 1945 Ecclesiaefundator
2007 1905 2087 1940 San·

1184 1955 1249 1995 §tus
1266 1953 1399 1989 Marcus
1422 1955 1632 2000 Evangelista
1654 1956 1758 1990 fuerat
1773 1957 1879 1991 Sansti
1891 1955 1978 1994 Petri
1994 1954 2088 1999 Apo·

1186 2004 1260 2038 stoli
1283 2004 1492 2048 Discipulus,
1521 2004 1661 2050 ideoque
1682 2007 1715 2043 ἀ
1739 2006 1875 2046 istam&
1891 2007 2086 2040 Romanam

1187 2053 1361 2089 Ecclesiam
1383 2055 1504 2090 eisdem
1518 2056 1915 2101 institutionum‘Regulis
1927 2057 2086 2092 directam

1184 2104 1435 2148 &dirigendam
1446 2107 1571 2140 censuit
1596 2107 1745 2151 Magnus
1771 2106 1861 2141 Leo:
1895 2106 2017 2140 Multis
2039 2116 2087 2140 ra·

1186 2152 1331 2186 tionibus
1356 2155 1472 2193 suasit,
1500 2155 1580 2196 quin
1602 2156 1636 2187 &
1663 2156 1857 2197 Apostolica
1891 2157 2088 2190 auctoritate

1187 2203 1334 2247 praecepit
1356 2203 1515 2241 Latinum
1540 2204 1573 2236 in
1600 2214 1725 2237 morem
1748 2204 1820 2237 istic
1858 2215 1927 2237 non
1951 2205 2085 2240 tantum

1187 2254 1273 2296 posse
1300 2264 1341 2287 ex
1365 2253 1463 2290 relata
1492 2253 1586 2286 causa
1598 2253 1704 2287 iterari
1730 2253 1947 2299 sacrificium,
1975 2254 2029 2288 sed
2053 2265 2085 2288 e-

1185 2304 1264 2336 tiarn
1289 2301 1404 2337 debere
1427 2327 1435 2334 .
1475 2301 1603 2336 Verum
1623 2313 1692 2337 non
1718 2303 1873 2346 persuasit
1897 2328 1905 2336 .
1947 2303 2083 2339 Etenim

1185 2354 1366 2386 etiamnum
1387 2350 1546 2388 hodierno
1570 2351 1624 2391 die
1635 2364 1751 2394 omnes
1772 2364 1855 2397 purae
1891 2353 2082 2395 Graecorum

1188 2402 1334 2436 Ecclefiae
1358 2400 1481 2437 habent
1503 2403 1639 2442 unicum
1666 2403 1800 2444 Altam

1234 2453 1322 2487 Dico
1335 2477 1345 2493 ,
1374 2455 1465 2487 Purae
1478 2466 1489 2486 .·
1517 2452 1662 2497 Excipio
1686 2454 1777 2491 enim
1791 2455 1929 2496 mixtas,
1958 2456 2010 2489 seu
2024 2467 2089 2490 nos·-

1185 2502 1232 2537 bis
1257 2504 1291 2541 &
1312 2503 1386 2546 ipsis
1409 2515 1450 2537 ex
1474 2503 1603 2544 industa
1628 2515 1684 2549 per
1708 2505 1931 2541 Saracenicam
1944 2517 1981 2540 ac
1995 2506 2084 2540 Tur-

1183 2554 1287 2587 cicam
1309 2552 1533 2597 captivitatem
1558 2555 1742 2590 necessitate
1764 2567 1956 2590 communes
1970 2555 2085 2590 Eccle-

1185 2604 1263 2643 fias,
1290 2603 1325 2637 in
1351 2603 1471 2651 quibus
1492 2603 1580 2640 aliud
1608 2606 1735 2646 Graeci,
1771 2605 1861 2640 aliud
1888 2606 2001 2640 Altare
2027 2604 2082 2640 ha-

1185 2654 1263 2688 bent
1286 2653 1417 2688 Latini.
1448 2654 1490 2689 Et
1512 2655 1556 2689 fic
1577 2656 1676 2689 etiam
1699 2657 1743 2690 est
1759 2657 1877 2691 Romae
1903 2656 1937 2689 in
1968 2655 2083 2690 Eccle-

1183 2705 1225 2741 sia
1253 2703 1358 2741 Sanfti
1386 2703 1591 2750 Athanasii,
1622 2706 1665 2742 Et
1691 2706 1732 2739 de
1758 2706 1879 2739 Graecis
1906 2703 2016 2741 scribit
2043 2706 2078 2740 in

1185 2751 1384 2798 Euchologii
1421 2753 1556 2790 scholiis
1591 2755 1733 2800 Joannes
1770 2756 1862 2789 Goar
1885 2767 1892 2787 :
1931 2760 1967 2788 1n
2004 2760 2048 2789 eis
2070 2778 2084 2796 ,

1182 2804 1303 2838 Mixtis
1324 2806 1440 2848 utique
1458 2801 1632 2846 Ecclesiis,
1659 2804 1763 2847 Missas
1778 2830 1790 2847 ,
1813 2806 1905 2847 officia
1919 2803 2078 2848 laudesque

1183 2858 1337 2896 Divinas,
1362 2856 1467 2889 ritibus
1487 2860 1620 2898 propriis
1626 2853 1787 2900 servans,
1812 2861 1931 2898 utrique
1948 2857 2077 2888 alternis

1179 2904 1259 2942 borIs
1280 2913 1451 2950 peragunt,
1475 2911 1522 2943 ita
1540 2915 1646 2945 tamen
1659 2930 1669 2946 ,
1694 2916 1730 2942 ut
1750 2918 1811 2950 qua
1837 2906 1911 2939 hora
1931 2906 2075 2943 Sacerdos

1183 2958 1313 2988 Latinus
1340 2956 1528 2998 celebravit,
1556 2960 1680 2990 Graecus
1701 2958 1810 2991 deinde
1828 2958 1951 3003 sacrum
1968 2955 2076 3002 facere

1179 3005 1325 3041 detrudet
1339 3030 1350 3046 ,
1379 3018 1437 3039 non
1462 3008 1584 3050 quidem
1609 3012 1644 3042 in
1670 3009 1776 3040 Latini
1786 3005 1864 3041 ritus
1876 3014 2074 3047 contemptum

1181 3057 1232 3089 vri
1250 3057 1370 3097 odium,
1393 3066 1429 3094 ut
1447 3058 1574 3103 quidam
1598 3059 1754 3090 temerario
1774 3054 1959 3099 suspicantur
1982 3081 1992 3096 ,
2014 3053 2075 3098 sed

1181 3116 1217 3142 ne
1237 3106 1337 3143 eodem
1357 3107 1407 3145 die
1426 3114 1512 3141 intra
1535 3108 1648 3148 Templi
1667 3105 1798 3150 ejusdem
1804 3105 1891 3150 septa
1896 3105 2073 3149 sacrificium

1180 3161 1289 3191 iterare
1304 3178 1315 3197 ,
1332 3157 1414 3197 quod
1435 3158 1522 3199 nefas
1547 3158 1668 3196 videtur
1692 3181 1703 3197 ,
1742 3161 1865 3195 Graecus
1885 3153 2069 3198 praesumat·

1183 3210 1302 3247 Hacque
1321 3207 1359 3243 de
1370 3207 1458 3250 causa
1479 3220 1542 3242 cum
1553 3209 1719 3246 devotionis.
1727 3207 1930 3250 adimplendae
1942 3203 2050 3244 affl-'3¹‘
2059 3228 2074 3246 2

1183 3258 1305 3295 Graecus
1325 3255 1418 3296 hinc,
1444 3259 1527 3291 illinc
1548 3261 1679 3295 Latinus
1690 3262 1723 3296 in
1733 3259 1849 3300 Templi
1866 3252 1995 3297 ejusdem
2008 3265 2075 3288 am-

1183 3306 1246 3338 bitu
1263 3303 1359 3348 sacris
1377 3315 1495 3350 operari
1516 3307 1636 3348 affec‘lat
1656 3331 1669 3349 ,
1696 3311 1823 3343 Graecus
1831 3306 1925 3343 alium
1948 3313 2070 3346 praevf‘

1182 3363 1245 3391 nire
1261 3355 1375 3396 studet.
1402 3357 1606 3402 Nesacrificio
1627 3357 1667 3391 ab
1677 3371 1709 3392 eo
1715 3357 1836 3400 paracio
1851 3378 1861 3395 ,
1886 3353 1946 3398 ipse
1958 3355 2073 3394 religio·

1184 3417 1221 3439 ne
1245 3407 1264 3438 ἃ
1286 3408 1384 3440 Sacris
1409 3410 1600 3443 retardetur.
1628 3412 1694 3441 Nec
1712 3416 1810 3440 tamen
1836 3409 1965 3443 Latini,
1991 3401 2073 3443 91(οἆ

1183 3455 1247 3500 ipse
1267 3465 1408 3498 expertus
1423 3457 1490 3501 sum
1511 3483 1523 3499 ,
1559 3460 1668 3493 temere
1692 3456 1893 3501 confi-ienuam
1928 3449 2069 3495 accusat,

1933 3512 2018 3547 quem

1179 605 1339 643 videantur
1352 604 1382 646 fi
1398 611 1448 647 qui
1467 604 1648 646 postmodum
1666 605 1862 647 confluxerint
1872 619 1929 645 non
1940 617 2066 652 recepti,
2096 608 2146 646 ΕΡ·
2168 609 2217 636 8¹·

2101 1340 2168 1375 ’ser-
2188 1344 2234 1371 26-
