2366 3756
105 1224 141 1253 A·
158 1233 244 1260 1174·

111 2102 174 2132 1⁴4·
191 2103 273 2135 022*-

113 2642 221 2677 Parrqs.
252 2648 280 2669 c.

125 2683 191 2710 16².

357 147 452 210 ‹178

293 242 332 266 ca
346 232 399 266 sua
411 224 648 264 concordantia
658 228 809 273 exposuit
821 227 856 262 N
859 226 983 261 lcolaus
991 224 1178 262 Cardiualis

291 281 441 315 Cusanus
457 302 473 317 e,
489 276 600 312 Hosio
615 277 755 322 adjunffl
769 278 900 312 fuerunt
920 275 1120 311 Vincentius
1142 276 1186 310 &t

290 329 397 366 Viton
414 328 576 365 Romanae
587 326 738 363 Ecclefiae
747 325 934 371 Presbyteri
949 352 957 361 .
982 328 1026 362 Et
1056 325 1154 362 hoci

293 378 440 412 adduciis
461 378 544 412 locis
566 377 709 411 omnino
724 377 861 412 laudant
874 378 979 423 Julius
1004 389 1043 412 ac
1058 377 1179 413 Dama·

289 429 342 463 sus
352 428 553 463 Pontifices.
580 428 625 462 Et
637 427 699 462 hac
712 426 754 463 de
767 429 859 463 causa
879 439 956 464 ante
981 438 1098 463 omnes
1119 427 1181 462 Pa-

289 477 446 515 triarchas
472 476 507 511 δε
518 476 602 514 alios
613 477 773 513 primates
787 479 969 523 Episcopus
991 478 1182 523 subscripse-

289 538 367 563 runt
381 526 521 572 Synodo
535 552 547 569 ,
573 528 720 572 adeoque
744 530 778 564 ἀ
802 540 879 564 ante
898 530 984 573 ipsos
1009 528 1159 563 sederunt
1173 553 1181 561 .

290 578 421 616 Eodem
441 579 544 614 modo
556 580 664 614 artium
684 578 778 617 fuisse
795 577 831 614 in
843 580 1020 615 Sardicenfi
1034 603 1047 621 ,
1073 578 1182 625 Ephe-

289 629 359 663 sina
370 653 381 670 ,
408 627 671 664 Chalcedonenfi
683 652 694 671 ,
721 641 760 664 ac
771 630 865 664 omni
888 630 1035 675 legitima
1048 640 1181 675 genera·

290 679 315 713 li
330 680 493 723 Synodo,
519 678 565 714 est
588 678 652 714 suis
674 679 757 714 locis
770 679 900 715 abunde
919 680 1106 715 ostensum.
1136 680 1182 714 Et

288 727 353 765 hac
366 728 406 763 de
418 739 451 763 re
460 728 571 763 nullus
584 740 741 775 umquam
765 729 932 765 dubitavit
940 728 1095 776 germane
1118 728 1182 766 Ca·

287 778 454 820 tholicus,
480 791 586 823 neque
609 791 670 824 pro
692 780 758 826 ipsa
790 781 919 816 videtur
932 781 1113 826 Gregorius
1134 780 1181 819 se·
1204 783 1214 796 '·

289 826 414 875 ptimus
425 827 515 865 hunc
527 829 704 866 Canonem
727 831 856 866 difiaffe
866 857 874 865 .

340 878 488 915 Dieiavit
513 892 572 925 pro
601 881 874 925 Apostolicorum
913 880 1117 928 Legatorum
1142 882 1179 917 in

288 928 551 972 Provincialibus
587 930 731 976 synodis
759 930 966 971 Proefidentia
1002 957 1015 975 ,
1048 934 1091 968 de
1115 944 1180 977 qua

289 980 482 1021 Lambertus
496 977 808 1028 Schafnaburgenfis
826 996 839 1017 .-
864 982 1026 1030 Episcopus
1051 983 1181 1028 Hostien·

282 1031 347 1073 fis,
374 1031 540 1076 Episcopus
566 1032 765 1074 Praenestinus
783 1057 794 1074 ‚
823 1033 988 1077 Episcopus
1009 1033 1180 1077 Curienfis',

288 1083 324 1116 (9·
335 1080 496 1126 Episcopus
514 1082 665 1125 Cumenfis
681 1085 750 1125 miffi
755 1082 831 1127 sunt
843 1085 864 1116 ἃ
876 1087 1010 1119 Romano
1026 1085 1179 1128 Pontifice‚

286 1133 402 1177 utique
425 1133 590 1178 Gregorio
604 1132 745 1182 septimo
759 1158 770 1175 ,
796 1141 962 1176 componere
987 1137 1180 1170 vacillantem

280 1181 395 1222 statum
417 1185 605 1218 Galliarum.
634 1188 740 1227 Itaque
760 1191 909 1226 petierunt
933 1186 1037 1219 verbis
1050 1189 1180 1219 Romani

288 1231 469 1275 Pontificis,
494 1243 530 1268 ut
539 1234 682 1272 synodum
691 1244 789 1268 tenere
818 1241 901 1269 intra
915 1236 1035 1269 Gallias
1060 1234 1179 1278 Episco-

282 1290 392 1326 porum
410 1291 486 1331 pace
505 1282 687 1326 sinerentur.
715 1284 911 1320 Vehementer
932 1285 984 1319 boc
1009 1284 1189 1320 abnuerunt·

285 1343 387 1367 omnes
399 1331 540 1375 Episcopi
553 1357 564 1374 ,
589 1343 746 1377 tamquam
757 1333 928 1377 inufitatum
939 1338 974 1369 ὁ*
983 1337 1004 1368 ἃ
1011 1335 1077 1378 suis
1093 1340 1177 1368 ratio-

288 1381 376 1416 nibus
391 1382 475 1426 longe
489 1384 622 1429 alienum
634 1408 644 1424 ‚
656 1394 707 1419 nec
714 1383 746 1427 se
758 1384 847 1426 huJ‘us
859 1385 1046 1418 aue‘iorttatis
1055 1386 1179 1427 privile-

284 1438 368 1476 gium
378 1434 431 1466 ulli
449 1435 504 1467 alii
512 1459 522 1475 ,
531 1441 738 1478 preterquam
749 1433 805 1477 ipfi
812 1439 945 1469 Romano
958 1435 1103 1477 Pontifici,
1117 1447 1179 1469 um-

287 1493 378 1524 quam
403 1485 552 1519 delaturos
580 1485 786 1526 affimarunt.
817 1485 862 1518 Et
875 1484 1026 1519 adversus
1039 1485 1177 1519 Lietma·

288 1543 364 1568 rum
376 1532 586 1569 Bremensem
596 1532 890 1576 Arcbiepiscopum
901 1532 1011 1567 scribit
1026 1534 1035 1566 i
1040 1534 1093 1576 pse
1101 1533 1178 1567 Gre-

293 1583 430 1627 gorius:
461 1587 589 1628 Legatos
614 1581 720 1623 nostros
740 1590 797 1626 pro
808 1582 927 1616 viribus
940 1582 1103 1623 impedisti.
1132 1583 1183 1616 Ad

288 1633 352 1668 baec
364 1657 374 1674 ,
400 1641 432 1667 ut
444 1634 607 1669 Concilium
613 1632 701 1675 fieret
714 1657 725 1673 ,
736 1631 928 1674 prohibuisti.
959 1633 1062 1680 Qod
1074 1631 1178 1675 ipsum

286 1684 324 1719 in
340 1684 412 1718 aliis
423 1682 539 1718 litteris
550 1683 696 1727 graviter
706 1681 853 1724 queritur
862 1680 903 1717 de
913 1681 1096 1716 Galliarum
1109 1682 1178 1715 Me·

288 1732 478 1777 tropolitis,
505 1731 729 1767 recusantibus
754 1742 942 1774 comparere
967 1729 1008 1765 ad
1027 1729 1179 1774 synodos

288 1783 450 1832 Hugonis
470 1781 600 1821 Dienfis
613 1781 794 1826 Episcopi,
821 1781 870 1817 sui
896 1780 1022 1815 ibidem
1035 1780 1153 1825 Legati
1174 1804 1181 1813 .

288 1835 336 1873 Et
351 1844 431 1869 tunc
442 1833 566 1868 crimen
578 1831 644 1868 hoc
669 1834 778 1867 fucare
788 1840 927 1866 conatus
938 1830 1101 1865 Manaffes
1115 1830 1180 1865 Re-

288 1884 410 1921 menfis
422 1881 697 1926 Archiepiscopus
708 1883 793 1916 inter
806 1882 983 1925 assumptos
997 1880 1016 1915 ὲ
1027 1880 1135 1914 Gallia
1146 1881 1179 1914 δε

291 1936 381 1971 inter
393 1935 503 1970 Roma
517 1933 628 1968 min‘os
639 1933 657 1967 *a
670 1932 844 1968 Pontificis
856 1930 954 1966 latere
968 1929 1179 1976 Legatos-di-

290 1985 428 2026 stinxit,
454 1983 591 2019 afferens
608 1984 640 2017 sc
651 1982 744 2026 juxta
756 1983 931 2026 antiquum
953 1980 1099 2016 Ecclefiae
1120 1981 1179 2014 suae

291 2035 502 2080 privilegium
530 2036 619 2078 polle
642 2033 684 2067 ab
696 2031 782 2068 hisce
807 2029 1050 2074 solisjudicari.
1078 2029 1178 2073 Apud

291 2087 427 2122 Petrum
452 2083 752 2120 Bibliothecarium
775 2083 810 2116 in
824 2081 928 2115 nostri
946 2080 1100 2124 Gregorii
1114 2080 1181 2113 vita

291 2137 397 2171 dietus
415 2135 599 2169 Lietmarus
608 2133 732 2174 allegat
747 2129 960 2172 Apostolicas
970 2129 1055 2162 vices
1080 2127 1180 2162 &fibi

293 2187 327 2221 ὅ(
340 2182 548 2228 Moguntino
562 2181 728 2225 Episcopo
744 2179 833 2223 fuiffe
854 2183 990 2221 antiquis
1007 2179 1180 2221 privilegiis

292 2233 429 2278 concessas
445 2257 457 2274 ,
482 2231 623 2275 ideoque
644 2230 751 2264 neutri
775 2230 883 2263 ullum
905 2229 1069 2273 Legatum
1094 2228 1181 2271 poffe

294 2287 438 2331 praeesse.
467 2280 596 2326 Nempe
605 2279 673 2323 ejus
690 2277 891 2313 Anteceffori
904 2277 1085 2312 Adelberto
1107 2277 1181 2311 istas

299 2338 388 2371 vices
413 2333 547 2368 dederat
572 2329 764 2365 Alexander
799 2327 979 2363 secundus.
1006 2328 1051 2361 Et
1085 2338 1182 2361 exce-

297 2387 368 2431 ptio
396 2382 509 2419 habuit
533 2379 658 2426 aliquid
679 2379 801 2415 coloris
822 2404 829 2411 .
867 2378 962 2413 Hinc
981 2378 1072 2412 enim
1092 2387 1183 2420 repo-

295 2438 384 2472 suere
409 2434 527 2480 Legati
548 2433 636 2467 vices
651 2431 723 2464 istas
747 2441 802 2474 per
813 2428 1024 2464 concedentis
1043 2437 1182 2462 mortem

297 2488 460 2531 expirasse.
487 2483 598 2518 Etiam
611 2482 670 2517 tali
682 2481 793 2515 colore
804 2479 936 2514 orbatos
950 2479 1098 2513 Saxoniat
1110 2476 1186 2520 Epi·

299 2539 418 2579 scopos
442 2534 582 2570 noluisse
604 2542 790 2575 comparere
814 2528 854 2565 ad
867 2529 986 2573 Legati
998 2526 1184 2572 Apostolici

298 2586 565 2622 Altheimensem
577 2582 635 2620 sub
649 2581 811 2621 Conrardi
835 2579 931 2623 primi
945 2579 1086 2621 Imperio
1106 2577 1184 2612 cele-

299 2637 427 2673 bratam
451 2635 648 2679 Synodum,
673 2633 759 2667 lucet
779 2643 821 2664 ex
846 2630 915 2673 ejus
935 2628 1124 2673 fragmentis
1149 2628 1184 2661 in

300 2689 445 2723 Decreto
457 2686 565 2721 Sancti
579 2683 694 2718 lvonis
716 2680 867 2724 Episcopi
885 2679 1114 2714 Carnutensis.
1141 2677 1185 2713 Et

300 2738 318 2772 a
344 2739 470 2781 Joanne
493 2734 688 2774 Cardinali,
714 2731 862 2767 Honorii
885 2727 1014 2767 secundi
1037 2729 1186 2773 Legato,

301 2788 393 2830 quod
411 2787 446 2820 in
458 2782 798 2821 Westmonasterienfi
808 2780 947 2823 Synodo
960 2777 1186 2822 Archiepisco·

303 2838 355 2880 pis
382 2860 393 2875 ,
419 2834 588 2877 Episcopis
609 2858 619 2873 ,
647 2832 833 2867 Abbatibus
854 2856 865 2873 ,
890 2830 924 2867 &
948 2828 1048 2863 totius
1074 2827 1186 2873 Regni

303 2884 484 2920 Nobilibus
508 2883 681 2929 praefideret
704 2906 715 2922 ,
749 2881 842 2916 fuiffe
868 2880 1009 2926 graviter
1029 2879 1188 2913 offensam

305 2946 442 2971 omnem
465 2933 651 2980 Angliam,
679 2933 713 2965 in
738 2930 1024 2967 Cantuarienfium
1049 2928 1186 2963 Pontifi-

308 2998 385 3021 cum
414 2985 506 3020 Actis
532 2983 666 3019 testatur
678 2983 848 3020 Gervafius
872 2980 1014 3024 ejusdem
1039 2978 1189 3015 Ecclefiae

306 3034 516 3070 Monachus.
544 3033 678 3068 Adduci
721 3033 839 3076 poffint
877 3031 967 3075 plura
1005 3028 1188 3063 istiusmodi

306 3084 476 3128 exempla.
505 3084 683 3119 Rationem
705 3083 761 3117 dat
785 3083 819 3117 in
831 3078 1062 3124 Apologeticis
1082 3077 1191 3113 adver-

308 3136 362 3170 sus
374 3132 539 3170 Paschalis
559 3133 689 3167 secundi
716 3129 1098 3168 excommunicationem
1109 3129 1191 3163 litte-

307 3188 353 3220 ris
370 3184 485 3219 Clerus
514 3181 719 3217 Leodienfis:
750 3183 819 3217 Illos
841 3185 967 3224 Legatos
993 3182 1012 3211 ἃ
1034 3181 1125 3213 latore
1136 3182 1191 3213 Ro-

308 3241 393 3268 mani
417 3231 556 3277 Episcopi
577 3241 740 3270 exeuntes,
766 3233 801 3265 (2¹
825 3231 870 3264 ad
889 3230 1019 3262 ditanda
1038 3227 1192 3272 marsupia

310 3283 505 3328 discurrentes
528 3306 539 3322 ,
565 3284 683 3315 omnino
710 3280 903 3322 refutamus,
923 3277 993 3320 ficut
1013 3279 1190 3321 temporibus

311 3338 431 3373 zozymi
453 3359 463 3374 ‚
490 3331 660 3373 Caelestini,
687 3330 862 3372 Bonifacii,
888 3330 1018 3364 concilia
1047 3329 1192 3371 Africana

307 3384 533 3428 probaverunt.
561 3382 668 3425 Ajunt
693 3382 725 3414 se
736 3392 811 3414 cum
836 3382 894 3414 suo
917 3379 1130 3423 Metropolim
1150 3378 1193 3412 fa-

313 3446 384 3471 cete
406 3431 557 3479 Synodos
588 3457 600 3476 ,
625 3432 658 3468 ὅ(
685 3431 831 3467 Romam
857 3428 1031 3475 nequidem
1055 3431 1189 3471 referre,

657 146 699 191 S.
738 142 1060 191 GRcooitii
1096 151 1341 211 seruiil
1376 142 1740 191 Ponrirtcrs

1225 232 1227 234 ’
1243 223 1299 267 nisi
1299 221 1448 273 graviora
1458 231 1577 270 negotia
1583 226 1621 260 de
1639 225 1743 270 quibus
1753 237 1811 263 nm
1831 229 1984 267 invenitur
2004 235 2038 267 in
2048 232 2124 274 scri-J

1236 274 1341 323 ptufc‘is
1376 273 1490 318 fandis
1499 276 1678 311 auderitas.

1288 325 1329 360 In
1351 324 1533 362 Sacerdotii
1557 339 1597 362 ac
1608 326 1739 371 lmpcrii
1761 329 1997 368 concordantia
2006 337 2122 371 conso-

1241 385 1297 410 nat
1322 373 1546 413 Parifienfium
1571 376 1846 423 Archiepiscopus
1870 380 2039 420 Dominus
2062 386 2122 421 Pe·

1242 436 1310 462 trus
1334 425 1375 462 de
1396 426 1511 463 Marca
1527 451 1539 469 ,
1563 427 1607 464 ad
1628 426 1852 466 Brunicltildis
1870 429 2031 478 Reginae,
2049 447 2121 478 qua

1243 476 1353 521 Regni
1374 476 1514 520 Synodo
1538 479 1730 522 praefuturos
1753 478 1898 525 Legatos
1909 482 2084 526 postularat
2100 485 2121 520 a

1241 528 1361 561 Sancto
1375 527 1539 572 Gregorio
1550 528 1682 575 Magno
1694 553 1706 569 ‚
1731 530 1853 565 fastum
1874 530 1941 567 haec
1961 534 2119 571 scribens:
2138 542 2200 572 1..6.
2219 549 2243 572 c.
2247 542 2296 578 31:

1241 577 1531 613 Extraordinartum
1551 589 1619 614 erat
1640 585 1673 614 in
1696 580 1809 614 Politia
1821 581 2018 626 Ecclefiastica
2039 593 2121 621 mitti

1240 633 1274 661 in
1286 629 1467 661 Provincias
1479 632 1625 672 Legatum
1636 655 1646 671 ,
1671 636 1722 673 qui
1734 633 1872 665 conciliis
1891 636 2122 671 Provinciarum

1242 678 1384 721 interesset
1409 702 1421 718 ,
1446 681 1694 722 quemadmodum
1731 681 1778 713 ad
1796 681 1982 722 caelesttnum
1998 689 2121 730 Papam

1238 727 1342 772 scribit
1362 729 1527 769 Concilium
1550 729 1742 772 africanum.
1770 730 1862 772 Nam
1873 741 1911 767 ut
1923 735 2026 779 aliqui
2036 745 2121 772 tam-

1242 789 1341 824 quam
1349 777 1566 820 &Sanctitatis
1574 790 1638 819 tue
1650 782 1748 817 latere
1757 781 1931 821 mittantur
1939 809 1951 826 ,
1965 785 2057 821 nulla
2069 786 2120 821 in-

1242 830 1391 867 venimus
1405 829 1540 864 Patrurn
1551 828 1689 875 synodo
1698 832 1913 869 constitutum
1926 859 1934 868 .
1960 837 2044 870 Unde
2054 847 2121 871 con-

1240 882 1364 914 cludunt
1383 892 1442 914 non
1466 881 1661 916 toleraturam
1682 884 1797 917 diutius
1828 884 1963 926 Africam
1979 887 2122 929 Faustini

1237 929 1379 975 -Epifiopi
1385 932 1478 969 sedis,
1485 931 1652 975 apostolica
1660 936 1766 977 Legati
1771 933 1969 979 praesentiam
1976 961 1984 970 .
2011 940 2059 971 De
2069 938 2119 984 illo

1239 988 1318 1016 enim
1331 983 1458 1029 intelligi
1469 983 1556 1016 debet
1567 980 1614 1016 bic
1622 983 1698 1017 locus
1706 1009 1717 1025 ,
1745 995 1804 1018 non
1814 994 1912 1021 autem
1925 987 1962 1021 de
1972 987 2120 1031 apiario,

1239 1037 1272 1067 ut
1283 1030 1394 1076 'cenficit
1404 1030 1603 1074 iilustriffimus
1613 1035 1794 1069 Cardtnalts
1807 1038 1963 1071 Peronius.
1978 1036 2121 1080 Afrorum

1239 1083 1378 1127 Episcopi
1391 1084 1428 1116 de
1439 1083 1581 1124 Faustino
1592 1085 1796 1119 addiderunt:
1809 1088 1906 1121 Securi
1911 1085 2029 1131 sicinus,
2040 1088 2120 1131 quod

1240 1146 1308 1168 cum
1318 1159 1329 1174 ,
1340 1132 1503 1175 »probitate
1517 1134 1551 1168 ό·
1564 1135 1763 1170 moderatione
1772 1137 1950 1171 Sanffltatis
1962 1147 2026 1173 tuae
2037 1164 2047 1179 ‚
2054 1136 2118 1181 sal-

1241 1196 1283 1217 va
1299 1183 1525 1226 fraternitate,
1551 1185 1675 1218 ulterius
1700 1185 1804 1227 Africa
1823 1190 1946 1223 minime
1965 1194 2119 1231 patietur.

1243 1234 1335 1268 Hinc
1357 1233 1525 1269 Dominus
1547 1232 1824 1279 Arcbiepiscopus
1849 1237 2122 1280 Apostolicorum

1244 1283 1442 1329 Legatorum
1464 1283 1499 1319 iu
1519 1281 1772 1318 Provinciarurn
1797 1286 1942 1329 Synodis
1952 1286 2123 1322 Praefiden-

1242 1334 1321 1368 tiam
1334 1332 1417 1368 dicit
1439 1333 1480 1367 ad
1493 1332 1669 1376 appellatas
1680 1333 1932 1380 degradatorum
1943 1336 2124 1382 Episcopo-

1242 1394 1313 1418 rum
1325 1384 1434 1419 causas
1446 1382 1661 1418 retrastmdas
1671 1384 1734 1421 effis
1745 1385 1967 1423 introductam
1987 1387 2006 1422 ὲ
2018 1386 2124 1433 811·δᾷ

1242 1433 1327 1468 censi
1351 1433 1489 1477 synodo
1509 1457 1521 1475 ,
1547 1432 1689 1478 ideoque
1713 1433 1755 1470 ab
1781 1434 1867 1471 hanc
1892 1437 2125 1483 ignorantibus

1245 1484 1400 1518 Afrorum
1416 1483 1583 1527 Episcopis
1593 1484 1686 1519 fuiffe
1710 1486 1743 1519 in
1757 1486 1982 1528 synodalibus
2001 1487 2043 1523 ad
2055 1488 2125 1524 Zoe

1242 1542 1395 1575 zymum,
1423 1534 1634 1569 Bonifacium
1659 1535 1695 1570 ἀ
1720 1534 1928 1573 celestinum
1948 1538 2126 1574 Romanos

1243 1582 1423 1616 Pontifices
1437 1583 1552 1617 litteris
1565 1585 1736 1619 refutatam
1747 1611 1755 1619 .
1782 1587 1828 1620 Et
1843 1586 2014 1633 adjungit:
2040 1587 2123 1629 Afri-

1240 1642 1378 1665 canorum
1388 1632 1499 1674 Regula
1510 1640 1591 1665 certa
1603 1642 1706 1668 manet
1715 1656 1728 1673 ,
1753 1634 1927 1678 nisificasies
1944 1642 2077 1670 evenerit
2085 1641 2121 1670 in

1241 1680 1409 1723 sardicenfi
1426 1682 1554 1714 Concilio
1578 1690 1700 1716 notatus
1713 1708 1720 1715 .
1745 1684 1831 1718 Unde
1845 1683 1983 1728 sequitur
2000 1686 2123 1728 necessa

1242 1734 1319 1762 rium
1340 1730 1391 1771 esse
1403 1752 1414 1768 ,
1440 1729 1523 1771 ut2fi
1535 1742 1572 1763 ea
1595 1739 1728 1773 tempora
1739 1734 1897 1775 incidant,
1925 1745 1958 1768 ut
1978 1734 2125 1778 neceffefie:

1242 1778 1317 1812 banc
1337 1777 1502 1822 disciplina
1521 1782 1680 1813 Canonicae
1692 1784 1836 1826 Regulam
1855 1782 2050 1828 transgredi,
2071 1782 2123 1828 su·

1237 1837 1343 1871 prema
1362 1828 1550 1872 proteEionis
1569 1833 1726 1864 canonum
1744 1830 1904 1867 aucioritas
1914 1857 1929 1874 ‚
1952 1843 2126 1878 qua-penes..

1243 1883 1338 1923 Reges
1365 1879 1424 1920 est,
1447 1886 1606 1915 conveniat
1625 1892 1692 1916 cum
1706 1879 1850 1926 fitpremae
1866 1889 2045 1918 executionis
2069 1897 2124 1919 au·

1241 1929 1378 1963 &oritate
1392 1954 1403 1969 ‚
1428 1941 1497 1972 quae
1521 1931 1566 1963 ad
1574 1932 1706 1964 summos
1725 1931 1884 1974 Pontifices
1890 1940 2040 1974 pertinet.
2071 1940 2124 1967 At-

1242 1990 1296 2022 que
1310 1981 1382 2012 adeo
1398 1982 1527 2022 Legatos
1540 1991 1598 2012 non
1601 1980 1679 2021 posse
1690 1986 1771 2013 mitti
1781 1985 1815 2014 in
1841 1984 2020 2016 Provincias
2031 2008 2042 2023 ‚
2067 1983 2126 2026 nist'

1245 2031 1405 2071 Principes
1427 2027 1611 2071 consentiant
1631 2028 1794 2072 obcausam
1804 2033 1958 2074 aliquam,
1983 2044 2052 2076 quae
2076 2035 2124 2069 ad

1236 2078 1347 2119 statum
1358 2078 1493 2120 Ecclest'ae
1505 2080 1670 2113 Gallicana
1686 2088 1855 2122 pertineret
1862 2107 1870 2115 .

1294 2126 1461 2161 Adversus
1490 2138 1624 2167 omnem
1648 2126 1735 2163 hanc
1771 2130 1954 2168 doctrinam
1987 2133 2123 2169 dictavit

1245 2177 1433 2220 praesentem
1454 2175 1629 2212 Canonem
1652 2178 1834 2222 Gregorius
1870 2182 2042 2223 septimus.
2078 2183 2138 2225 Et⁴

1243 2228 1311 2270 jure
1326 2225 1459 2262 merito.
1487 2226 1621 2261 EtenIm
1635 2226 1677 2262 ad
1698 2228 2063 2276 FlaviumPhilagrium
2087 2232 2125 2267 δε

1244 2276 1326 2310 alios
1339 2275 1473 2319 Imperii
1485 2276 1655 2311 Praefestos
1666 2278 1810 2313 scribunt
1821 2279 1985 2325 Regionis
1994 2281 2124 2317 Mareo-

1244 2326 1314 2360 ticae
1333 2325 1455 2360 Clerici
1476 2339 1484 2359 ε
1511 2326 1670 2367 Collutbo,
1694 2339 1754 2361 non
1775 2339 1846 2362 vero
1866 2353 1878 2370 ‚
1898 2328 1959 2373 sed
1977 2335 2125 2375 imagina-

1243 2382 1287 2409 rio
1300 2374 1463 2418 Episcopo,
1491 2381 1523 2408 in
1529 2378 1664 2419 generali
1675 2378 1807 2411 Concilio
1816 2379 1856 2412 ab
1866 2379 1948 2422 Hofio
1972 2382 2008 2416 θ
2027 2383 2049 2414 ἃ
2067 2393 2126 2416 cae-

1237 2431 1314 2459 iteris
1326 2425 1485 2468 Episcopis
1491 2426 1691 2468 juffumsuit‚
1715 2427 1749 2461 ut
1755 2426 1790 2470 se
1804 2436 1863 2471 pro
1885 2429 2052 2470 Presbytero
2071 2430 2128 2465 bae-

1246 2475 1344 2509 beret.
1373 2476 1416 2510 Et
1429 2475 1463 2509 in
1475 2475 1592 2511 litteris
1601 2476 1642 2510 ad
1653 2477 1830 2519 synodum
1847 2477 2049 2516 Alexandria
2109 2495 2123 2515 .-

1249 2524 1405 2559 colluthus
1414 2548 1425 2564 ,
1449 2537 1514 2559 cum
1525 2524 1725 2568 Epistopifibi
1738 2530 1862 2561 titulum
1873 2482 2123 2572 vendicassettnln

1247 2577 1454 2609 Alexandrina
1476 2577 1583 2613 synodo
1605 2581 1639 2608 in
1652 2575 1818 2618 praesentiae
1826 2580 1932 2610 Patris
1945 2578 2032 2617 nostri
2045 2575 2123 2622 Hosti

1245 2624 1385 2668 depofitus
1398 2623 1435 2665 est
1445 2649 1452 2657 .
1486 2625 1572 2659 Ecce
1582 2635 1650 2659 uon
1663 2624 1698 2658 in
1716 2624 1782 2659 sola
1793 2627 1966 2662 universali
1979 2653 1991 2669 ,
2017 2628 2134 2663 Nica?

1246 2687 1311 2716 na,
1338 2674 1501 2710 sedetiam
1523 2673 1558 2709 in
1570 2674 1745 2710 Nationali
1759 2675 1972 2720 AEgyptiacae
1993 2677 2123 2715 Dioecc-

1247 2727 1317 2760 scos
1329 2749 1341 2766 ,
1366 2736 1436 2760 non
1447 2724 1488 2759 ad
1498 2724 1693 2770 appellatam
1704 2724 1873 2769 degradati
1887 2727 2040 2772 Episcopi
2050 2739 2125 2765 cau-

1247 2778 1314 2812 sam
1340 2775 1574 2811 retractandam
1596 2798 1607 2815 ,
1642 2775 1694 2810 sed
1719 2774 1761 2810 ad
1786 2775 1860 2811 Arii
1882 2799 1894 2816 ,
1930 2778 2062 2814 Meletii
2087 2782 2124 2816 dc

1249 2824 1404 2861 Colluthi
1415 2824 1557 2861 Haereses
1580 2824 1614 2857 δε
1626 2825 1782 2860 factiones
1791 2821 2036 2870 componendas
2046 2828 2126 2865 adu·

1249 2885 1324 2910 nata
1347 2874 1485 2919 Synodo
1515 2873 1638 2908 Hosius
1676 2874 1893 2912 Cordubensis
1921 2878 2124 2922 Episcopus,

1249 2925 1401 2971 Sylvestri
1425 2923 1596 2962 Pontificis
1622 2924 1766 2969 Legatus
1786 2949 1798 2966 ,
1824 2936 1993 2971 tamquam
2027 2929 2124 2965 Patet

1250 2971 1392 3021 praesedit
1403 2975 1527 3012 dudum
1538 2983 1613 3008 ante
1624 2974 1816 3011 Concilium
1841 2975 2029 3014 sardicense
2042 3004 2050 3013 .
2078 2980 2126 3014 Et

1249 3026 1330 3061 datae
1341 3024 1619 3062 Theffilonicenfi
1633 3024 1796 3070 Episcopo
1817 3038 1871 3070 per
1892 3027 2018 3071 lllyrici
2031 3029 2126 3065 Dioe-

1250 3076 1343 3112 celim
1356 3074 1553 3122 Apostolicae
1563 3074 1648 3108 vices
1659 3076 1740 3119 quid
1758 3077 1849 3111 aliud
1869 3077 2003 3113 fuerunt
2024 3090 2126 3123 quam

1253 3126 1443 3171 Apostolica
1453 3125 1594 3170 Legatio
1606 3126 1623 3157 ἓ
1648 3126 1689 3160 Εἰ
1701 3136 1813 3161 tamen
1823 3126 1864 3162 ad
1876 3128 2003 3171 quasvis
2013 3130 2127 3164 causas

1250 3177 1311 3211 suit
1322 3177 1397 3212 data
1404 3173 1530 3218 synodi
1544 3175 1683 3218 potestas
1691 3176 1709 3210 a
1720 3177 1840 3212 Sansto
1848 3177 1994 3212 Damaso
2010 3179 2045 3213 δε
2057 3178 2126 3222 ejus

1251 3224 1487 3261 Succefforibus
1510 3249 1521 3265 ,
1546 3237 1628 3269 quos
1651 3224 1729 3260 absit
1751 3239 1788 3261 ut
1812 3227 2008 3270 suspicemur
2032 3229 2127 3264 fuisse

1251 3276 1431 3311 canonum
1442 3276 1717 3319 praevaricatores.
1744 3276 1868 3311 Eadem
1889 3277 2028 3318 potestas
2041 3278 2127 3314 intra.

1253 3327 1378 3362 Gallias
1389 3326 1452 3359 fuit
1465 3325 1602 3359 Vicario
1618 3325 1813 3360 Arelatensi.
1842 3325 1885 3359 Et
1898 3326 2027 3370 Regina
2047 3327 2130 3363 Bru·

1253 3374 1406 3411 nichildis
1418 3399 1429 3416 ‚
1455 3374 1588 3418 quando
1606 3374 1782 3410 Gallicanae
1804 3374 1942 3419 synodo
1961 3376 2129 3416 Praefidem

1252 3424 1454 3473 postulavita
1468 3425 1570 3461 latere
1596 3426 1704 3462 Sancti
1725 3425 1899 3471 Gregorii,
1924 3436 2130 3470 nequaquam

1903 3475 2079 3521 postulavit
