<?xml version="1.0" encoding="UTF-8"?>
<!DOCTYPE html PUBLIC "-//W3C//DTD XHTML 1.0 Transitional//EN"
    "http://www.w3.org/TR/xhtml1/DTD/xhtml1-transitional.dtd">
<html xmlns="http://www.w3.org/1999/xhtml" xml:lang="en" lang="en">
 <head>
  <title>
</title>
<meta http-equiv="Content-Type" content="text/html;charset=utf-8" />
  <meta name='ocr-system' content='tesseract 3.04.00' />
  <meta name='ocr-capabilities' content='ocr_page ocr_carea ocr_par ocr_line ocrx_word'/>
</head>
<body>
  <div class='ocr_page' id='page_1' title='image "./operaomniastudio05lupuuoft_0330.png"; bbox 0 0 2366 3756; ppageno 0'>
   <div class='ocr_carea' id='block_1_1' title="bbox 393 131 505 185">
    <p class='ocr_par' dir='ltr' id='par_1_1' title="bbox 393 131 505 185">
     <span class='ocr_line' id='line_1_1' title="bbox 393 131 505 185; baseline 0 -48"><span class='ocrx_word' id='word_1_1' title='bbox 393 131 429 185; x_wconf 71' lang='lat'><em>..3</em></span> <span class='ocrx_word' id='word_1_2' title='bbox 444 139 505 172; x_wconf 53' lang='grc' dir='ltr'><strong>Μ</strong></span> 
     </span>
    </p>
   </div>
   <div class='ocr_carea' id='block_1_2' title="bbox 309 199 1227 3296">
    <p class='ocr_par' dir='ltr' id='par_1_2' title="bbox 331 199 1208 250">
     <span class='ocr_line' id='line_1_2' title="bbox 331 199 1208 250; baseline -0.007 -8"><span class='ocrx_word' id='word_1_3' title='bbox 331 207 374 245; x_wconf 82' lang='lat' dir='ltr'><em>lic</em></span> <span class='ocrx_word' id='word_1_4' title='bbox 395 203 659 250; x_wconf 73' lang='lat' dir='ltr'><em>Apostolicorum</em></span> <span class='ocrx_word' id='word_1_5' title='bbox 683 199 900 235; x_wconf 84' lang='lat' dir='ltr'><em>Ecclefiarum</em></span> <span class='ocrx_word' id='word_1_6' title='bbox 923 199 1092 245; x_wconf 84' lang='lat' dir='ltr'><em>Episcopis</em></span> <span class='ocrx_word' id='word_1_7' title='bbox 1113 225 1122 234; x_wconf 34' lang='lat' dir='ltr'><em>v.</em></span> <span class='ocrx_word' id='word_1_8' title='bbox 1153 202 1208 236; x_wconf 87' lang='lat' dir='ltr'><em>Et—</em></span> 
     </span>
    </p>

    <p class='ocr_par' dir='ltr' id='par_1_3' title="bbox 318 249 1213 998">
     <span class='ocr_line' id='line_1_3' title="bbox 329 249 1211 298; baseline -0.006 -6"><span class='ocrx_word' id='word_1_9' title='bbox 329 258 421 295; x_wconf 80' lang='lat' dir='ltr'><em>enim</em></span> <span class='ocrx_word' id='word_1_10' title='bbox 444 255 512 298; x_wconf 87' lang='lat' dir='ltr'><em>agit</em></span> <span class='ocrx_word' id='word_1_11' title='bbox 534 263 602 286; x_wconf 90' lang='lat' dir='ltr'><em>non</em></span> <span class='ocrx_word' id='word_1_12' title='bbox 624 251 666 286; x_wconf 91' lang='lat' dir='ltr'><em>de</em></span> <span class='ocrx_word' id='word_1_13' title='bbox 678 251 749 286; x_wconf 86' lang='lat' dir='ltr'><em>solo</em></span> <span class='ocrx_word' id='word_1_14' title='bbox 760 249 942 285; x_wconf 78' lang='lat' dir='ltr'><em>Athanasio</em></span> <span class='ocrx_word' id='word_1_15' title='bbox 967 261 1006 286; x_wconf 78' lang='lat' dir='ltr'><em>ac</em></span> <span class='ocrx_word' id='word_1_16' title='bbox 1027 251 1211 296; x_wconf 83' lang='lat' dir='ltr'><em>Marcello,</em></span> 
     </span>
     <span class='ocr_line' id='line_1_4' title="bbox 328 300 1209 345; baseline -0.003 -6"><span class='ocrx_word' id='word_1_17' title='bbox 328 307 382 341; x_wconf 81' lang='lat' dir='ltr'><em>sed</em></span> <span class='ocrx_word' id='word_1_18' title='bbox 404 305 505 339; x_wconf 82' lang='lat' dir='ltr'><em>etiam</em></span> <span class='ocrx_word' id='word_1_19' title='bbox 525 302 567 338; x_wconf 88' lang='lat' dir='ltr'><em>de</em></span> <span class='ocrx_word' id='word_1_20' title='bbox 578 302 684 336; x_wconf 90' lang='lat' dir='ltr'><em>Lucio</em></span> <span class='ocrx_word' id='word_1_21' title='bbox 710 300 1011 345; x_wconf 84' lang='lat' dir='ltr'><em>Adrianopolitano</em></span> <span class='ocrx_word' id='word_1_22' title='bbox 1023 301 1186 345; x_wconf 83' lang='lat' dir='ltr'>Episcopo</span> <span class='ocrx_word' id='word_1_23' title='bbox 1202 328 1209 339; x_wconf 89' lang='lat'><em>,</em></span> 
     </span>
     <span class='ocr_line' id='line_1_5' title="bbox 324 349 1211 392; baseline -0.002 -4"><span class='ocrx_word' id='word_1_24' title='bbox 324 352 432 388; x_wconf 75' lang='lat' dir='ltr'><em>Porro</em></span> <span class='ocrx_word' id='word_1_25' title='bbox 444 353 498 388; x_wconf 87' lang='lat' dir='ltr'><em>hic</em></span> <span class='ocrx_word' id='word_1_26' title='bbox 507 375 519 392; x_wconf 88' lang='lat'>‚</span> <span class='ocrx_word' id='word_1_27' title='bbox 545 352 622 387; x_wconf 73' lang='lat' dir='ltr'><em>licet</em></span> <span class='ocrx_word' id='word_1_28' title='bbox 634 353 669 386; x_wconf 86' lang='lat' dir='ltr'><em>in</em></span> <span class='ocrx_word' id='word_1_29' title='bbox 682 349 849 386; x_wconf 81' lang='lat' dir='ltr'>Thracica</span> <span class='ocrx_word' id='word_1_30' title='bbox 862 351 1003 386; x_wconf 84' lang='lat' dir='ltr'><em>Dioecefi</em></span> <span class='ocrx_word' id='word_1_31' title='bbox 1027 352 1124 386; x_wconf 86' lang='lat' dir='ltr'><em>fuerit</em></span> <span class='ocrx_word' id='word_1_32' title='bbox 1137 353 1211 386; x_wconf 86' lang='lat' dir='ltr'><em>Hae-</em></span> 
     </span>
     <span class='ocr_line' id='line_1_6' title="bbox 324 401 1210 446; baseline -0.002 -9"><span class='ocrx_word' id='word_1_33' title='bbox 324 403 374 437; x_wconf 89' lang='lat' dir='ltr'><em>mi</em></span> <span class='ocrx_word' id='word_1_34' title='bbox 391 404 515 439; x_wconf 88' lang='lat' dir='ltr'><em>montis</em></span> <span class='ocrx_word' id='word_1_35' title='bbox 526 401 743 446; x_wconf 83' lang='lat' dir='ltr'><em>Metropolita</em></span> <span class='ocrx_word' id='word_1_36' title='bbox 757 427 768 443; x_wconf 92' lang='lat'><em>,</em></span> <span class='ocrx_word' id='word_1_37' title='bbox 795 411 937 439; x_wconf 79' lang='lat' dir='ltr'><strong>attamen</strong></span> <span class='ocrx_word' id='word_1_38' title='bbox 967 413 1028 436; x_wconf 89' lang='lat' dir='ltr'><em>nec</em></span> <span class='ocrx_word' id='word_1_39' title='bbox 1043 401 1210 445; x_wconf 85' lang='lat' dir='ltr'><em>Apostoli-</em></span> 
     </span>
     <span class='ocr_line' id='line_1_7' title="bbox 323 450 1211 496; baseline -0.002 -8"><span class='ocrx_word' id='word_1_40' title='bbox 323 465 400 496; x_wconf 79' lang='lat' dir='ltr'><em>cam</em></span> <span class='ocrx_word' id='word_1_41' title='bbox 425 452 542 488; x_wconf 89' lang='lat' dir='ltr'><em>Sedem</em></span> <span class='ocrx_word' id='word_1_42' title='bbox 564 450 677 487; x_wconf 86' lang='lat' dir='ltr'><em>habuit</em></span> <span class='ocrx_word' id='word_1_43' title='bbox 699 476 710 492; x_wconf 88' lang='lat'><em>,</em></span> <span class='ocrx_word' id='word_1_44' title='bbox 738 463 800 486; x_wconf 78' lang='lat' dir='ltr'><em>nee</em></span> <span class='ocrx_word' id='word_1_45' title='bbox 825 452 1000 486; x_wconf 75' lang='lat' dir='ltr'><em>Ecclesiam</em></span> <span class='ocrx_word' id='word_1_46' title='bbox 1017 477 1024 485; x_wconf 93' lang='lat'><em>.</em></span> <span class='ocrx_word' id='word_1_47' title='bbox 1063 451 1211 495; x_wconf 88' lang='lat' dir='ltr'><em>Epistola</em></span> 
     </span>
     <span class='ocr_line' id='line_1_8' title="bbox 323 501 1211 548; baseline -0.001 -10"><span class='ocrx_word' id='word_1_48' title='bbox 323 503 395 548; x_wconf 77' lang='lat' dir='ltr'><em>agit</em></span> <span class='ocrx_word' id='word_1_49' title='bbox 417 503 459 538; x_wconf 88' lang='lat' dir='ltr'><em>de</em></span> <span class='ocrx_word' id='word_1_50' title='bbox 479 503 587 537; x_wconf 83' lang='lat' dir='ltr'><em>Paulo</em></span> <span class='ocrx_word' id='word_1_51' title='bbox 610 501 991 545; x_wconf 82' lang='lat' dir='ltr'><em>Constantinopolitano</em></span> <span class='ocrx_word' id='word_1_52' title='bbox 1019 502 1184 546; x_wconf 79' lang='lat' dir='ltr'><strong>Episcopo</strong></span> <span class='ocrx_word' id='word_1_53' title='bbox 1200 527 1211 543; x_wconf 95' lang='lat'><em>,</em></span> 
     </span>
     <span class='ocr_line' id='line_1_9' title="bbox 323 551 1212 595; baseline -0.001 -8"><span class='ocrx_word' id='word_1_54' title='bbox 323 565 423 595; x_wconf 87' lang='lat' dir='ltr'><em>quem</em></span> <span class='ocrx_word' id='word_1_55' title='bbox 434 563 561 588; x_wconf 83' lang='lat' dir='ltr'><em>certum</em></span> <span class='ocrx_word' id='word_1_56' title='bbox 574 553 619 588; x_wconf 89' lang='lat' dir='ltr'><em>est</em></span> <span class='ocrx_word' id='word_1_57' title='bbox 630 564 692 587; x_wconf 89' lang='lat' dir='ltr'><em>nec</em></span> <span class='ocrx_word' id='word_1_58' title='bbox 701 551 927 586; x_wconf 82' lang='lat' dir='ltr'><em>Patriarcham</em></span> <span class='ocrx_word' id='word_1_59' title='bbox 941 561 1022 587; x_wconf 90' lang='lat' dir='ltr'><em>tunc</em></span> <span class='ocrx_word' id='word_1_60' title='bbox 1033 553 1138 593; x_wconf 70' lang='lat' dir='ltr'><em>fuisse,</em></span> <span class='ocrx_word' id='word_1_61' title='bbox 1152 564 1212 587; x_wconf 85' lang='lat' dir='ltr'><em>nee</em></span> 
     </span>
     <span class='ocr_line' id='line_1_10' title="bbox 323 601 1213 648; baseline -0.001 -12"><span class='ocrx_word' id='word_1_62' title='bbox 323 603 575 648; x_wconf 84' lang='lat' dir='ltr'><em>Metropolitam</em></span> <span class='ocrx_word' id='word_1_63' title='bbox 586 627 597 643; x_wconf 93' lang='lat'>‚</span> <span class='ocrx_word' id='word_1_64' title='bbox 626 602 681 636; x_wconf 86' lang='lat' dir='ltr'><em>sed</em></span> <span class='ocrx_word' id='word_1_65' title='bbox 693 601 866 636; x_wconf 81' lang='lat' dir='ltr'>dumtaxat</span> <span class='ocrx_word' id='word_1_66' title='bbox 879 602 1123 637; x_wconf 77' lang='lat' dir='ltr'><em>provincialem</em></span> <span class='ocrx_word' id='word_1_67' title='bbox 1137 602 1213 645; x_wconf 89' lang='lat' dir='ltr'><em>Epi-</em></span> 
     </span>
     <span class='ocr_line' id='line_1_11' title="bbox 321 651 1211 698; baseline -0.001 -10"><span class='ocrx_word' id='word_1_68' title='bbox 321 655 459 698; x_wconf 79' lang='lat' dir='ltr'>scopum</span> <span class='ocrx_word' id='word_1_69' title='bbox 482 655 518 687; x_wconf 90' lang='lat' dir='ltr'><em>in</em></span> <span class='ocrx_word' id='word_1_70' title='bbox 545 654 685 696; x_wconf 81' lang='lat' dir='ltr'><em>Europae</em></span> <span class='ocrx_word' id='word_1_71' title='bbox 707 651 885 687; x_wconf 77' lang='lat' dir='ltr'>Provincia</span> <span class='ocrx_word' id='word_1_72' title='bbox 913 652 971 686; x_wconf 92' lang='lat' dir='ltr'><em>sub</em></span> <span class='ocrx_word' id='word_1_73' title='bbox 995 653 1211 696; x_wconf 71' lang='lat' dir='ltr'><em>Metropolim</em></span> 
     </span>
     <span class='ocr_line' id='line_1_12' title="bbox 322 700 1210 748; baseline -0.001 -10"><span class='ocrx_word' id='word_1_74' title='bbox 322 704 532 738; x_wconf 85' lang='lat' dir='ltr'><em>Heracleenli</em></span> <span class='ocrx_word' id='word_1_75' title='bbox 548 728 555 735; x_wconf 95' lang='lat'>.</span> <span class='ocrx_word' id='word_1_76' title='bbox 582 703 668 748; x_wconf 86' lang='lat' dir='ltr'>Agit</span> <span class='ocrx_word' id='word_1_77' title='bbox 683 700 725 737; x_wconf 89' lang='lat' dir='ltr'><em>de</em></span> <span class='ocrx_word' id='word_1_78' title='bbox 741 702 881 747; x_wconf 85' lang='lat' dir='ltr'><em>Asclepa</em></span> <span class='ocrx_word' id='word_1_79' title='bbox 906 701 1001 737; x_wconf 79' lang='lat' dir='ltr'><em>Gazae</em></span> <span class='ocrx_word' id='word_1_80' title='bbox 1023 703 1210 746; x_wconf 83' lang='lat' dir='ltr'><strong>Episcopo,</strong></span> 
     </span>
     <span class='ocr_line' id='line_1_13' title="bbox 321 750 1211 798; baseline -0.003 -10"><span class='ocrx_word' id='word_1_81' title='bbox 321 754 409 798; x_wconf 87' lang='lat' dir='ltr'><em>apud</em></span> <span class='ocrx_word' id='word_1_82' title='bbox 421 753 610 788; x_wconf 86' lang='lat' dir='ltr'><em>Palaestinos</em></span> <span class='ocrx_word' id='word_1_83' title='bbox 632 750 847 797; x_wconf 82' lang='lat' dir='ltr'><em>Suffraganeo&#39;</em></span> <span class='ocrx_word' id='word_1_84' title='bbox 873 753 1096 796; x_wconf 68' lang='lat' dir='ltr'><em>Metropolitae</em></span> <span class='ocrx_word' id='word_1_85' title='bbox 1111 752 1211 786; x_wconf 78' lang='lat' dir='ltr'><em>Caesa-</em></span> 
     </span>
     <span class='ocr_line' id='line_1_14' title="bbox 320 801 1210 848; baseline -0.002 -10"><span class='ocrx_word' id='word_1_86' title='bbox 320 805 453 838; x_wconf 77' lang='lat' dir='ltr'><em>reensis.</em></span> <span class='ocrx_word' id='word_1_87' title='bbox 483 802 567 848; x_wconf 85' lang='lat' dir='ltr'>Agit</span> <span class='ocrx_word' id='word_1_88' title='bbox 578 803 618 837; x_wconf 92' lang='lat' dir='ltr'><em>de</em></span> <span class='ocrx_word' id='word_1_89' title='bbox 631 802 777 847; x_wconf 80' lang='lat' dir='ltr'><strong>plurimis</strong></span> <span class='ocrx_word' id='word_1_90' title='bbox 787 803 861 837; x_wconf 86' lang='lat' dir='ltr'><em>aliis</em></span> <span class='ocrx_word' id='word_1_91' title='bbox 883 801 1056 845; x_wconf 86' lang='lat' dir='ltr'><em>Episcopis</em></span> <span class='ocrx_word' id='word_1_92' title='bbox 1082 803 1116 835; x_wconf 79' lang='grc' dir='ltr'><em>δε</em></span> <span class='ocrx_word' id='word_1_93' title='bbox 1135 802 1210 837; x_wconf 86' lang='lat' dir='ltr'><em>Cle-</em></span> 
     </span>
     <span class='ocr_line' id='line_1_15' title="bbox 319 850 1210 897; baseline -0.002 -10"><span class='ocrx_word' id='word_1_94' title='bbox 319 854 420 888; x_wconf 86' lang='lat' dir='ltr'><em>ricis:</em></span> <span class='ocrx_word' id='word_1_95' title='bbox 449 852 612 897; x_wconf 74' lang='lat' dir='ltr'><em>Necsolum</em></span> <span class='ocrx_word' id='word_1_96' title='bbox 624 852 802 895; x_wconf 79' lang='lat' dir='ltr'><em>Athanafius</em></span> <span class='ocrx_word' id='word_1_97' title='bbox 830 855 865 887; x_wconf 64' lang='grc' dir='ltr'><em>ὁ*</em></span> <span class='ocrx_word' id='word_1_98' title='bbox 884 853 1043 885; x_wconf 84' lang='lat' dir='ltr'><em>Marcellus</em></span> <span class='ocrx_word' id='word_1_99' title='bbox 1070 850 1210 895; x_wconf 73' lang='lat' dir='ltr'><em>Episcopi</em></span> 
     </span>
     <span class='ocr_line' id='line_1_16' title="bbox 319 900 1209 946; baseline -0.004 -8"><span class='ocrx_word' id='word_1_100' title='bbox 319 915 388 940; x_wconf 83' lang='lat' dir='ltr'><em>cum</em></span> <span class='ocrx_word' id='word_1_101' title='bbox 409 910 599 946; x_wconf 68' lang='lat' dir='ltr'><em>querimoniis</em></span> <span class='ocrx_word' id='word_1_102' title='bbox 620 905 657 936; x_wconf 86' lang='lat' dir='ltr'><em>de</em></span> <span class='ocrx_word' id='word_1_103' title='bbox 679 904 775 936; x_wconf 82' lang='lat' dir='ltr'><em>illatis</em></span> <span class='ocrx_word' id='word_1_104' title='bbox 802 904 923 944; x_wconf 82' lang='lat' dir='ltr'><em>injuriis</em></span> <span class='ocrx_word' id='word_1_105' title='bbox 941 927 952 943; x_wconf 94' lang='lat'>‚</span> <span class='ocrx_word' id='word_1_106' title='bbox 977 900 1035 945; x_wconf 86' lang='lat' dir='ltr'><em>sed</em></span> <span class='ocrx_word' id='word_1_107' title='bbox 1058 903 1092 936; x_wconf 65' lang='grc' dir='ltr'><em>«ἓν</em></span> <span class='ocrx_word' id='word_1_108' title='bbox 1113 903 1209 944; x_wconf 81' lang='lat' dir='ltr'><em>pluri-</em></span> 
     </span>
     <span class='ocr_line' id='line_1_17' title="bbox 318 951 1206 998; baseline -0.001 -11"><span class='ocrx_word' id='word_1_109' title='bbox 318 960 362 987; x_wconf 87' lang='lat' dir='ltr'><em>mi</em></span> <span class='ocrx_word' id='word_1_110' title='bbox 373 955 426 987; x_wconf 80' lang='lat' dir='ltr'><em>alii</em></span> <span class='ocrx_word' id='word_1_111' title='bbox 438 953 579 998; x_wconf 75' lang='lat' dir='ltr'><em>Episcopi</em></span> <span class='ocrx_word' id='word_1_112' title='bbox 595 965 633 986; x_wconf 77' lang='lat' dir='ltr'><em>ex</em></span> <span class='ocrx_word' id='word_1_113' title='bbox 647 952 776 986; x_wconf 72' lang='lat' dir='ltr'><em>Thracia</em></span> <span class='ocrx_word' id='word_1_114' title='bbox 789 976 800 993; x_wconf 89' lang='lat'>‚</span> <span class='ocrx_word' id='word_1_115' title='bbox 827 951 980 996; x_wconf 63' lang='lat' dir='ltr'><em>Coelessm&#39;a</em></span> <span class='ocrx_word' id='word_1_116' title='bbox 991 976 1002 993; x_wconf 86' lang='lat'><em>,</em></span> <span class='ocrx_word' id='word_1_117' title='bbox 1030 951 1183 986; x_wconf 78' lang='lat' dir='ltr'><em>Phoenlcia</em></span> <span class='ocrx_word' id='word_1_118' title='bbox 1195 977 1206 994; x_wconf 91' lang='lat'><em>,</em></span> 
     </span>
    </p>

    <p class='ocr_par' dir='ltr' id='par_1_4' title="bbox 317 1002 1205 1044">
     <span class='ocr_line' id='line_1_18' title="bbox 317 1002 1205 1044; baseline -0.001 -7"><span class='ocrx_word' id='word_1_119' title='bbox 317 1004 485 1042; x_wconf 74' lang='lat' dir='ltr'><em>Palaellina</em></span> <span class='ocrx_word' id='word_1_120' title='bbox 496 1004 551 1038; x_wconf 83' lang='lat' dir='ltr'><em>huc</em></span> <span class='ocrx_word' id='word_1_121' title='bbox 565 1014 726 1038; x_wconf 82' lang='lat' dir='ltr'><em>convenere</em></span> <span class='ocrx_word' id='word_1_122' title='bbox 738 1027 745 1036; x_wconf 92' lang='lat'><strong>.</strong></span> <span class='ocrx_word' id='word_1_123' title='bbox 775 1002 945 1041; x_wconf 77' lang='lat' dir='ltr'><em>Presbyteri</em></span> <span class='ocrx_word' id='word_1_124' title='bbox 955 1008 1028 1036; x_wconf 88' lang='lat' dir='ltr'><em>item</em></span> <span class='ocrx_word' id='word_1_125' title='bbox 1041 1014 1098 1036; x_wconf 86' lang='lat' dir='ltr'><em>non</em></span> <span class='ocrx_word' id='word_1_126' title='bbox 1106 1008 1205 1044; x_wconf 85' lang='lat' dir='ltr'><em>pauci,</em></span> 
     </span>
    </p>

    <p class='ocr_par' dir='ltr' id='par_1_5' title="bbox 311 1052 1207 1098">
     <span class='ocr_line' id='line_1_19' title="bbox 311 1052 1207 1098; baseline 0 -12"><span class='ocrx_word' id='word_1_127' title='bbox 311 1059 431 1098; x_wconf 78' lang='lat' dir='ltr'><em>partim</em></span> <span class='ocrx_word' id='word_1_128' title='bbox 447 1066 485 1087; x_wconf 85' lang='lat' dir='ltr'><em>ex</em></span> <span class='ocrx_word' id='word_1_129' title='bbox 500 1055 687 1087; x_wconf 76' lang='lat' dir='ltr'><em>Alexandria</em></span> <span class='ocrx_word' id='word_1_130' title='bbox 700 1078 711 1094; x_wconf 90' lang='lat'><em>,</em></span> <span class='ocrx_word' id='word_1_131' title='bbox 733 1059 852 1095; x_wconf 87' lang='lat' dir='ltr'><em>partim</em></span> <span class='ocrx_word' id='word_1_132' title='bbox 873 1053 998 1086; x_wconf 76' lang='lat' dir='ltr'><em>aliunde</em></span> <span class='ocrx_word' id='word_1_133' title='bbox 1019 1052 1207 1086; x_wconf 69' lang='lat' dir='ltr'><em>adhuccon-</em></span> 
     </span>
    </p>

    <p class='ocr_par' dir='ltr' id='par_1_6' title="bbox 314 1100 1206 1145">
     <span class='ocr_line' id='line_1_20' title="bbox 314 1100 1206 1145; baseline -0.003 -7"><span class='ocrx_word' id='word_1_134' title='bbox 314 1103 414 1138; x_wconf 77' lang='lat' dir='ltr'><em>cilium</em></span> <span class='ocrx_word' id='word_1_135' title='bbox 437 1114 646 1144; x_wconf 82' lang='lat' dir='ltr'><em>occurrerunt,</em></span> <span class='ocrx_word' id='word_1_136' title='bbox 674 1105 815 1138; x_wconf 72' lang='lat' dir='ltr'><em>&amp;coram</em></span> <span class='ocrx_word' id='word_1_137' title='bbox 839 1101 973 1136; x_wconf 85' lang='lat' dir='ltr'><em>omnibus</em></span> <span class='ocrx_word' id='word_1_138' title='bbox 987 1100 1142 1145; x_wconf 69' lang='lat' dir='ltr'><em>Epiftopis</em></span> <span class='ocrx_word' id='word_1_139' title='bbox 1165 1102 1206 1135; x_wconf 84' lang='lat' dir='ltr'><em>ibi</em></span> 
     </span>
    </p>

    <p class='ocr_par' dir='ltr' id='par_1_7' title="bbox 314 1150 1204 1199">
     <span class='ocr_line' id='line_1_21' title="bbox 314 1150 1204 1199; baseline -0.004 -11"><span class='ocrx_word' id='word_1_140' title='bbox 314 1161 499 1199; x_wconf 56' lang='lat' dir='ltr'><em>congregatis</em></span> <span class='ocrx_word' id='word_1_141' title='bbox 520 1161 599 1188; x_wconf 75' lang='lat' dir='ltr'><em>inter·</em></span> <span class='ocrx_word' id='word_1_142' title='bbox 621 1156 735 1196; x_wconf 78' lang='lat' dir='ltr'><em>reliqua</em></span> <span class='ocrx_word' id='word_1_143' title='bbox 745 1153 827 1185; x_wconf 74' lang='lat' dir='ltr'><em>dilla</em></span> <span class='ocrx_word' id='word_1_144' title='bbox 855 1151 996 1194; x_wconf 84' lang='lat' dir='ltr'><em>conquesti</em></span> <span class='ocrx_word' id='word_1_145' title='bbox 1002 1150 1073 1194; x_wconf 73' lang='lat' dir='ltr'><em>fient</em></span> <span class='ocrx_word' id='word_1_146' title='bbox 1087 1158 1151 1183; x_wconf 85' lang='lat' dir='ltr'><em>vim</em></span> <span class='ocrx_word' id='word_1_147' title='bbox 1170 1153 1204 1184; x_wconf 64' lang='grc'><em>6·</em></span> 
     </span>
    </p>

    <p class='ocr_par' dir='ltr' id='par_1_8' title="bbox 315 1198 1202 1246">
     <span class='ocr_line' id='line_1_22' title="bbox 315 1198 1202 1246; baseline -0.006 -9"><span class='ocrx_word' id='word_1_148' title='bbox 315 1207 461 1246; x_wconf 79' lang='lat' dir='ltr'><em>injuriam</em></span> <span class='ocrx_word' id='word_1_149' title='bbox 472 1204 606 1246; x_wconf 80' lang='lat' dir='ltr'><em>Ecclefiis</em></span> <span class='ocrx_word' id='word_1_150' title='bbox 627 1204 730 1237; x_wconf 85' lang='lat' dir='ltr'><em>illatas</em></span> <span class='ocrx_word' id='word_1_151' title='bbox 754 1203 805 1246; x_wconf 86' lang='lat' dir='ltr'><em>effe</em></span> <span class='ocrx_word' id='word_1_152' title='bbox 816 1219 828 1241; x_wconf 85' lang='lat'><em>,·</em></span> <span class='ocrx_word' id='word_1_153' title='bbox 849 1200 978 1244; x_wconf 80' lang='lat' dir='ltr'><em>suasque</em></span> <span class='ocrx_word' id='word_1_154' title='bbox 1002 1198 1146 1238; x_wconf 79' lang='lat' dir='ltr'><em>Ecclefias</em></span> <span class='ocrx_word' id='word_1_155' title='bbox 1159 1211 1202 1233; x_wconf 85' lang='lat' dir='ltr'><em>ea-</em></span> 
     </span>
    </p>

    <p class='ocr_par' dir='ltr' id='par_1_9' title="bbox 316 1249 1203 1297">
     <span class='ocr_line' id='line_1_23' title="bbox 316 1249 1203 1297; baseline -0.006 -9"><span class='ocrx_word' id='word_1_156' title='bbox 316 1251 405 1295; x_wconf 79' lang='lat' dir='ltr'><em>dem,</em></span> <span class='ocrx_word' id='word_1_157' title='bbox 433 1267 500 1297; x_wconf 89' lang='lat' dir='ltr'><em>quae</em></span> <span class='ocrx_word' id='word_1_158' title='bbox 526 1256 734 1288; x_wconf 75' lang='lat' dir='ltr'><em>Alexandrina</em></span> <span class='ocrx_word' id='word_1_159' title='bbox 756 1275 768 1292; x_wconf 86' lang='lat'>‚</span> <span class='ocrx_word' id='word_1_160' title='bbox 789 1251 890 1293; x_wconf 85' lang='lat' dir='ltr'><em>paffas</em></span> <span class='ocrx_word' id='word_1_161' title='bbox 913 1249 990 1293; x_wconf 68' lang='lat' dir='ltr'><em>effe,</em></span> <span class='ocrx_word' id='word_1_162' title='bbox 1016 1251 1051 1287; x_wconf 62' lang='lat'><em>(5⁶</em></span> <span class='ocrx_word' id='word_1_163' title='bbox 1076 1255 1109 1286; x_wconf 74' lang='lat' dir='ltr'><em>ln</em></span> <span class='ocrx_word' id='word_1_164' title='bbox 1132 1253 1203 1288; x_wconf 78' lang='lat' dir='ltr'><em>aliis</em></span> 
     </span>
    </p>

    <p class='ocr_par' dir='ltr' id='par_1_10' title="bbox 315 1302 1119 1345">
     <span class='ocr_line' id='line_1_24' title="bbox 315 1302 1119 1345; baseline -0.007 -8"><span class='ocrx_word' id='word_1_165' title='bbox 315 1303 449 1345; x_wconf 67' lang='lat' dir='ltr'><em>,Ecclesi‘is</em></span> <span class='ocrx_word' id='word_1_166' title='bbox 454 1303 562 1345; x_wconf 76' lang='lat' dir='ltr'><em>fimilia</em></span> <span class='ocrx_word' id='word_1_167' title='bbox 583 1302 732 1345; x_wconf 81' lang='lat' dir='ltr'><em>designata</em></span> <span class='ocrx_word' id='word_1_168' title='bbox 744 1327 751 1334; x_wconf 91' lang='lat'>.</span> <span class='ocrx_word' id='word_1_169' title='bbox 1115 1313 1119 1326; x_wconf 72' lang='grc' dir='ltr'>ι</span> 
     </span>
    </p>

    <p class='ocr_par' dir='ltr' id='par_1_11' title="bbox 366 1350 1201 1395">
     <span class='ocr_line' id='line_1_25' title="bbox 366 1350 1201 1395; baseline -0.002 -9"><span class='ocrx_word' id='word_1_170' title='bbox 366 1354 466 1387; x_wconf 65' lang='lat' dir='ltr'><em>Recte</em></span> <span class='ocrx_word' id='word_1_171' title='bbox 477 1365 585 1387; x_wconf 83' lang='lat' dir='ltr'><em>tamen</em></span> <span class='ocrx_word' id='word_1_172' title='bbox 598 1352 645 1385; x_wconf 94' lang='lat' dir='ltr'><em>D.</em></span> <span class='ocrx_word' id='word_1_173' title='bbox 656 1351 931 1394; x_wconf 86' lang='lat' dir='ltr'><em>Archieplscopus</em></span> <span class='ocrx_word' id='word_1_174' title='bbox 940 1350 1056 1385; x_wconf 80' lang='lat' dir='ltr'>adserit</span> <span class='ocrx_word' id='word_1_175' title='bbox 1071 1350 1201 1395; x_wconf 82' lang='lat' dir='ltr'><em>Episto-</em></span> 
     </span>
    </p>

    <p class='ocr_par' dir='ltr' id='par_1_12' title="bbox 316 1399 1202 1447">
     <span class='ocr_line' id='line_1_26' title="bbox 316 1399 1202 1447; baseline 0 -12"><span class='ocrx_word' id='word_1_176' title='bbox 316 1402 381 1436; x_wconf 83' lang='lat' dir='ltr'><em>lam</em></span> <span class='ocrx_word' id='word_1_177' title='bbox 394 1403 566 1446; x_wconf 74' lang='lat' dir='ltr'><em>praesertim</em></span> <span class='ocrx_word' id='word_1_178' title='bbox 578 1413 672 1447; x_wconf 85' lang='lat' dir='ltr'><em>agere</em></span> <span class='ocrx_word' id='word_1_179' title='bbox 683 1402 723 1436; x_wconf 85' lang='lat' dir='ltr'><em>de</em></span> <span class='ocrx_word' id='word_1_180' title='bbox 734 1401 853 1439; x_wconf 57' lang='lat' dir='ltr'><em>Sandio</em></span> <span class='ocrx_word' id='word_1_181' title='bbox 865 1399 1048 1436; x_wconf 78' lang='lat' dir='ltr'>Athanasio</span> <span class='ocrx_word' id='word_1_182' title='bbox 1060 1401 1202 1435; x_wconf 87' lang='lat' dir='ltr'><em>Alexan·</em></span> 
     </span>
    </p>

    <p class='ocr_par' dir='ltr' id='par_1_13' title="bbox 314 1452 1201 1495">
     <span class='ocr_line' id='line_1_27' title="bbox 314 1452 1201 1495; baseline -0.001 -8"><span class='ocrx_word' id='word_1_183' title='bbox 314 1453 392 1487; x_wconf 85' lang='lat' dir='ltr'><em>driae</em></span> <span class='ocrx_word' id='word_1_184' title='bbox 402 1453 588 1487; x_wconf 83' lang='lat' dir='ltr'><em>Patriarcha</em></span> <span class='ocrx_word' id='word_1_185' title='bbox 603 1477 613 1493; x_wconf 95' lang='lat'><em>,</em></span> <span class='ocrx_word' id='word_1_186' title='bbox 640 1453 673 1487; x_wconf 78' lang='grc' dir='ltr'><em>δε</em></span> <span class='ocrx_word' id='word_1_187' title='bbox 685 1452 726 1485; x_wconf 88' lang='lat' dir='ltr'><em>de</em></span> <span class='ocrx_word' id='word_1_188' title='bbox 742 1452 1060 1495; x_wconf 61' lang='lat' dir='ltr'><em>Marcene-Aaicyrae</em></span> <span class='ocrx_word' id='word_1_189' title='bbox 1073 1452 1201 1495; x_wconf 61' lang='lat' dir='ltr'><em>Episcoa</em></span> 
     </span>
    </p>

    <p class='ocr_par' dir='ltr' id='par_1_14' title="bbox 314 1502 1202 1548">
     <span class='ocr_line' id='line_1_28' title="bbox 314 1502 1202 1548; baseline -0.001 -11"><span class='ocrx_word' id='word_1_190' title='bbox 314 1515 382 1548; x_wconf 89' lang='lat' dir='ltr'><em>po,</em></span> <span class='ocrx_word' id='word_1_191' title='bbox 410 1504 627 1547; x_wconf 82' lang='lat' dir='ltr'><em>Metropolita</em></span> <span class='ocrx_word' id='word_1_192' title='bbox 653 1502 761 1545; x_wconf 73' lang='lat' dir='ltr'><em>primae</em></span> <span class='ocrx_word' id='word_1_193' title='bbox 787 1502 942 1535; x_wconf 69' lang='lat' dir='ltr'><em>Galatiae.</em></span> <span class='ocrx_word' id='word_1_194' title='bbox 973 1502 1020 1534; x_wconf 83' lang='lat' dir='ltr'><em>At</em></span> <span class='ocrx_word' id='word_1_195' title='bbox 1031 1503 1145 1534; x_wconf 76' lang='lat' dir='ltr'><em>tertius</em></span> <span class='ocrx_word' id='word_1_196' title='bbox 1157 1513 1202 1536; x_wconf 88' lang='lat' dir='ltr'><em>et·</em></span> 
     </span>
    </p>

    <p class='ocr_par' dir='ltr' id='par_1_15' title="bbox 314 1549 1198 1587">
     <span class='ocr_line' id='line_1_29' title="bbox 314 1549 1198 1587; baseline -0.006 0"><span class='ocrx_word' id='word_1_197' title='bbox 314 1549 368 1587; x_wconf 78' lang='lat' dir='ltr'><em>&#39;ror</em></span> <span class='ocrx_word' id='word_1_198' title='bbox 389 1553 434 1587; x_wconf 83' lang='lat' dir='ltr'><em>est</em></span> <span class='ocrx_word' id='word_1_199' title='bbox 450 1555 482 1586; x_wconf 91' lang='lat' dir='ltr'><em>in</em></span> <span class='ocrx_word' id='word_1_200' title='bbox 500 1553 549 1587; x_wconf 85' lang='lat' dir='ltr'><em>his</em></span> <span class='ocrx_word' id='word_1_201' title='bbox 574 1551 697 1585; x_wconf 87' lang='lat' dir='ltr'><em>verbis:</em></span> <span class='ocrx_word' id='word_1_202' title='bbox 728 1549 822 1585; x_wconf 82' lang='lat' dir='ltr'><em>Nihil·</em></span> <span class='ocrx_word' id='word_1_203' title='bbox 845 1550 931 1583; x_wconf 87' lang='lat' dir='ltr'><em>aliud</em></span> <span class='ocrx_word' id='word_1_204' title='bbox 948 1549 986 1582; x_wconf 80' lang='lat' dir='ltr'><em>ab</em></span> <span class='ocrx_word' id='word_1_205' title='bbox 998 1550 1198 1585; x_wconf 83' lang='lat' dir='ltr'><em>Orientalibus</em></span> 
     </span>
    </p>

    <p class='ocr_par' dir='ltr' id='par_1_16' title="bbox 313 1599 1202 1648">
     <span class='ocr_line' id='line_1_30' title="bbox 313 1599 1202 1648; baseline -0.004 -11"><span class='ocrx_word' id='word_1_206' title='bbox 313 1603 453 1648; x_wconf 81' lang='lat' dir='ltr'><em>exigebat</em></span> <span class='ocrx_word' id='word_1_207' title='bbox 456 1605 488 1647; x_wconf 90' lang='lat' dir='ltr'><em>J</em></span> <span class='ocrx_word' id='word_1_208' title='bbox 491 1604 567 1637; x_wconf 71' lang='lat' dir='ltr'><em>alius</em></span> <span class='ocrx_word' id='word_1_209' title='bbox 581 1627 590 1642; x_wconf 92' lang='lat'><em>‚</em></span> <span class='ocrx_word' id='word_1_210' title='bbox 618 1602 708 1644; x_wconf 71' lang='lat' dir='ltr'><em>quam</em></span> <span class='ocrx_word' id='word_1_211' title='bbox 722 1610 755 1634; x_wconf 89' lang='lat' dir='ltr'><em>ut</em></span> <span class='ocrx_word' id='word_1_212' title='bbox 767 1599 865 1643; x_wconf 70' lang='lat' dir='ltr'><em>causa*</em></span> <span class='ocrx_word' id='word_1_213' title='bbox 883 1599 1076 1641; x_wconf 78' lang='lat' dir='ltr'><em>Ecclesaarum</em></span> <span class='ocrx_word' id='word_1_214' title='bbox 1090 1601 1202 1641; x_wconf 74' lang='lat' dir='ltr'><em>Aposto-</em></span> 
     </span>
    </p>

    <p class='ocr_par' dir='ltr' id='par_1_17' title="bbox 314 1651 1204 1695">
     <span class='ocr_line' id='line_1_31' title="bbox 314 1651 1204 1695; baseline -0.007 -7"><span class='ocrx_word' id='word_1_215' title='bbox 314 1655 439 1688; x_wconf 81' lang='lat' dir='ltr'><em>licarum</em></span> <span class='ocrx_word' id='word_1_216' title='bbox 457 1679 467 1695; x_wconf 93' lang='lat'><em>,</em></span> <span class='ocrx_word' id='word_1_217' title='bbox 495 1658 635 1695; x_wconf 75' lang='lat' dir='ltr'><em>inprimis</em></span> <span class='ocrx_word' id='word_1_218' title='bbox 657 1653 728 1685; x_wconf 69' lang='lat' dir='ltr'><em>vero</em></span> <span class='ocrx_word' id='word_1_219' title='bbox 753 1651 970 1683; x_wconf 64' lang='lat' dir='ltr'><em>Alexandrinae</em></span> <span class='ocrx_word' id='word_1_220' title='bbox 990 1671 1002 1687; x_wconf 92' lang='lat'><em>,</em></span> <span class='ocrx_word' id='word_1_221' title='bbox 1027 1659 1140 1692; x_wconf 78' lang='lat' dir='ltr'><em>quoties</em></span> <span class='ocrx_word' id='word_1_222' title='bbox 1166 1651 1204 1682; x_wconf 80' lang='lat' dir='ltr'><em>do</em></span> 
     </span>
    </p>

    <p class='ocr_par' dir='ltr' id='par_1_18' title="bbox 314 1700 1204 1744">
     <span class='ocr_line' id='line_1_32' title="bbox 314 1700 1204 1744; baseline -0.006 -9"><span class='ocrx_word' id='word_1_223' title='bbox 314 1703 488 1744; x_wconf 76' lang='lat' dir='ltr'><em>depositione</em></span> <span class='ocrx_word' id='word_1_224' title='bbox 523 1700 732 1743; x_wconf 84' lang='lat' dir='ltr'><em>Episcoporum</em></span> <span class='ocrx_word' id='word_1_225' title='bbox 754 1711 859 1733; x_wconf 77' lang='lat' dir='ltr'><em>earum</em></span> <span class='ocrx_word' id='word_1_226' title='bbox 884 1701 1005 1731; x_wconf 78' lang='lat' dir='ltr'><em>Sedium</em></span> <span class='ocrx_word' id='word_1_227' title='bbox 1047 1706 1204 1742; x_wconf 58' lang='lat' dir='ltr'><em>ageretur,</em></span> 
     </span>
    </p>

    <p class='ocr_par' dir='ltr' id='par_1_19' title="bbox 314 1750 1206 1794">
     <span class='ocr_line' id='line_1_33' title="bbox 314 1750 1206 1794; baseline -0.007 -9"><span class='ocrx_word' id='word_1_228' title='bbox 314 1763 378 1785; x_wconf 81' lang='lat' dir='ltr'><em>cum</em></span> <span class='ocrx_word' id='word_1_229' title='bbox 407 1756 496 1794; x_wconf 87' lang='lat' dir='ltr'><em>Papa</em></span> <span class='ocrx_word' id='word_1_230' title='bbox 521 1754 555 1785; x_wconf 57' lang='grc' dir='ltr'>Θ</span> <span class='ocrx_word' id='word_1_231' title='bbox 577 1753 712 1782; x_wconf 87' lang='lat' dir='ltr'><em>Romana</em></span> <span class='ocrx_word' id='word_1_232' title='bbox 745 1750 855 1789; x_wconf 70' lang='lat' dir='ltr'><em>Synodo</em></span> <span class='ocrx_word' id='word_1_233' title='bbox 888 1755 1172 1781; x_wconf 83' lang='lat' dir='ltr'><em>communicarentur</em></span> <span class='ocrx_word' id='word_1_234' title='bbox 1195 1770 1206 1787; x_wconf 92' lang='lat'><em>,</em></span> 
     </span>
    </p>

    <p class='ocr_par' dir='ltr' id='par_1_20' title="bbox 314 1797 1204 1846">
     <span class='ocr_line' id='line_1_34' title="bbox 314 1797 1204 1846; baseline -0.01 -9"><span class='ocrx_word' id='word_1_235' title='bbox 314 1813 479 1846; x_wconf 83' lang='lat' dir='ltr'><em>antequam</em></span> <span class='ocrx_word' id='word_1_236' title='bbox 500 1803 602 1842; x_wconf 73' lang='lat' dir='ltr'><em>synodi</em></span> <span class='ocrx_word' id='word_1_237' title='bbox 629 1801 795 1834; x_wconf 80' lang='lat' dir='ltr'><em>orientales</em></span> <span class='ocrx_word' id='word_1_238' title='bbox 819 1804 1011 1844; x_wconf 73' lang='lat' dir='ltr'><em>cognitionem</em></span> <span class='ocrx_word' id='word_1_239' title='bbox 1026 1799 1062 1831; x_wconf 87' lang='lat' dir='ltr'><em>de</em></span> <span class='ocrx_word' id='word_1_240' title='bbox 1076 1809 1112 1831; x_wconf 83' lang='lat' dir='ltr'><em>ea</em></span> <span class='ocrx_word' id='word_1_241' title='bbox 1121 1797 1204 1838; x_wconf 77' lang='lat' dir='ltr'><em>insti·</em></span> 
     </span>
    </p>

    <p class='ocr_par' dir='ltr' id='par_1_21' title="bbox 310 1848 1205 1949">
     <span class='ocr_line' id='line_1_35' title="bbox 316 1848 1204 1894; baseline -0.009 -7"><span class='ocrx_word' id='word_1_242' title='bbox 316 1863 433 1888; x_wconf 85' lang='lat' dir='ltr'><em>tuerent</em></span> <span class='ocrx_word' id='word_1_243' title='bbox 448 1877 459 1893; x_wconf 91' lang='lat'><em>,</em></span> <span class='ocrx_word' id='word_1_244' title='bbox 484 1863 519 1887; x_wconf 86' lang='lat' dir='ltr'><em>ut</em></span> <span class='ocrx_word' id='word_1_245' title='bbox 539 1858 683 1886; x_wconf 86' lang='lat' dir='ltr'><em>communi</em></span> <span class='ocrx_word' id='word_1_246' title='bbox 702 1848 841 1894; x_wconf 81' lang='lat' dir='ltr'><em>consensu</em></span> <span class='ocrx_word' id='word_1_247' title='bbox 864 1854 997 1891; x_wconf 82' lang='lat' dir='ltr'><em>componi</em></span> <span class='ocrx_word' id='word_1_248' title='bbox 1005 1852 1118 1892; x_wconf 72' lang='lat' dir='ltr'><em>poJJent</em></span> <span class='ocrx_word' id='word_1_249' title='bbox 1141 1860 1204 1879; x_wconf 54' lang='lat' dir='ltr'><em>ma*</em></span> 
     </span>
     <span class='ocr_line' id='line_1_36' title="bbox 310 1898 1205 1949; baseline -0.01 -12"><span class='ocrx_word' id='word_1_250' title='bbox 310 1917 383 1949; x_wconf 81' lang='lat' dir='ltr'><em>gnae</em></span> <span class='ocrx_word' id='word_1_251' title='bbox 410 1902 545 1944; x_wconf 81' lang='lat' dir='ltr'><em>Ecclefiae</em></span> <span class='ocrx_word' id='word_1_252' title='bbox 567 1928 574 1934; x_wconf 90' lang='lat'><strong>.</strong></span> <span class='ocrx_word' id='word_1_253' title='bbox 601 1902 683 1935; x_wconf 83' lang='lat' dir='ltr'><em>Haec</em></span> <span class='ocrx_word' id='word_1_254' title='bbox 707 1902 779 1934; x_wconf 89' lang='lat' dir='ltr'><em>sunt</em></span> <span class='ocrx_word' id='word_1_255' title='bbox 801 1899 878 1944; x_wconf 80' lang='lat' dir='ltr'><em>Julii</em></span> <span class='ocrx_word' id='word_1_256' title='bbox 908 1898 1002 1932; x_wconf 82' lang='lat' dir='ltr'><em>verba</em></span> <span class='ocrx_word' id='word_1_257' title='bbox 1027 1910 1034 1931; x_wconf 85' lang='lat'>:</span> <span class='ocrx_word' id='word_1_258' title='bbox 1063 1903 1205 1940; x_wconf 71' lang='lat' dir='ltr'><em>oportuit</em></span> 
     </span>
    </p>

    <p class='ocr_par' dir='ltr' id='par_1_22' title="bbox 309 1947 1227 2298">
     <span class='ocr_line' id='line_1_37' title="bbox 312 1947 1207 1998; baseline -0.013 -9"><span class='ocrx_word' id='word_1_259' title='bbox 312 1953 440 1998; x_wconf 79' lang='lat' dir='ltr'><em>scribere</em></span> <span class='ocrx_word' id='word_1_260' title='bbox 460 1953 600 1987; x_wconf 78' lang='lat' dir='ltr'><em>omnibus</em></span> <span class='ocrx_word' id='word_1_261' title='bbox 628 1952 712 1985; x_wconf 82' lang='lat' dir='ltr'><em>nobis</em></span> <span class='ocrx_word' id='word_1_262' title='bbox 729 1974 739 1989; x_wconf 80' lang='lat'><em>,</em></span> <span class='ocrx_word' id='word_1_263' title='bbox 760 1960 794 1984; x_wconf 81' lang='lat' dir='ltr'><em>ut</em></span> <span class='ocrx_word' id='word_1_264' title='bbox 818 1961 864 1981; x_wconf 83' lang='lat' dir='ltr'><em>ita</em></span> <span class='ocrx_word' id='word_1_265' title='bbox 883 1948 922 1979; x_wconf 82' lang='lat' dir='ltr'><em>ab</em></span> <span class='ocrx_word' id='word_1_266' title='bbox 945 1948 1100 1985; x_wconf 74' lang='lat' dir='ltr'><em>omnibus,</em></span> <span class='ocrx_word' id='word_1_267' title='bbox 1127 1947 1207 1987; x_wconf 87' lang='lat' dir='ltr'><em>quod</em></span> 
     </span>
     <span class='ocr_line' id='line_1_38' title="bbox 309 1997 1225 2053; baseline -0.013 -15"><span class='ocrx_word' id='word_1_268' title='bbox 309 2004 421 2047; x_wconf 81' lang='lat' dir='ltr'><em>justum</em></span> <span class='ocrx_word' id='word_1_269' title='bbox 433 2005 499 2048; x_wconf 82' lang='lat' dir='ltr'><em>effet</em></span> <span class='ocrx_word' id='word_1_270' title='bbox 509 1998 760 2044; x_wconf 55' lang='lat' dir='ltr'><em>,decerneretun</em></span> <span class='ocrx_word' id='word_1_271' title='bbox 788 1997 927 2040; x_wconf 76' lang='lat' dir='ltr'><em>Episcopi</em></span> <span class='ocrx_word' id='word_1_272' title='bbox 940 2003 1019 2029; x_wconf 83' lang='lat' dir='ltr'><em>enim</em></span> <span class='ocrx_word' id='word_1_273' title='bbox 1030 2006 1117 2029; x_wconf 87' lang='lat' dir='ltr'><em>erant</em></span> <span class='ocrx_word' id='word_1_274' title='bbox 1133 2020 1143 2035; x_wconf 95' lang='lat'><em>,</em></span> <span class='ocrx_word' id='word_1_275' title='bbox 1171 1998 1206 2030; x_wconf 61' lang='grc' dir='ltr'><em>Θ</em></span> <span class='ocrx_word' id='word_1_276' title='bbox 1222 2019 1225 2053; x_wconf 49' lang='lat' dir='ltr'>i</span> 
     </span>
     <span class='ocr_line' id='line_1_39' title="bbox 315 2044 1225 2097; baseline -0.014 -9"><span class='ocrx_word' id='word_1_277' title='bbox 315 2066 373 2088; x_wconf 86' lang='lat' dir='ltr'><em>non</em></span> <span class='ocrx_word' id='word_1_278' title='bbox 383 2056 520 2097; x_wconf 83' lang='lat' dir='ltr'><em>vulgares</em></span> <span class='ocrx_word' id='word_1_279' title='bbox 533 2056 562 2086; x_wconf 87' lang='lat' dir='ltr'><strong><em>E</em></strong></span> <span class='ocrx_word' id='word_1_280' title='bbox 565 2050 666 2092; x_wconf 82' lang='lat' dir='ltr'><em>cclcfiae</em></span> <span class='ocrx_word' id='word_1_281' title='bbox 678 2073 688 2088; x_wconf 93' lang='lat'><em>,</em></span> <span class='ocrx_word' id='word_1_282' title='bbox 698 2053 748 2091; x_wconf 84' lang='lat' dir='ltr'><em>qui</em></span> <span class='ocrx_word' id='word_1_283' title='bbox 757 2048 810 2087; x_wconf 78' lang='lat' dir='ltr'><em>ista</em></span> <span class='ocrx_word' id='word_1_284' title='bbox 819 2046 1016 2088; x_wconf 83' lang='lat' dir='ltr'><em>patiebantur</em></span> <span class='ocrx_word' id='word_1_285' title='bbox 1024 2070 1036 2084; x_wconf 90' lang='lat'><em>,</em></span> <span class='ocrx_word' id='word_1_286' title='bbox 1057 2044 1114 2086; x_wconf 89' lang='lat' dir='ltr'><em>sed</em></span> <span class='ocrx_word' id='word_1_287' title='bbox 1127 2056 1203 2086; x_wconf 85' lang='lat' dir='ltr'><em>quas</em></span> <span class='ocrx_word' id='word_1_288' title='bbox 1222 2059 1225 2082; x_wconf 50' lang='grc' dir='ltr'>ξ</span> 
     </span>
     <span class='ocr_line' id='line_1_40' title="bbox 316 2088 1225 2148; baseline -0.015 -10"><span class='ocrx_word' id='word_1_289' title='bbox 316 2104 371 2148; x_wconf 81' lang='lat' dir='ltr'><em>ipfi</em></span> <span class='ocrx_word' id='word_1_290' title='bbox 380 2104 501 2146; x_wconf 79' lang='lat' dir='ltr'><em>Apostoli</em></span> <span class='ocrx_word' id='word_1_291' title='bbox 508 2101 626 2146; x_wconf 77' lang='lat' dir='ltr'><em>suamet</em></span> <span class='ocrx_word' id='word_1_292' title='bbox 637 2108 724 2139; x_wconf 83' lang='lat' dir='ltr'><em>opera</em></span> <span class='ocrx_word' id='word_1_293' title='bbox 735 2099 781 2129; x_wconf 90' lang='lat' dir='ltr'><em>ad</em></span> <span class='ocrx_word' id='word_1_294' title='bbox 783 2097 875 2137; x_wconf 81' lang='lat' dir='ltr'><em>fidem</em></span> <span class='ocrx_word' id='word_1_295' title='bbox 887 2095 1091 2135; x_wconf 78' lang='lat' dir='ltr'><em>instruxerant</em></span> <span class='ocrx_word' id='word_1_296' title='bbox 1101 2118 1108 2125; x_wconf 92' lang='lat'><em>.</em></span> <span class='ocrx_word' id='word_1_297' title='bbox 1138 2098 1200 2126; x_wconf 83' lang='lat' dir='ltr'><em>Cur</em></span> <span class='ocrx_word' id='word_1_298' title='bbox 1222 2088 1225 2118; x_wconf 76' lang='lat' dir='ltr'><em>l</em></span> 
     </span>
     <span class='ocr_line' id='line_1_41' title="bbox 317 2121 1226 2198; baseline -0.011 -13"><span class='ocrx_word' id='word_1_299' title='bbox 317 2161 410 2198; x_wconf 70' lang='lat' dir='ltr'><em>igitur</em></span> <span class='ocrx_word' id='word_1_300' title='bbox 424 2178 434 2193; x_wconf 86' lang='lat'>‚</span> <span class='ocrx_word' id='word_1_301' title='bbox 461 2155 495 2186; x_wconf 60' lang='grc' dir='ltr'><em>ὁ·</em></span> <span class='ocrx_word' id='word_1_302' title='bbox 507 2159 542 2183; x_wconf 88' lang='lat' dir='ltr'><em>in</em></span> <span class='ocrx_word' id='word_1_303' title='bbox 554 2154 664 2192; x_wconf 81' lang='lat' dir='ltr'><em>primis</em></span> <span class='ocrx_word' id='word_1_304' title='bbox 676 2148 713 2180; x_wconf 88' lang='lat' dir='ltr'><em>de</em></span> <span class='ocrx_word' id='word_1_305' title='bbox 726 2147 935 2180; x_wconf 73' lang='lat' dir='ltr'><em>Alexandrina</em></span> <span class='ocrx_word' id='word_1_306' title='bbox 953 2150 1098 2185; x_wconf 85' lang='lat' dir='ltr'><em>civitate,</em></span> <span class='ocrx_word' id='word_1_307' title='bbox 1126 2143 1205 2177; x_wconf 81' lang='lat' dir='ltr'><em>nihil</em></span> <span class='ocrx_word' id='word_1_308' title='bbox 1222 2121 1226 2196; x_wconf 64' lang='lat' dir='ltr'><em>l</em></span> 
     </span>
     <span class='ocr_line' id='line_1_42' title="bbox 317 2194 1227 2254; baseline -0.012 -17"><span class='ocrx_word' id='word_1_309' title='bbox 317 2204 399 2237; x_wconf 83' lang='lat' dir='ltr'><em>nobis</em></span> <span class='ocrx_word' id='word_1_310' title='bbox 422 2200 546 2246; x_wconf 80' lang='lat' dir='ltr'><em>scribere</em></span> <span class='ocrx_word' id='word_1_311' title='bbox 573 2199 705 2239; x_wconf 81' lang='lat' dir='ltr'><em>voluistis</em></span> <span class='ocrx_word' id='word_1_312' title='bbox 730 2197 747 2229; x_wconf 71' lang='grc' dir='ltr'><em>ἓ</em></span> <span class='ocrx_word' id='word_1_313' title='bbox 774 2201 819 2229; x_wconf 80' lang='lat' dir='ltr'><em>An</em></span> <span class='ocrx_word' id='word_1_314' title='bbox 841 2202 940 2239; x_wconf 79' lang='lat' dir='ltr'><em>ignari</em></span> <span class='ocrx_word' id='word_1_315' title='bbox 963 2201 1029 2235; x_wconf 77' lang='lat' dir='ltr'><em>estis</em></span> <span class='ocrx_word' id='word_1_316' title='bbox 1055 2194 1133 2227; x_wconf 85' lang='lat' dir='ltr'><em>hanc</em></span> <span class='ocrx_word' id='word_1_317' title='bbox 1153 2194 1227 2254; x_wconf 67' lang='lat' dir='ltr'><em>effel</em></span> 
     </span>
     <span class='ocr_line' id='line_1_43' title="bbox 317 2243 1207 2298; baseline -0.012 -9"><span class='ocrx_word' id='word_1_318' title='bbox 317 2252 574 2298; x_wconf 80' lang='lat' dir='ltr'><em>consuetudinem,</em></span> <span class='ocrx_word' id='word_1_319' title='bbox 600 2258 635 2283; x_wconf 85' lang='lat' dir='ltr'><em>ut</em></span> <span class='ocrx_word' id='word_1_320' title='bbox 654 2248 787 2291; x_wconf 68' lang='lat' dir='ltr'><em>primum</em></span> <span class='ocrx_word' id='word_1_321' title='bbox 811 2244 892 2278; x_wconf 75' lang='lat' dir='ltr'><em>nobis</em></span> <span class='ocrx_word' id='word_1_322' title='bbox 912 2243 1086 2288; x_wconf 73' lang='lat' dir='ltr'><em>scribatur,</em></span> <span class='ocrx_word' id='word_1_323' title='bbox 1113 2253 1147 2277; x_wconf 86' lang='lat' dir='ltr'><em>ut</em></span> <span class='ocrx_word' id='word_1_324' title='bbox 1156 2253 1207 2286; x_wconf 86' lang='lat' dir='ltr'><em>po-</em></span> 
     </span>
    </p>

    <p class='ocr_par' dir='ltr' id='par_1_23' title="bbox 312 2296 1205 2347">
     <span class='ocr_line' id='line_1_44' title="bbox 312 2296 1205 2347; baseline -0.016 -9"><span class='ocrx_word' id='word_1_325' title='bbox 312 2306 374 2347; x_wconf 67' lang='lat' dir='ltr'><em>stea</em></span> <span class='ocrx_word' id='word_1_326' title='bbox 388 2329 398 2345; x_wconf 87' lang='lat'><em>‚</em></span> <span class='ocrx_word' id='word_1_327' title='bbox 424 2304 502 2346; x_wconf 85' lang='lat' dir='ltr'><em>quod</em></span> <span class='ocrx_word' id='word_1_328' title='bbox 514 2301 629 2343; x_wconf 80' lang='lat' dir='ltr'><em>J&#39;uflum</em></span> <span class='ocrx_word' id='word_1_329' title='bbox 650 2298 687 2339; x_wconf 85' lang='lat' dir='ltr'><em>est</em></span> <span class='ocrx_word' id='word_1_330' title='bbox 708 2322 719 2338; x_wconf 92' lang='lat'>‚</span> <span class='ocrx_word' id='word_1_331' title='bbox 746 2296 862 2338; x_wconf 81' lang='lat' dir='ltr'><em>definiri</em></span> <span class='ocrx_word' id='word_1_332' title='bbox 882 2296 987 2337; x_wconf 69' lang='lat' dir='ltr'><em>pfft?</em></span> <span class='ocrx_word' id='word_1_333' title='bbox 1014 2297 1205 2337; x_wconf 73' lang='lat' dir='ltr'><em>,Quapropter</em></span> 
     </span>
    </p>

    <p class='ocr_par' dir='ltr' id='par_1_24' title="bbox 312 2343 1205 2397">
     <span class='ocr_line' id='line_1_45' title="bbox 312 2343 1205 2397; baseline -0.012 -9"><span class='ocrx_word' id='word_1_334' title='bbox 312 2356 342 2397; x_wconf 81' lang='lat' dir='ltr'><em>fi</em></span> <span class='ocrx_word' id='word_1_335' title='bbox 350 2352 518 2397; x_wconf 78' lang='lat' dir='ltr'><em>hujusmodi</em></span> <span class='ocrx_word' id='word_1_336' title='bbox 541 2351 599 2393; x_wconf 81' lang='lat' dir='ltr'><em>istic</em></span> <span class='ocrx_word' id='word_1_337' title='bbox 608 2347 734 2393; x_wconf 82' lang='lat' dir='ltr'><em>suspicio</em></span> <span class='ocrx_word' id='word_1_338' title='bbox 761 2355 793 2379; x_wconf 86' lang='lat' dir='ltr'><em>in</em></span> <span class='ocrx_word' id='word_1_339' title='bbox 805 2344 985 2388; x_wconf 72' lang='lat' dir='ltr'><em>Episcopum</em></span> <span class='ocrx_word' id='word_1_340' title='bbox 996 2353 1134 2385; x_wconf 81' lang='lat' dir='ltr'><em>concepta</em></span> <span class='ocrx_word' id='word_1_341' title='bbox 1137 2343 1205 2384; x_wconf 51' lang='lat' dir='ltr'><em>fue*</em></span> 
     </span>
    </p>

    <p class='ocr_par' dir='ltr' id='par_1_25' title="bbox 319 2395 1203 2445">
     <span class='ocr_line' id='line_1_46' title="bbox 319 2395 1203 2445; baseline -0.015 -6"><span class='ocrx_word' id='word_1_342' title='bbox 319 2415 392 2445; x_wconf 80' lang='lat' dir='ltr'><em>rat,</em></span> <span class='ocrx_word' id='word_1_343' title='bbox 418 2406 454 2436; x_wconf 83' lang='lat' dir='ltr'><em>id</em></span> <span class='ocrx_word' id='word_1_344' title='bbox 465 2403 518 2436; x_wconf 83' lang='lat' dir='ltr'><em>buc</em></span> <span class='ocrx_word' id='word_1_345' title='bbox 542 2402 586 2434; x_wconf 84' lang='lat' dir='ltr'><em>ad</em></span> <span class='ocrx_word' id='word_1_346' title='bbox 606 2399 731 2439; x_wconf 86' lang='lat' dir='ltr'><em>nostram</em></span> <span class='ocrx_word' id='word_1_347' title='bbox 751 2395 908 2438; x_wconf 82' lang='lat' dir='ltr'><em>Ecclefiam</em></span> <span class='ocrx_word' id='word_1_348' title='bbox 931 2395 1038 2437; x_wconf 76' lang='lat' dir='ltr'><em>refirri</em></span> <span class='ocrx_word' id='word_1_349' title='bbox 1061 2399 1203 2436; x_wconf 84' lang='lat' dir='ltr'><em>oportuit.</em></span> 
     </span>
    </p>

    <p class='ocr_par' dir='ltr' id='par_1_26' title="bbox 319 2446 1206 2490">
     <span class='ocr_line' id='line_1_47' title="bbox 319 2446 1206 2490; baseline -0.015 0"><span class='ocrx_word' id='word_1_350' title='bbox 319 2456 476 2490; x_wconf 81' lang='lat' dir='ltr'><em>Affirmat</em></span> <span class='ocrx_word' id='word_1_351' title='bbox 490 2451 755 2486; x_wconf 85' lang='lat' dir='ltr'><em>Alexandrinum</em></span> <span class='ocrx_word' id='word_1_352' title='bbox 769 2447 992 2480; x_wconf 75' lang='lat' dir='ltr'>patriarcham</span> <span class='ocrx_word' id='word_1_353' title='bbox 1015 2446 1079 2478; x_wconf 85' lang='lat' dir='ltr'><em>fine</em></span> <span class='ocrx_word' id='word_1_354' title='bbox 1093 2446 1206 2488; x_wconf 81' lang='lat' dir='ltr'><em>praevia</em></span> 
     </span>
    </p>

    <p class='ocr_par' dir='ltr' id='par_1_27' title="bbox 319 2495 1206 2549">
     <span class='ocr_line' id='line_1_48' title="bbox 319 2495 1206 2549; baseline -0.015 -9"><span class='ocrx_word' id='word_1_355' title='bbox 319 2506 361 2541; x_wconf 80' lang='lat' dir='ltr'><em>ad</em></span> <span class='ocrx_word' id='word_1_356' title='bbox 384 2502 615 2549; x_wconf 86' lang='lat' dir='ltr'><em>Apostolicam</em></span> <span class='ocrx_word' id='word_1_357' title='bbox 627 2498 743 2534; x_wconf 87' lang='lat' dir='ltr'><em>Sedem</em></span> <span class='ocrx_word' id='word_1_358' title='bbox 764 2498 943 2537; x_wconf 83' lang='lat' dir='ltr'><em>relatione,</em></span> <span class='ocrx_word' id='word_1_359' title='bbox 975 2498 1009 2530; x_wconf 74' lang='grc' dir='ltr'><em>δε</em></span> <span class='ocrx_word' id='word_1_360' title='bbox 1023 2506 1155 2538; x_wconf 86' lang='lat' dir='ltr'><em>accepto</em></span> <span class='ocrx_word' id='word_1_361' title='bbox 1166 2495 1206 2529; x_wconf 84' lang='lat' dir='ltr'><em>ad</em></span> 
     </span>
    </p>

    <p class='ocr_par' dir='ltr' id='par_1_28' title="bbox 320 2546 1220 2653">
     <span class='ocr_line' id='line_1_49' title="bbox 320 2546 1220 2600; baseline -0.014 -10"><span class='ocrx_word' id='word_1_362' title='bbox 320 2557 425 2600; x_wconf 85' lang='lat' dir='ltr'><em>ipsam</em></span> <span class='ocrx_word' id='word_1_363' title='bbox 440 2554 611 2595; x_wconf 86' lang='lat' dir='ltr'><em>Rescripto</em></span> <span class='ocrx_word' id='word_1_364' title='bbox 626 2548 762 2593; x_wconf 79' lang='lat' dir='ltr'><em>judicari</em></span> <span class='ocrx_word' id='word_1_365' title='bbox 776 2560 842 2581; x_wconf 91' lang='lat' dir='ltr'><em>non</em></span> <span class='ocrx_word' id='word_1_366' title='bbox 857 2546 996 2590; x_wconf 83' lang='lat' dir='ltr'><em>p0tuiffe</em></span> <span class='ocrx_word' id='word_1_367' title='bbox 1008 2548 1220 2579; x_wconf 44' lang='lat' dir='ltr'><em>aut-damna»</em></span> 
     </span>
     <span class='ocr_line' id='line_1_50' title="bbox 323 2595 1208 2653; baseline -0.012 -13"><span class='ocrx_word' id='word_1_368' title='bbox 323 2607 350 2641; x_wconf 80' lang='lat' dir='ltr'><em>ri</em></span> <span class='ocrx_word' id='word_1_369' title='bbox 362 2632 370 2638; x_wconf 91' lang='lat'><em>.</em></span> <span class='ocrx_word' id='word_1_370' title='bbox 399 2598 724 2653; x_wconf 79' lang='lat' dir='ltr'><em>Qiodipsumhabet</em></span> <span class='ocrx_word' id='word_1_371' title='bbox 739 2599 847 2631; x_wconf 88' lang='lat' dir='ltr'><em>locum</em></span> <span class='ocrx_word' id='word_1_372' title='bbox 861 2599 961 2631; x_wconf 86' lang='lat' dir='ltr'><em>etiarn</em></span> <span class='ocrx_word' id='word_1_373' title='bbox 978 2597 1012 2629; x_wconf 91' lang='lat' dir='ltr'><em>in</em></span> <span class='ocrx_word' id='word_1_374' title='bbox 1027 2595 1208 2630; x_wconf 81' lang='lat' dir='ltr'><em>Antioche-</em></span> 
     </span>
    </p>

    <p class='ocr_par' dir='ltr' id='par_1_29' title="bbox 321 2645 1209 2693">
     <span class='ocr_line' id='line_1_51' title="bbox 321 2645 1209 2693; baseline -0.015 -3"><span class='ocrx_word' id='word_1_375' title='bbox 321 2668 369 2690; x_wconf 87' lang='lat' dir='ltr'><em>no</em></span> <span class='ocrx_word' id='word_1_376' title='bbox 396 2652 604 2693; x_wconf 72' lang='lat' dir='ltr'><em>patriarcha,</em></span> <span class='ocrx_word' id='word_1_377' title='bbox 632 2650 802 2685; x_wconf 61' lang='lat' dir='ltr'><em>&amp;cunctis</em></span> <span class='ocrx_word' id='word_1_378' title='bbox 823 2645 1048 2689; x_wconf 79' lang='lat' dir='ltr'><em>autocephalis</em></span> <span class='ocrx_word' id='word_1_379' title='bbox 1061 2645 1209 2679; x_wconf 85' lang='lat' dir='ltr'><em>Primati-</em></span> 
     </span>
    </p>

    <p class='ocr_par' dir='ltr' id='par_1_30' title="bbox 323 2691 1208 2750">
     <span class='ocr_line' id='line_1_52' title="bbox 323 2691 1208 2750; baseline -0.012 -10"><span class='ocrx_word' id='word_1_380' title='bbox 323 2706 386 2741; x_wconf 88' lang='lat' dir='ltr'><em>bus</em></span> <span class='ocrx_word' id='word_1_381' title='bbox 411 2730 417 2737; x_wconf 88' lang='lat'><strong>.</strong></span> <span class='ocrx_word' id='word_1_382' title='bbox 444 2703 545 2750; x_wconf 79' lang='lat' dir='ltr'><em>Qod</em></span> <span class='ocrx_word' id='word_1_383' title='bbox 574 2702 677 2746; x_wconf 82' lang='lat' dir='ltr'><em>prima</em></span> <span class='ocrx_word' id='word_1_384' title='bbox 697 2699 739 2733; x_wconf 92' lang='lat' dir='ltr'><em>de</em></span> <span class='ocrx_word' id='word_1_385' title='bbox 762 2699 814 2732; x_wconf 87' lang='lat' dir='ltr'><em>his</em></span> <span class='ocrx_word' id='word_1_386' title='bbox 835 2696 1031 2731; x_wconf 84' lang='lat' dir='ltr'>damnandis</span> <span class='ocrx_word' id='word_1_387' title='bbox 1055 2691 1208 2730; x_wconf 81' lang='lat' dir='ltr'><em>instantia</em></span> 
     </span>
    </p>

    <p class='ocr_par' dir='ltr' id='par_1_31' title="bbox 324 2747 1222 2845">
     <span class='ocr_line' id='line_1_53' title="bbox 324 2747 1222 2798; baseline -0.011 -8"><span class='ocrx_word' id='word_1_388' title='bbox 324 2757 444 2798; x_wconf 67' lang='lat' dir='ltr'><em>spectet</em></span> <span class='ocrx_word' id='word_1_389' title='bbox 473 2755 513 2788; x_wconf 87' lang='lat' dir='ltr'><em>ad</em></span> <span class='ocrx_word' id='word_1_390' title='bbox 551 2751 778 2796; x_wconf 81' lang='lat' dir='ltr'><em>Apostolicam</em></span> <span class='ocrx_word' id='word_1_391' title='bbox 801 2747 916 2783; x_wconf 83' lang='lat' dir='ltr'><em>Sedem</em></span> <span class='ocrx_word' id='word_1_392' title='bbox 942 2759 983 2780; x_wconf 88' lang='lat' dir='ltr'><em>ex</em></span> <span class='ocrx_word' id='word_1_393' title='bbox 1014 2747 1222 2794; x_wconf 83' lang='lat' dir='ltr'><em>Apostolico</em></span> 
     </span>
     <span class='ocr_line' id='line_1_54' title="bbox 326 2794 1207 2845; baseline -0.008 -7"><span class='ocrx_word' id='word_1_394' title='bbox 326 2806 467 2838; x_wconf 85' lang='lat' dir='ltr'><em>Canone</em></span> <span class='ocrx_word' id='word_1_395' title='bbox 480 2827 490 2842; x_wconf 93' lang='lat'><em>,</em></span> <span class='ocrx_word' id='word_1_396' title='bbox 503 2803 548 2836; x_wconf 85' lang='lat' dir='ltr'><em>est</em></span> <span class='ocrx_word' id='word_1_397' title='bbox 561 2803 651 2845; x_wconf 81' lang='lat' dir='ltr'><em>supra</em></span> <span class='ocrx_word' id='word_1_398' title='bbox 666 2799 925 2833; x_wconf 81' lang='lat' dir='ltr'><em>demonstratum</em></span> <span class='ocrx_word' id='word_1_399' title='bbox 938 2822 945 2829; x_wconf 94' lang='lat'><strong><em>.</em></strong></span> <span class='ocrx_word' id='word_1_400' title='bbox 974 2795 1100 2830; x_wconf 83' lang='lat' dir='ltr'><em>Verum</em></span> <span class='ocrx_word' id='word_1_401' title='bbox 1120 2794 1207 2839; x_wconf 77' lang='lat' dir='ltr'><em>quod</em></span> 
     </span>
    </p>

    <p class='ocr_par' dir='ltr' id='par_1_32' title="bbox 325 2847 1222 2946">
     <span class='ocr_line' id='line_1_55' title="bbox 325 2847 1222 2896; baseline -0.01 -8"><span class='ocrx_word' id='word_1_402' title='bbox 325 2865 442 2890; x_wconf 81' lang='lat' dir='ltr'><em>omnes</em></span> <span class='ocrx_word' id='word_1_403' title='bbox 459 2851 724 2896; x_wconf 84' lang='lat' dir='ltr'><em>Apostolicarum</em></span> <span class='ocrx_word' id='word_1_404' title='bbox 745 2848 957 2881; x_wconf 71' lang='lat' dir='ltr'><em>Eccietiarum</em></span> <span class='ocrx_word' id='word_1_405' title='bbox 973 2847 1123 2889; x_wconf 83' lang='lat' dir='ltr'><em>Episcopi</em></span> <span class='ocrx_word' id='word_1_406' title='bbox 1147 2848 1222 2880; x_wconf 79' lang='lat' dir='ltr'><em>lint·</em></span> 
     </span>
     <span class='ocr_line' id='line_1_56' title="bbox 327 2897 1207 2946; baseline -0.008 -8"><span class='ocrx_word' id='word_1_407' title='bbox 327 2904 411 2940; x_wconf 89' lang='lat' dir='ltr'><em>olim</em></span> <span class='ocrx_word' id='word_1_408' title='bbox 422 2902 485 2936; x_wconf 85' lang='lat' dir='ltr'><em>isto</em></span> <span class='ocrx_word' id='word_1_409' title='bbox 495 2901 561 2945; x_wconf 76' lang='lat' dir='ltr'><em>jure</em></span> <span class='ocrx_word' id='word_1_410' title='bbox 571 2900 668 2946; x_wconf 78' lang='lat' dir='ltr'><em>gavisi</em></span> <span class='ocrx_word' id='word_1_411' title='bbox 682 2924 693 2938; x_wconf 94' lang='lat'><em>,</em></span> <span class='ocrx_word' id='word_1_412' title='bbox 721 2899 814 2931; x_wconf 86' lang='lat' dir='ltr'><em>nullo</em></span> <span class='ocrx_word' id='word_1_413' title='bbox 836 2897 953 2930; x_wconf 86' lang='lat' dir='ltr'><em>nititur</em></span> <span class='ocrx_word' id='word_1_414' title='bbox 974 2897 1207 2931; x_wconf 85' lang='lat' dir='ltr'><em>fundamento.</em></span> 
     </span>
    </p>

    <p class='ocr_par' dir='ltr' id='par_1_33' title="bbox 329 2946 1208 2991">
     <span class='ocr_line' id='line_1_57' title="bbox 329 2946 1208 2991; baseline -0.009 -2"><span class='ocrx_word' id='word_1_415' title='bbox 329 2956 420 2990; x_wconf 80' lang='lat' dir='ltr'><em>Nam</em></span> <span class='ocrx_word' id='word_1_416' title='bbox 442 2953 477 2987; x_wconf 88' lang='lat'>&amp;</span> <span class='ocrx_word' id='word_1_417' title='bbox 493 2949 689 2986; x_wconf 76' lang='lat' dir='ltr'><em>Coloffenfis</em></span> <span class='ocrx_word' id='word_1_418' title='bbox 711 2948 794 2991; x_wconf 90' lang='lat' dir='ltr'><em>apud</em></span> <span class='ocrx_word' id='word_1_419' title='bbox 820 2946 966 2991; x_wconf 86' lang='lat' dir='ltr'><em>Phryges</em></span> <span class='ocrx_word' id='word_1_420' title='bbox 986 2946 1124 2980; x_wconf 73' lang='lat' dir='ltr'><em>Ecclesia</em></span> <span class='ocrx_word' id='word_1_421' title='bbox 1146 2948 1208 2981; x_wconf 88' lang='lat' dir='ltr'><em>fuit</em></span> 
     </span>
    </p>

    <p class='ocr_par' dir='ltr' id='par_1_34' title="bbox 330 2996 1211 3089">
     <span class='ocr_line' id='line_1_58' title="bbox 330 2996 1211 3047; baseline -0.007 -11"><span class='ocrx_word' id='word_1_422' title='bbox 330 3003 545 3047; x_wconf 81' lang='lat' dir='ltr'><em>Apostolica:</em></span> <span class='ocrx_word' id='word_1_423' title='bbox 575 3002 619 3035; x_wconf 91' lang='lat' dir='ltr'><em>Et</em></span> <span class='ocrx_word' id='word_1_424' title='bbox 627 3009 733 3034; x_wconf 85' lang='lat' dir='ltr'><em>tamen</em></span> <span class='ocrx_word' id='word_1_425' title='bbox 746 2998 813 3041; x_wconf 80' lang='lat' dir='ltr'><em>ejus</em></span> <span class='ocrx_word' id='word_1_426' title='bbox 824 2996 969 3030; x_wconf 65' lang='lat' dir='ltr'><em>Antistes</em></span> <span class='ocrx_word' id='word_1_427' title='bbox 979 3020 989 3036; x_wconf 92' lang='lat'><em>,</em></span> <span class='ocrx_word' id='word_1_428' title='bbox 1016 2996 1103 3039; x_wconf 77' lang='lat' dir='ltr'><em>quod</em></span> <span class='ocrx_word' id='word_1_429' title='bbox 1116 2997 1211 3030; x_wconf 88' lang='lat' dir='ltr'><em>dum-</em></span> 
     </span>
     <span class='ocr_line' id='line_1_59' title="bbox 330 3046 1207 3089; baseline -0.013 0"><span class='ocrx_word' id='word_1_430' title='bbox 330 3064 421 3089; x_wconf 82' lang='lat' dir='ltr'><em>taxat</em></span> <span class='ocrx_word' id='word_1_431' title='bbox 433 3050 650 3085; x_wconf 86' lang='lat' dir='ltr'><em>Provincialis</em></span> <span class='ocrx_word' id='word_1_432' title='bbox 661 3050 737 3083; x_wconf 80' lang='lat' dir='ltr'><em>effer</em></span> <span class='ocrx_word' id='word_1_433' title='bbox 747 3073 757 3088; x_wconf 92' lang='lat'>‚</span> <span class='ocrx_word' id='word_1_434' title='bbox 787 3059 856 3081; x_wconf 89' lang='lat' dir='ltr'><em>non</em></span> <span class='ocrx_word' id='word_1_435' title='bbox 874 3047 980 3080; x_wconf 78' lang='lat' dir='ltr'><em>solum</em></span> <span class='ocrx_word' id='word_1_436' title='bbox 991 3046 1032 3079; x_wconf 88' lang='lat' dir='ltr'><em>ab</em></span> <span class='ocrx_word' id='word_1_437' title='bbox 1047 3046 1207 3089; x_wconf 79' lang='lat' dir='ltr'><em>Ephelino</em></span> 
     </span>
    </p>

    <p class='ocr_par' dir='ltr' id='par_1_35' title="bbox 333 3097 1208 3141">
     <span class='ocr_line' id='line_1_60' title="bbox 333 3097 1208 3141; baseline -0.007 -5"><span class='ocrx_word' id='word_1_438' title='bbox 333 3103 484 3141; x_wconf 77' lang='lat' dir='ltr'><em>Afiaticae</em></span> <span class='ocrx_word' id='word_1_439' title='bbox 506 3101 695 3134; x_wconf 86' lang='lat' dir='ltr'><em>Dioeceseos</em></span> <span class='ocrx_word' id='word_1_440' title='bbox 720 3097 891 3136; x_wconf 83' lang='lat' dir='ltr'><em>Exarcho,</em></span> <span class='ocrx_word' id='word_1_441' title='bbox 921 3097 975 3130; x_wconf 79' lang='lat' dir='ltr'><em>sed</em></span> <span class='ocrx_word' id='word_1_442' title='bbox 997 3098 1125 3130; x_wconf 59' lang='lat' dir='ltr'><em>etiam&amp;</em></span> <span class='ocrx_word' id='word_1_443' title='bbox 1138 3108 1208 3140; x_wconf 82' lang='lat' dir='ltr'><em>pro-</em></span> 
     </span>
    </p>

    <p class='ocr_par' dir='ltr' id='par_1_36' title="bbox 332 3146 1209 3199">
     <span class='ocr_line' id='line_1_61' title="bbox 332 3146 1209 3199; baseline -0.008 -12"><span class='ocrx_word' id='word_1_444' title='bbox 332 3155 405 3199; x_wconf 85' lang='lat' dir='ltr'><em>prio</em></span> <span class='ocrx_word' id='word_1_445' title='bbox 417 3152 631 3195; x_wconf 86' lang='lat' dir='ltr'><em>Metropolita</em></span> <span class='ocrx_word' id='word_1_446' title='bbox 645 3150 752 3192; x_wconf 88' lang='lat' dir='ltr'><em>potuit</em></span> <span class='ocrx_word' id='word_1_447' title='bbox 774 3146 942 3193; x_wconf 86' lang='lat' dir='ltr'><em>degradari</em></span> <span class='ocrx_word' id='word_1_448' title='bbox 955 3170 962 3177; x_wconf 90' lang='lat'><strong><em>.</em></strong></span> <span class='ocrx_word' id='word_1_449' title='bbox 993 3147 1048 3179; x_wconf 81' lang='lat' dir='ltr'><em>Est</em></span> <span class='ocrx_word' id='word_1_450' title='bbox 1061 3159 1109 3181; x_wconf 89' lang='lat' dir='ltr'><em>res</em></span> <span class='ocrx_word' id='word_1_451' title='bbox 1121 3158 1209 3182; x_wconf 86' lang='lat' dir='ltr'><em>extra</em></span> 
     </span>
    </p>

    <p class='ocr_par' dir='ltr' id='par_1_37' title="bbox 333 3203 493 3241">
     <span class='ocr_line' id='line_1_62' title="bbox 333 3203 493 3241; baseline -0.019 -4"><span class='ocrx_word' id='word_1_452' title='bbox 333 3203 471 3241; x_wconf 82' lang='lat' dir='ltr'><em>dubium</em></span> <span class='ocrx_word' id='word_1_453' title='bbox 485 3227 493 3234; x_wconf 92' lang='lat'>.</span> 
     </span>
    </p>

    <p class='ocr_par' dir='ltr' id='par_1_38' title="bbox 385 3247 1211 3296">
     <span class='ocr_line' id='line_1_63' title="bbox 385 3247 1211 3296; baseline -0.008 -10"><span class='ocrx_word' id='word_1_454' title='bbox 385 3253 479 3286; x_wconf 82' lang='lat' dir='ltr'><em>Hinc</em></span> <span class='ocrx_word' id='word_1_455' title='bbox 500 3249 634 3296; x_wconf 86' lang='lat' dir='ltr'><em>quaestio</em></span> <span class='ocrx_word' id='word_1_456' title='bbox 656 3248 723 3287; x_wconf 86' lang='lat' dir='ltr'><em>est,</em></span> <span class='ocrx_word' id='word_1_457' title='bbox 748 3249 816 3282; x_wconf 90' lang='lat' dir='ltr'><em>Cur</em></span> <span class='ocrx_word' id='word_1_458' title='bbox 838 3258 918 3293; x_wconf 88' lang='lat' dir='ltr'><em>ergo</em></span> <span class='ocrx_word' id='word_1_459' title='bbox 932 3247 1034 3290; x_wconf 79' lang='lat' dir='ltr'>Julius</span> <span class='ocrx_word' id='word_1_460' title='bbox 1054 3247 1138 3282; x_wconf 82' lang='lat' dir='ltr'><em>istud</em></span> <span class='ocrx_word' id='word_1_461' title='bbox 1160 3247 1211 3291; x_wconf 80' lang='lat' dir='ltr'><em>jus</em></span> 
     </span>
    </p>
   </div>
   <div class='ocr_carea' id='block_1_3' title="bbox 731 117 1803 167">
    <p class='ocr_par' dir='ltr' id='par_1_39' title="bbox 731 117 1803 167">
     <span class='ocr_line' id='line_1_64' title="bbox 731 117 1803 167; baseline 0.003 -3"><span class='ocrx_word' id='word_1_462' title='bbox 731 119 773 164; x_wconf 84' lang='lat' dir='ltr'><em>S.</em></span> <span class='ocrx_word' id='word_1_463' title='bbox 812 117 1130 166; x_wconf 66' lang='lat' dir='ltr'><em>Gueooiui</em></span> <span class='ocrx_word' id='word_1_464' title='bbox 1165 130 1404 165; x_wconf 74' lang='lat' dir='ltr'><em>SEPTIMI</em></span> <span class='ocrx_word' id='word_1_465' title='bbox 1438 118 1803 167; x_wconf 74' lang='lat' dir='ltr'><em>P&#39;owriricrs</em></span> 
     </span>
    </p>
   </div>
   <div class='ocr_carea' id='block_1_4' title="bbox 1263 200 2153 698">
    <p class='ocr_par' dir='ltr' id='par_1_40' title="bbox 1263 200 2153 698">
     <span class='ocr_line' id='line_1_65' title="bbox 1264 200 2152 248; baseline 0.001 -10"><span class='ocrx_word' id='word_1_466' title='bbox 1264 205 1363 246; x_wconf 77' lang='lat' dir='ltr'><em>states</em></span> <span class='ocrx_word' id='word_1_467' title='bbox 1383 205 1518 248; x_wconf 83' lang='lat' dir='ltr'><em>dignitas</em></span> <span class='ocrx_word' id='word_1_468' title='bbox 1540 200 1728 244; x_wconf 76' lang='lat' dir='ltr'><em>Ecclefiarum</em></span> <span class='ocrx_word' id='word_1_469' title='bbox 1753 204 1978 247; x_wconf 66' lang='lat' dir='ltr'><em>apostolicarum</em></span> <span class='ocrx_word' id='word_1_470' title='bbox 1998 205 2009 247; x_wconf 82' lang='lat'><em>,</em></span> <span class='ocrx_word' id='word_1_471' title='bbox 2035 206 2072 239; x_wconf 74' lang='lat' dir='ltr'><em>td</em></span> <span class='ocrx_word' id='word_1_472' title='bbox 2089 204 2152 247; x_wconf 80' lang='lat' dir='ltr'><em>est,</em></span> 
     </span>
     <span class='ocr_line' id='line_1_66' title="bbox 1276 253 2151 297; baseline -0.001 -8"><span class='ocrx_word' id='word_1_473' title='bbox 1276 266 1379 289; x_wconf 89' lang='lat' dir='ltr'><em>earum</em></span> <span class='ocrx_word' id='word_1_474' title='bbox 1401 253 1596 296; x_wconf 83' lang='lat' dir='ltr'><em>Ecclefiarum</em></span> <span class='ocrx_word' id='word_1_475' title='bbox 1618 279 1629 295; x_wconf 87' lang='lat'><em>,</em></span> <span class='ocrx_word' id='word_1_476' title='bbox 1656 265 1733 296; x_wconf 75' lang='lat' dir='ltr'><em>quas</em></span> <span class='ocrx_word' id='word_1_477' title='bbox 1766 255 1887 296; x_wconf 68' lang='lat' dir='ltr'><em>apostoli</em></span> <span class='ocrx_word' id='word_1_478' title='bbox 1909 254 2151 297; x_wconf 75' lang='lat' dir='ltr'><em>fundaverant,</em></span> 
     </span>
     <span class='ocr_line' id='line_1_67' title="bbox 1278 304 2151 348; baseline 0.001 -9"><span class='ocrx_word' id='word_1_479' title='bbox 1278 306 1492 339; x_wconf 63' lang='lat' dir='ltr'><em>alexandrina</em></span> <span class='ocrx_word' id='word_1_480' title='bbox 1522 305 1667 338; x_wconf 66' lang='lat' dir='ltr'><em>nimirum</em></span> <span class='ocrx_word' id='word_1_481' title='bbox 1686 328 1697 344; x_wconf 91' lang='lat'><em>,</em></span> <span class='ocrx_word' id='word_1_482' title='bbox 1723 304 1911 337; x_wconf 64' lang='lat' dir='ltr'><em>antiochena</em></span> <span class='ocrx_word' id='word_1_483' title='bbox 1931 328 1943 346; x_wconf 79' lang='lat'><em>,</em></span> <span class='ocrx_word' id='word_1_484' title='bbox 1967 306 2124 348; x_wconf 75' lang='lat' dir='ltr'><em>prefinae</em></span> <span class='ocrx_word' id='word_1_485' title='bbox 2138 329 2151 346; x_wconf 80' lang='lat'><em>,</em></span> 
     </span>
     <span class='ocr_line' id='line_1_68' title="bbox 1277 354 2151 398; baseline 0.001 -10"><span class='ocrx_word' id='word_1_486' title='bbox 1277 359 1457 397; x_wconf 67' lang='lat' dir='ltr'><em>Ancyram,</em></span> <span class='ocrx_word' id='word_1_487' title='bbox 1483 367 1551 398; x_wconf 83' lang='lat' dir='ltr'><em>quae</em></span> <span class='ocrx_word' id='word_1_488' title='bbox 1573 364 1639 388; x_wconf 85' lang='lat' dir='ltr'><em>erat</em></span> <span class='ocrx_word' id='word_1_489' title='bbox 1672 356 1837 396; x_wconf 81' lang='lat' dir='ltr'><em>Metropolis</em></span> <span class='ocrx_word' id='word_1_490' title='bbox 1859 354 2023 394; x_wconf 61' lang='lat' dir='ltr'><em>Galatiae,</em></span> <span class='ocrx_word' id='word_1_491' title='bbox 2048 360 2151 389; x_wconf 83' lang='lat' dir='ltr'><em>Corin·</em></span> 
     </span>
     <span class='ocr_line' id='line_1_69' title="bbox 1277 404 2151 448; baseline 0 -10"><span class='ocrx_word' id='word_1_492' title='bbox 1277 405 1394 447; x_wconf 82' lang='lat' dir='ltr'><em>thienfis</em></span> <span class='ocrx_word' id='word_1_493' title='bbox 1413 411 1445 438; x_wconf 86' lang='lat' dir='ltr'><em>in</em></span> <span class='ocrx_word' id='word_1_494' title='bbox 1468 405 1581 445; x_wconf 80' lang='lat' dir='ltr'><em>Acbaja</em></span> <span class='ocrx_word' id='word_1_495' title='bbox 1593 428 1604 446; x_wconf 90' lang='lat'><em>,</em></span> <span class='ocrx_word' id='word_1_496' title='bbox 1629 404 1876 448; x_wconf 79' lang='lat' dir='ltr'><em>Theffalonicenfis</em></span> <span class='ocrx_word' id='word_1_497' title='bbox 1896 410 1930 437; x_wconf 88' lang='lat' dir='ltr'><em>in</em></span> <span class='ocrx_word' id='word_1_498' title='bbox 1950 405 2126 438; x_wconf 80' lang='lat' dir='ltr'><em>Macedonia</em></span> <span class='ocrx_word' id='word_1_499' title='bbox 2136 424 2151 446; x_wconf 63' lang='lat'><em>,1</em></span> 
     </span>
     <span class='ocr_line' id='line_1_70' title="bbox 1263 454 2153 497; baseline 0 -9"><span class='ocrx_word' id='word_1_500' title='bbox 1263 461 1309 491; x_wconf 72' lang='lat' dir='ltr'><em>,in</em></span> <span class='ocrx_word' id='word_1_501' title='bbox 1327 460 1436 497; x_wconf 80' lang='lat' dir='ltr'><em>primis</em></span> <span class='ocrx_word' id='word_1_502' title='bbox 1462 457 1532 489; x_wconf 77' lang='lat' dir='ltr'><em>vero</em></span> <span class='ocrx_word' id='word_1_503' title='bbox 1544 458 1709 495; x_wconf 84' lang='lat' dir='ltr'><em>Romanae,</em></span> <span class='ocrx_word' id='word_1_504' title='bbox 1735 466 1825 497; x_wconf 86' lang='lat' dir='ltr'><em>quam</em></span> <span class='ocrx_word' id='word_1_505' title='bbox 1839 457 1991 496; x_wconf 77' lang='lat' dir='ltr'><em>Principes</em></span> <span class='ocrx_word' id='word_1_506' title='bbox 2013 454 2153 497; x_wconf 73' lang='lat' dir='ltr'><em>Apostolo-¹</em></span> 
     </span>
     <span class='ocr_line' id='line_1_71' title="bbox 1274 502 2152 549; baseline -0.001 -11"><span class='ocrx_word' id='word_1_507' title='bbox 1274 515 1341 538; x_wconf 89' lang='lat' dir='ltr'><em>rum</em></span> <span class='ocrx_word' id='word_1_508' title='bbox 1358 502 1412 548; x_wconf 87' lang='lat' dir='ltr'><em>suo</em></span> <span class='ocrx_word' id='word_1_509' title='bbox 1429 503 1801 549; x_wconf 69' lang='lat' dir='ltr'><em>sanguine-conftcrarant</em></span> <span class='ocrx_word' id='word_1_510' title='bbox 1824 530 1831 537; x_wconf 91' lang='lat'>.</span> <span class='ocrx_word' id='word_1_511' title='bbox 1860 504 2062 548; x_wconf 74' lang='lat' dir='ltr'><em>‚Quamobrem</em></span> <span class='ocrx_word' id='word_1_512' title='bbox 2087 505 2152 537; x_wconf 72' lang='lat' dir='ltr'><em>cum</em></span> 
     </span>
     <span class='ocr_line' id='line_1_72' title="bbox 1275 553 2153 599; baseline -0.001 -12"><span class='ocrx_word' id='word_1_513' title='bbox 1275 562 1410 599; x_wconf 78' lang='lat' dir='ltr'><em>ageretur</em></span> <span class='ocrx_word' id='word_1_514' title='bbox 1420 556 1456 588; x_wconf 84' lang='lat' dir='ltr'><em>de</em></span> <span class='ocrx_word' id='word_1_515' title='bbox 1467 553 1557 598; x_wconf 76' lang='lat' dir='ltr'><em>causa</em></span> <span class='ocrx_word' id='word_1_516' title='bbox 1563 554 1715 596; x_wconf 78' lang='lat' dir='ltr'><em>Athanafii</em></span> <span class='ocrx_word' id='word_1_517' title='bbox 1724 554 1810 598; x_wconf 80' lang='lat' dir='ltr'><em>Epis</em></span> <span class='ocrx_word' id='word_1_518' title='bbox 1804 561 1866 597; x_wconf 85' lang='lat' dir='ltr'><em>copi</em></span> <span class='ocrx_word' id='word_1_519' title='bbox 1878 555 2075 588; x_wconf 73' lang='lat' dir='ltr'><em>Alexandrini</em></span> <span class='ocrx_word' id='word_1_520' title='bbox 2086 570 2106 595; x_wconf 27' lang='grc' dir='ltr'><em>,Δ</em></span> <span class='ocrx_word' id='word_1_521' title='bbox 2116 554 2153 587; x_wconf 62' lang='grc' dir='ltr'>ἁ</span> 
     </span>
     <span class='ocr_line' id='line_1_73' title="bbox 1278 603 2152 648; baseline -0.001 -11"><span class='ocrx_word' id='word_1_522' title='bbox 1278 603 1409 638; x_wconf 74' lang='lat' dir='ltr'><em>Marcelli</em></span> <span class='ocrx_word' id='word_1_523' title='bbox 1420 609 1562 645; x_wconf 67' lang='lat' dir='ltr'><em>ancyrani</em></span> <span class='ocrx_word' id='word_1_524' title='bbox 1571 611 1604 639; x_wconf 90' lang='lat' dir='ltr'><em>in</em></span> <span class='ocrx_word' id='word_1_525' title='bbox 1620 607 1745 639; x_wconf 80' lang='lat' dir='ltr'><em>Galatia</em></span> <span class='ocrx_word' id='word_1_526' title='bbox 1754 628 1764 644; x_wconf 90' lang='lat'><em>,</em></span> <span class='ocrx_word' id='word_1_527' title='bbox 1789 616 1908 648; x_wconf 84' lang='lat' dir='ltr'><em>quorum</em></span> <span class='ocrx_word' id='word_1_528' title='bbox 1918 603 2053 646; x_wconf 81' lang='lat' dir='ltr'><em>Ecclefiae</em></span> <span class='ocrx_word' id='word_1_529' title='bbox 2063 612 2152 637; x_wconf 75' lang='lat' dir='ltr'><em>crant</em></span> 
     </span>
     <span class='ocr_line' id='line_1_74' title="bbox 1278 653 2151 698; baseline 0 -11"><span class='ocrx_word' id='word_1_530' title='bbox 1278 654 1462 697; x_wconf 70' lang='lat' dir='ltr'><em>apostolice,</em></span> <span class='ocrx_word' id='word_1_531' title='bbox 1487 657 1735 698; x_wconf 63' lang='lat' dir='ltr'><em>aequum-prorsus</em></span> <span class='ocrx_word' id='word_1_532' title='bbox 1750 655 1932 696; x_wconf 73' lang='lat' dir='ltr'><em>videbatur,</em></span> <span class='ocrx_word' id='word_1_533' title='bbox 1958 665 1992 688; x_wconf 90' lang='lat' dir='ltr'><em>ut</em></span> <span class='ocrx_word' id='word_1_534' title='bbox 2003 653 2151 698; x_wconf 81' lang='lat' dir='ltr'><em>accusatio</em></span> 
     </span>
    </p>
   </div>
   <div class='ocr_carea' id='block_1_5' title="bbox 1275 703 2201 749">
    <p class='ocr_par' dir='ltr' id='par_1_41' title="bbox 1275 703 2201 749">
     <span class='ocr_line' id='line_1_75' title="bbox 1275 703 2201 749; baseline 0.001 -11"><span class='ocrx_word' id='word_1_535' title='bbox 1275 706 1441 745; x_wconf 68' lang='lat' dir='ltr'><em>adversum</em></span> <span class='ocrx_word' id='word_1_536' title='bbox 1453 717 1500 739; x_wconf 84' lang='lat' dir='ltr'><em>eos</em></span> <span class='ocrx_word' id='word_1_537' title='bbox 1510 705 1646 746; x_wconf 78' lang='lat' dir='ltr'><em>instituta</em></span> <span class='ocrx_word' id='word_1_538' title='bbox 1649 708 1843 747; x_wconf 82' lang='lat' dir='ltr'><em>judicaretur</em></span> <span class='ocrx_word' id='word_1_539' title='bbox 1854 705 1893 738; x_wconf 88' lang='lat' dir='ltr'><em>ab</em></span> <span class='ocrx_word' id='word_1_540' title='bbox 1907 703 2062 748; x_wconf 68' lang='lat' dir='ltr'><em>Epist-opis</em></span> <span class='ocrx_word' id='word_1_541' title='bbox 2074 709 2155 749; x_wconf 54' lang='lat' dir='ltr'><em>Occi-</em></span> <span class='ocrx_word' id='word_1_542' title='bbox 2194 714 2201 717; x_wconf 14' lang='grc' dir='ltr'>Χ</span> 
     </span>
    </p>
   </div>
   <div class='ocr_carea' id='block_1_6' title="bbox 1267 750 2154 1448">
    <p class='ocr_par' dir='ltr' id='par_1_42' title="bbox 1267 750 2154 1448">
     <span class='ocr_line' id='line_1_76' title="bbox 1275 750 2153 800; baseline -0.001 -12"><span class='ocrx_word' id='word_1_543' title='bbox 1275 756 1374 789; x_wconf 79' lang='lat' dir='ltr'><em>dentis</em></span> <span class='ocrx_word' id='word_1_544' title='bbox 1399 757 1434 790; x_wconf 63' lang='grc' dir='ltr'>Θ</span> <span class='ocrx_word' id='word_1_545' title='bbox 1453 760 1586 789; x_wconf 83' lang='lat' dir='ltr'><em>Orientis</em></span> <span class='ocrx_word' id='word_1_546' title='bbox 1608 782 1615 790; x_wconf 89' lang='lat'><strong>.</strong></span> <span class='ocrx_word' id='word_1_547' title='bbox 1645 755 1842 800; x_wconf 74' lang='lat' dir='ltr'><em>Respondeo</em></span> <span class='ocrx_word' id='word_1_548' title='bbox 1862 752 1953 790; x_wconf 86' lang='lat' dir='ltr'><em>aliud</em></span> <span class='ocrx_word' id='word_1_549' title='bbox 1975 755 2038 789; x_wconf 77' lang='lat' dir='ltr'><em>effe</em></span> <span class='ocrx_word' id='word_1_550' title='bbox 2060 750 2153 797; x_wconf 72' lang='lat' dir='ltr'><em>Apo&#39;·</em></span> 
     </span>
     <span class='ocr_line' id='line_1_77' title="bbox 1275 803 2150 849; baseline -0.002 -11"><span class='ocrx_word' id='word_1_551' title='bbox 1275 805 1424 840; x_wconf 78' lang='lat' dir='ltr'><em>stolicam</em></span> <span class='ocrx_word' id='word_1_552' title='bbox 1438 806 1613 841; x_wconf 78' lang='lat' dir='ltr'><em>Ecclesiam</em></span> <span class='ocrx_word' id='word_1_553' title='bbox 1626 832 1636 848; x_wconf 88' lang='lat'>‚</span> <span class='ocrx_word' id='word_1_554' title='bbox 1662 806 1750 841; x_wconf 77' lang='lat' dir='ltr'><em>aliud</em></span> <span class='ocrx_word' id='word_1_555' title='bbox 1764 804 1988 849; x_wconf 76' lang='lat' dir='ltr'><em>Apostolicam</em></span> <span class='ocrx_word' id='word_1_556' title='bbox 2013 803 2150 840; x_wconf 66' lang='lat' dir='ltr'><em>Sedena.</em></span> 
     </span>
     <span class='ocr_line' id='line_1_78' title="bbox 1276 854 2153 895; baseline -0.002 -6"><span class='ocrx_word' id='word_1_557' title='bbox 1276 856 1340 889; x_wconf 83' lang='lat' dir='ltr'><em>Hae</em></span> <span class='ocrx_word' id='word_1_558' title='bbox 1360 858 1434 890; x_wconf 83' lang='lat' dir='ltr'><em>sunt</em></span> <span class='ocrx_word' id='word_1_559' title='bbox 1454 857 1632 892; x_wconf 52' lang='lat' dir='ltr'><em>dumtaxat*</em></span> <span class='ocrx_word' id='word_1_560' title='bbox 1647 866 1730 891; x_wconf 84' lang='lat' dir='ltr'><em>tres:</em></span> <span class='ocrx_word' id='word_1_561' title='bbox 1759 856 1934 895; x_wconf 79' lang='lat' dir='ltr'><em>Romana,</em></span> <span class='ocrx_word' id='word_1_562' title='bbox 1959 854 2153 890; x_wconf 82' lang='lat' dir='ltr'><em>Alexandri·</em></span> 
     </span>
     <span class='ocr_line' id='line_1_79' title="bbox 1276 904 2152 947; baseline -0.002 -8"><span class='ocrx_word' id='word_1_563' title='bbox 1276 917 1315 939; x_wconf 89' lang='lat' dir='ltr'><em>na</em></span> <span class='ocrx_word' id='word_1_564' title='bbox 1327 931 1338 947; x_wconf 92' lang='lat'>‚</span> <span class='ocrx_word' id='word_1_565' title='bbox 1364 904 1577 942; x_wconf 87' lang='lat' dir='ltr'><em>Antiochena</em></span> <span class='ocrx_word' id='word_1_566' title='bbox 1590 907 1668 941; x_wconf 55' lang='lat' dir='ltr'><em>:Et</em></span> <span class='ocrx_word' id='word_1_567' title='bbox 1693 906 1807 941; x_wconf 86' lang='lat' dir='ltr'><em>harum</em></span> <span class='ocrx_word' id='word_1_568' title='bbox 1825 904 1994 939; x_wconf 75' lang='lat' dir='ltr'><em>dumtaxat</em></span> <span class='ocrx_word' id='word_1_569' title='bbox 2013 905 2152 938; x_wconf 80' lang='lat' dir='ltr'><em>duarum</em></span> 
     </span>
     <span class='ocr_line' id='line_1_80' title="bbox 1277 954 2152 1000; baseline 0 -11"><span class='ocrx_word' id='word_1_570' title='bbox 1277 956 1454 1000; x_wconf 84' lang='lat' dir='ltr'><em>Episcopi,</em></span> <span class='ocrx_word' id='word_1_571' title='bbox 1479 957 1559 991; x_wconf 89' lang='lat' dir='ltr'><em>dum</em></span> <span class='ocrx_word' id='word_1_572' title='bbox 1586 956 1625 991; x_wconf 84' lang='lat' dir='ltr'><em>ad</em></span> <span class='ocrx_word' id='word_1_573' title='bbox 1637 957 1808 992; x_wconf 80' lang='lat' dir='ltr'><em>criminale</em></span> <span class='ocrx_word' id='word_1_574' title='bbox 1831 955 1988 1000; x_wconf 85' lang='lat' dir='ltr'><em>judicium</em></span> <span class='ocrx_word' id='word_1_575' title='bbox 2012 954 2152 998; x_wconf 76' lang='lat' dir='ltr'><em>postula-</em></span> 
     </span>
     <span class='ocr_line' id='line_1_81' title="bbox 1267 1004 2151 1051; baseline -0.003 -11"><span class='ocrx_word' id='word_1_576' title='bbox 1267 1004 1419 1047; x_wconf 49' lang='lat' dir='ltr'><em>rentur:</em></span> <span class='ocrx_word' id='word_1_577' title='bbox 1434 1005 1619 1051; x_wconf 82' lang='lat' dir='ltr'>gaudebant</span> <span class='ocrx_word' id='word_1_578' title='bbox 1642 1007 1702 1041; x_wconf 86' lang='lat' dir='ltr'><em>isto</em></span> <span class='ocrx_word' id='word_1_579' title='bbox 1726 1008 1846 1050; x_wconf 83' lang='lat' dir='ltr'><em>praevio</em></span> <span class='ocrx_word' id='word_1_580' title='bbox 1872 1006 2040 1040; x_wconf 81' lang='lat' dir='ltr'><em>relationis</em></span> <span class='ocrx_word' id='word_1_581' title='bbox 2060 1004 2151 1047; x_wconf 81' lang='lat' dir='ltr'><em>jure.</em></span> 
     </span>
     <span class='ocr_line' id='line_1_82' title="bbox 1277 1054 2151 1099; baseline -0.002 -10"><span class='ocrx_word' id='word_1_582' title='bbox 1277 1057 1386 1090; x_wconf 79' lang='lat' dir='ltr'><em>Etiam</em></span> <span class='ocrx_word' id='word_1_583' title='bbox 1400 1057 1642 1097; x_wconf 74' lang='lat' dir='ltr'><em>Heracleensis,</em></span> <span class='ocrx_word' id='word_1_584' title='bbox 1670 1055 1865 1099; x_wconf 66' lang='lat' dir='ltr'><em>Ephesium,</em></span> <span class='ocrx_word' id='word_1_585' title='bbox 1893 1056 1928 1090; x_wconf 86' lang='lat'>&amp;</span> <span class='ocrx_word' id='word_1_586' title='bbox 1942 1054 2151 1090; x_wconf 80' lang='lat' dir='ltr'><em>Caesareensis</em></span> 
     </span>
     <span class='ocr_line' id='line_1_83' title="bbox 1272 1104 2152 1149; baseline -0.001 -11"><span class='ocrx_word' id='word_1_587' title='bbox 1272 1104 1357 1147; x_wconf 82' lang='lat' dir='ltr'><em>apud</em></span> <span class='ocrx_word' id='word_1_588' title='bbox 1369 1105 1602 1147; x_wconf 75' lang='lat' dir='ltr'><em>Cappadoces:</em></span> <span class='ocrx_word' id='word_1_589' title='bbox 1629 1118 1758 1149; x_wconf 87' lang='lat' dir='ltr'><em>propter</em></span> <span class='ocrx_word' id='word_1_590' title='bbox 1789 1105 2036 1149; x_wconf 82' lang='lat' dir='ltr'><em>autocephalam</em></span> <span class='ocrx_word' id='word_1_591' title='bbox 2049 1104 2152 1138; x_wconf 81' lang='lat' dir='ltr'><em>Exar-</em></span> 
     </span>
     <span class='ocr_line' id='line_1_84' title="bbox 1272 1153 2151 1200; baseline 0 -13"><span class='ocrx_word' id='word_1_592' title='bbox 1272 1154 1402 1187; x_wconf 80' lang='lat' dir='ltr'><em>chiam.</em></span> <span class='ocrx_word' id='word_1_593' title='bbox 1431 1153 1650 1196; x_wconf 73' lang='lat' dir='ltr'><em>Ancyranum</em></span> <span class='ocrx_word' id='word_1_594' title='bbox 1672 1157 1800 1191; x_wconf 84' lang='lat' dir='ltr'><em>constat</em></span> <span class='ocrx_word' id='word_1_595' title='bbox 1820 1155 2006 1200; x_wconf 73' lang='lat' dir='ltr'><em>Caesareenfi</em></span> <span class='ocrx_word' id='word_1_596' title='bbox 2027 1156 2151 1197; x_wconf 75' lang='lat' dir='ltr'><em>semper</em></span> 
     </span>
     <span class='ocr_line' id='line_1_85' title="bbox 1274 1202 2152 1248; baseline 0.001 -11"><span class='ocrx_word' id='word_1_597' title='bbox 1274 1203 1424 1237; x_wconf 70' lang='lat' dir='ltr'><em>subfuisse</em></span> <span class='ocrx_word' id='word_1_598' title='bbox 1436 1228 1447 1242; x_wconf 88' lang='lat'><em>,</em></span> <span class='ocrx_word' id='word_1_599' title='bbox 1473 1202 1613 1245; x_wconf 84' lang='lat' dir='ltr'><em>ideoque</em></span> <span class='ocrx_word' id='word_1_600' title='bbox 1637 1204 1670 1238; x_wconf 72' lang='grc' dir='ltr'><em>δ(</em></span> <span class='ocrx_word' id='word_1_601' title='bbox 1683 1203 1725 1238; x_wconf 85' lang='lat' dir='ltr'><em>ab</em></span> <span class='ocrx_word' id='word_1_602' title='bbox 1748 1206 1807 1238; x_wconf 92' lang='lat' dir='ltr'><em>illo</em></span> <span class='ocrx_word' id='word_1_603' title='bbox 1827 1208 1893 1239; x_wconf 85' lang='lat' dir='ltr'><em>fine</em></span> <span class='ocrx_word' id='word_1_604' title='bbox 1903 1205 2016 1248; x_wconf 83' lang='lat' dir='ltr'><em>praevia</em></span> <span class='ocrx_word' id='word_1_605' title='bbox 2035 1205 2074 1238; x_wconf 81' lang='lat' dir='ltr'><em>ad</em></span> <span class='ocrx_word' id='word_1_606' title='bbox 2089 1203 2152 1238; x_wconf 74' lang='lat' dir='ltr'><em>Pn-</em></span> 
     </span>
     <span class='ocr_line' id='line_1_86' title="bbox 1275 1252 2151 1298; baseline 0 -11"><span class='ocrx_word' id='word_1_607' title='bbox 1275 1264 1348 1297; x_wconf 79' lang='lat' dir='ltr'><em>pam</em></span> <span class='ocrx_word' id='word_1_608' title='bbox 1363 1254 1522 1288; x_wconf 81' lang='lat' dir='ltr'><em>relatione</em></span> <span class='ocrx_word' id='word_1_609' title='bbox 1533 1253 1671 1298; x_wconf 77' lang='lat' dir='ltr'><em>potuisse</em></span> <span class='ocrx_word' id='word_1_610' title='bbox 1681 1252 1828 1287; x_wconf 81' lang='lat' dir='ltr'><em>damnari</em></span> <span class='ocrx_word' id='word_1_611' title='bbox 1840 1278 1846 1284; x_wconf 93' lang='lat'><em>.</em></span> <span class='ocrx_word' id='word_1_612' title='bbox 1875 1254 1916 1286; x_wconf 82' lang='lat' dir='ltr'><em>Et</em></span> <span class='ocrx_word' id='word_1_613' title='bbox 1928 1254 2034 1287; x_wconf 77' lang='lat' dir='ltr'><em>lucide</em></span> <span class='ocrx_word' id='word_1_614' title='bbox 2046 1253 2151 1296; x_wconf 81' lang='lat' dir='ltr'><em>Julius</em></span> 
     </span>
     <span class='ocr_line' id='line_1_87' title="bbox 1274 1303 2152 1347; baseline -0.001 -10"><span class='ocrx_word' id='word_1_615' title='bbox 1274 1305 1366 1338; x_wconf 82' lang='lat' dir='ltr'><em>aliter</em></span> <span class='ocrx_word' id='word_1_616' title='bbox 1389 1304 1429 1337; x_wconf 89' lang='lat' dir='ltr'><em>de</em></span> <span class='ocrx_word' id='word_1_617' title='bbox 1442 1303 1624 1338; x_wconf 75' lang='lat' dir='ltr'><em>Athanasio</em></span> <span class='ocrx_word' id='word_1_618' title='bbox 1637 1328 1647 1344; x_wconf 93' lang='lat'><em>,</em></span> <span class='ocrx_word' id='word_1_619' title='bbox 1674 1305 1767 1338; x_wconf 83' lang='lat' dir='ltr'><em>aliter</em></span> <span class='ocrx_word' id='word_1_620' title='bbox 1784 1303 1930 1347; x_wconf 90' lang='lat' dir='ltr'><em>loquitur</em></span> <span class='ocrx_word' id='word_1_621' title='bbox 1950 1304 1992 1339; x_wconf 83' lang='lat' dir='ltr'><em>de</em></span> <span class='ocrx_word' id='word_1_622' title='bbox 2013 1303 2152 1337; x_wconf 84' lang='lat' dir='ltr'><em>Marcel-</em></span> 
     </span>
     <span class='ocr_line' id='line_1_88' title="bbox 1274 1352 2154 1398; baseline -0.002 -10"><span class='ocrx_word' id='word_1_623' title='bbox 1274 1355 1327 1388; x_wconf 88' lang='lat' dir='ltr'><em>lo.</em></span> <span class='ocrx_word' id='word_1_624' title='bbox 1358 1353 1399 1389; x_wconf 84' lang='lat' dir='ltr'><em>Et</em></span> <span class='ocrx_word' id='word_1_625' title='bbox 1413 1356 1458 1388; x_wconf 79' lang='lat' dir='ltr'><em>sui</em></span> <span class='ocrx_word' id='word_1_626' title='bbox 1472 1356 1611 1397; x_wconf 79' lang='lat' dir='ltr'><em>proipso</em></span> <span class='ocrx_word' id='word_1_627' title='bbox 1626 1355 1781 1398; x_wconf 86' lang='lat' dir='ltr'><em>Rescripti</em></span> <span class='ocrx_word' id='word_1_628' title='bbox 1801 1355 1856 1388; x_wconf 86' lang='lat' dir='ltr'><em>dat</em></span> <span class='ocrx_word' id='word_1_629' title='bbox 1870 1352 1974 1387; x_wconf 67' lang='lat' dir='ltr'><em>latiam</em></span> <span class='ocrx_word' id='word_1_630' title='bbox 1995 1354 2154 1387; x_wconf 66' lang='lat' dir='ltr'><em>causam.-⁴</em></span> 
     </span>
     <span class='ocr_line' id='line_1_89' title="bbox 1276 1402 2152 1448; baseline 0 -11"><span class='ocrx_word' id='word_1_631' title='bbox 1276 1406 1408 1438; x_wconf 83' lang='lat' dir='ltr'><em>Marcelli</em></span> <span class='ocrx_word' id='word_1_632' title='bbox 1425 1403 1502 1446; x_wconf 83' lang='lat' dir='ltr'><em>fides</em></span> <span class='ocrx_word' id='word_1_633' title='bbox 1523 1406 1701 1448; x_wconf 81' lang='lat' dir='ltr'><em>confeffioque</em></span> <span class='ocrx_word' id='word_1_634' title='bbox 1712 1410 1829 1439; x_wconf 61' lang='grc' dir='ltr'><em>Νίσαια</em></span> <span class='ocrx_word' id='word_1_635' title='bbox 1845 1402 1982 1448; x_wconf 57' lang='lat' dir='ltr'><em>speum</em></span> <span class='ocrx_word' id='word_1_636' title='bbox 1999 1403 2061 1444; x_wconf 81' lang='lat' dir='ltr'><em>est,</em></span> <span class='ocrx_word' id='word_1_637' title='bbox 2086 1412 2152 1437; x_wconf 76' lang='lat' dir='ltr'><em>cum</em></span> 
     </span>
    </p>
   </div>
   <div class='ocr_carea' id='block_1_7' title="bbox 1275 1453 2286 1549">
    <p class='ocr_par' dir='ltr' id='par_1_43' title="bbox 1275 1453 2286 1549">
     <span class='ocr_line' id='line_1_90' title="bbox 1277 1453 2286 1499; baseline -0.001 -10"><span class='ocrx_word' id='word_1_638' title='bbox 1277 1460 1397 1489; x_wconf 71' lang='lat' dir='ltr'><em>Arianis</em></span> <span class='ocrx_word' id='word_1_639' title='bbox 1408 1456 1620 1491; x_wconf 84' lang='lat' dir='ltr'><em>contradiceret</em></span> <span class='ocrx_word' id='word_1_640' title='bbox 1630 1480 1638 1488; x_wconf 91' lang='lat'><em>.</em></span> <span class='ocrx_word' id='word_1_641' title='bbox 1667 1456 1814 1499; x_wconf 82' lang='lat' dir='ltr'><em>Exponit</em></span> <span class='ocrx_word' id='word_1_642' title='bbox 1826 1455 1860 1488; x_wconf 86' lang='lat' dir='ltr'><em>in</em></span> <span class='ocrx_word' id='word_1_643' title='bbox 1878 1456 1965 1488; x_wconf 67' lang='lat' dir='ltr'><em>faciae</em></span> <span class='ocrx_word' id='word_1_644' title='bbox 1975 1454 2014 1487; x_wconf 84' lang='lat' dir='ltr'><em>ad</em></span> <span class='ocrx_word' id='word_1_645' title='bbox 2027 1453 2152 1497; x_wconf 78' lang='lat' dir='ltr'><em>Iulium</em></span> <span class='ocrx_word' id='word_1_646' title='bbox 2164 1462 2218 1494; x_wconf 70' lang='lat' dir='ltr'><em>Lib</em></span> <span class='ocrx_word' id='word_1_647' title='bbox 2236 1465 2286 1496; x_wconf 55' lang='lat' dir='ltr'><em>7²ss</em></span> 
     </span>
     <span class='ocr_line' id='line_1_91' title="bbox 1275 1503 2229 1549; baseline -0.001 -10"><span class='ocrx_word' id='word_1_648' title='bbox 1275 1506 1504 1549; x_wconf 82' lang='lat' dir='ltr'><em>appellationis</em></span> <span class='ocrx_word' id='word_1_649' title='bbox 1524 1530 1535 1546; x_wconf 97' lang='lat'><em>,</em></span> <span class='ocrx_word' id='word_1_650' title='bbox 1561 1506 1645 1549; x_wconf 84' lang='lat' dir='ltr'><em>apud</em></span> <span class='ocrx_word' id='word_1_651' title='bbox 1670 1507 1823 1540; x_wconf 66' lang='lat' dir='ltr'><em>Sannum</em></span> <span class='ocrx_word' id='word_1_652' title='bbox 1852 1503 2076 1548; x_wconf 80' lang='lat' dir='ltr'><em>Epiphanium</em></span> <span class='ocrx_word' id='word_1_653' title='bbox 2097 1515 2152 1538; x_wconf 67' lang='lat' dir='ltr'><em>exi</em></span> <span class='ocrx_word' id='word_1_654' title='bbox 2165 1508 2229 1534; x_wconf 59' lang='lat' dir='ltr'><em>ea..</em></span> 
     </span>
    </p>
   </div>
   <div class='ocr_carea' id='block_1_8' title="bbox 1264 1554 2170 3039">
    <p class='ocr_par' dir='ltr' id='par_1_44' title="bbox 1264 1554 2170 3039">
     <span class='ocr_line' id='line_1_92' title="bbox 1274 1554 2151 1598; baseline -0.001 -10"><span class='ocrx_word' id='word_1_655' title='bbox 1274 1555 1378 1590; x_wconf 83' lang='lat' dir='ltr'><em>stante</em></span> <span class='ocrx_word' id='word_1_656' title='bbox 1390 1580 1400 1595; x_wconf 92' lang='lat'><em>,</em></span> <span class='ocrx_word' id='word_1_657' title='bbox 1428 1556 1541 1590; x_wconf 87' lang='lat' dir='ltr'><em>libello</em></span> <span class='ocrx_word' id='word_1_658' title='bbox 1560 1556 1814 1598; x_wconf 81' lang='lat' dir='ltr'><em>ipseMarcellus</em></span> <span class='ocrx_word' id='word_1_659' title='bbox 1830 1584 1833 1585; x_wconf 15' lang='grc' dir='ltr'><em>γ</em></span> <span class='ocrx_word' id='word_1_660' title='bbox 1862 1557 1939 1589; x_wconf 75' lang='lat' dir='ltr'><em>cum</em></span> <span class='ocrx_word' id='word_1_661' title='bbox 1961 1554 2095 1588; x_wconf 78' lang='lat' dir='ltr'><em>nonnulli</em></span> <span class='ocrx_word' id='word_1_662' title='bbox 2112 1559 2151 1588; x_wconf 74' lang='lat' dir='ltr'><em>eie</em></span> 
     </span>
     <span class='ocr_line' id='line_1_93' title="bbox 1271 1603 2152 1649; baseline -0.001 -13"><span class='ocrx_word' id='word_1_663' title='bbox 1271 1610 1331 1643; x_wconf 88' lang='lat' dir='ltr'><em>iis,</em></span> <span class='ocrx_word' id='word_1_664' title='bbox 1357 1612 1408 1647; x_wconf 85' lang='lat' dir='ltr'><em>qui</em></span> <span class='ocrx_word' id='word_1_665' title='bbox 1420 1609 1500 1647; x_wconf 85' lang='lat' dir='ltr'><em>quod</em></span> <span class='ocrx_word' id='word_1_666' title='bbox 1506 1608 1616 1647; x_wconf 70' lang='lat' dir='ltr'><em>parum</em></span> <span class='ocrx_word' id='word_1_667' title='bbox 1625 1609 1740 1649; x_wconf 61' lang='lat' dir='ltr'><em>integr&amp;</em></span> <span class='ocrx_word' id='word_1_668' title='bbox 1763 1605 1868 1647; x_wconf 77' lang='lat' dir='ltr'><em>defide</em></span> <span class='ocrx_word' id='word_1_669' title='bbox 1885 1603 2051 1648; x_wconf 81' lang='lat' dir='ltr'><em>sentirent,</em></span> <span class='ocrx_word' id='word_1_670' title='bbox 2077 1605 2152 1636; x_wconf 58' lang='lat' dir='ltr'><em>ant&amp;</em></span> 
     </span>
     <span class='ocr_line' id='line_1_94' title="bbox 1271 1654 2151 1698; baseline 0.001 -12"><span class='ocrx_word' id='word_1_671' title='bbox 1271 1657 1458 1687; x_wconf 84' lang='lat' dir='ltr'><em>condemnati</em></span> <span class='ocrx_word' id='word_1_672' title='bbox 1464 1654 1536 1698; x_wconf 86' lang='lat' dir='ltr'><em>sunt</em></span> <span class='ocrx_word' id='word_1_673' title='bbox 1548 1679 1557 1695; x_wconf 89' lang='lat'>‚</span> <span class='ocrx_word' id='word_1_674' title='bbox 1583 1662 1687 1697; x_wconf 84' lang='lat' dir='ltr'><em>quique</em></span> <span class='ocrx_word' id='word_1_675' title='bbox 1699 1658 1720 1686; x_wconf 75' lang='grc' dir='ltr'><em>ἃ</em></span> <span class='ocrx_word' id='word_1_676' title='bbox 1731 1661 1819 1687; x_wconf 78' lang='lat' dir='ltr'><em>mein</em></span> <span class='ocrx_word' id='word_1_677' title='bbox 1830 1660 1962 1687; x_wconf 64' lang='lat' dir='ltr'><em>Nic-ena</em></span> <span class='ocrx_word' id='word_1_678' title='bbox 1972 1654 2151 1692; x_wconf 67' lang='lat' dir='ltr'><em>synodo-con·</em></span> 
     </span>
     <span class='ocr_line' id='line_1_95' title="bbox 1272 1702 2150 1745; baseline -0.001 -8"><span class='ocrx_word' id='word_1_679' title='bbox 1272 1703 1422 1745; x_wconf 58' lang='lat' dir='ltr'><em>vidissent</em></span> <span class='ocrx_word' id='word_1_680' title='bbox 1434 1728 1446 1743; x_wconf 90' lang='lat'>‚</span> <span class='ocrx_word' id='word_1_681' title='bbox 1470 1714 1573 1736; x_wconf 87' lang='lat' dir='ltr'><em>contra</em></span> <span class='ocrx_word' id='word_1_682' title='bbox 1592 1716 1638 1736; x_wconf 84' lang='lat' dir='ltr'><em>me</em></span> <span class='ocrx_word' id='word_1_683' title='bbox 1646 1705 1689 1735; x_wconf 88' lang='lat' dir='ltr'><em>ad</em></span> <span class='ocrx_word' id='word_1_684' title='bbox 1698 1706 1844 1737; x_wconf 77' lang='lat' dir='ltr'><em>Pietatem</em></span> <span class='ocrx_word' id='word_1_685' title='bbox 1863 1714 1945 1736; x_wconf 84' lang='lat' dir='ltr'><em>tuam</em></span> <span class='ocrx_word' id='word_1_686' title='bbox 1953 1702 2077 1745; x_wconf 74' lang='lat' dir='ltr'><em>scribere</em></span> <span class='ocrx_word' id='word_1_687' title='bbox 2089 1714 2150 1736; x_wconf 89' lang='lat' dir='ltr'><em>non</em></span> 
     </span>
     <span class='ocr_line' id='line_1_96' title="bbox 1272 1750 2150 1791; baseline 0.001 -7"><span class='ocrx_word' id='word_1_688' title='bbox 1272 1754 1484 1785; x_wconf 77' lang='lat' dir='ltr'><em>dubitaverint</em></span> <span class='ocrx_word' id='word_1_689' title='bbox 1495 1777 1504 1791; x_wconf 92' lang='lat'>‚</span> <span class='ocrx_word' id='word_1_690' title='bbox 1530 1762 1576 1783; x_wconf 90' lang='lat' dir='ltr'><em>me</em></span> <span class='ocrx_word' id='word_1_691' title='bbox 1594 1763 1652 1784; x_wconf 83' lang='lat' dir='ltr'><em>non</em></span> <span class='ocrx_word' id='word_1_692' title='bbox 1663 1753 1741 1785; x_wconf 63' lang='lat' dir='ltr'><em>rede</em></span> <span class='ocrx_word' id='word_1_693' title='bbox 1765 1764 1816 1785; x_wconf 85' lang='lat' dir='ltr'><em>nec</em></span> <span class='ocrx_word' id='word_1_694' title='bbox 1824 1763 1890 1784; x_wconf 88' lang='lat' dir='ltr'><em>cum</em></span> <span class='ocrx_word' id='word_1_695' title='bbox 1901 1750 2034 1791; x_wconf 76' lang='lat' dir='ltr'><em>Ecclefiae</em></span> <span class='ocrx_word' id='word_1_696' title='bbox 2043 1751 2150 1785; x_wconf 71' lang='lat' dir='ltr'><em>dochl-</em></span> 
     </span>
     <span class='ocr_line' id='line_1_97' title="bbox 1272 1796 2150 1845; baseline -0.002 -9"><span class='ocrx_word' id='word_1_697' title='bbox 1272 1815 1313 1836; x_wconf 87' lang='lat' dir='ltr'><em>na</em></span> <span class='ocrx_word' id='word_1_698' title='bbox 1322 1800 1512 1845; x_wconf 64' lang='lat' dir='ltr'><em>consentanee*</em></span> <span class='ocrx_word' id='word_1_699' title='bbox 1527 1802 1563 1835; x_wconf 78' lang='lat' dir='ltr'><em>de</em></span> <span class='ocrx_word' id='word_1_700' title='bbox 1583 1802 1642 1843; x_wconf 84' lang='lat' dir='ltr'><em>fide</em></span> <span class='ocrx_word' id='word_1_701' title='bbox 1655 1802 1784 1842; x_wconf 82' lang='lat' dir='ltr'><em>statuere</em></span> <span class='ocrx_word' id='word_1_702' title='bbox 1798 1796 1866 1841; x_wconf 78' lang='lat' dir='ltr'><em>‚ut</em></span> <span class='ocrx_word' id='word_1_703' title='bbox 1876 1807 1985 1834; x_wconf 82' lang='lat' dir='ltr'><em>crimen</em></span> <span class='ocrx_word' id='word_1_704' title='bbox 2005 1800 2094 1843; x_wconf 87' lang='lat' dir='ltr'><em>suum</em></span> <span class='ocrx_word' id='word_1_705' title='bbox 2115 1806 2150 1837; x_wconf 71' lang='lat' dir='ltr'><em>in</em></span> 
     </span>
     <span class='ocr_line' id='line_1_98' title="bbox 1272 1850 2151 1894; baseline -0.001 -9"><span class='ocrx_word' id='word_1_706' title='bbox 1272 1864 1317 1885; x_wconf 89' lang='lat' dir='ltr'><em>me</em></span> <span class='ocrx_word' id='word_1_707' title='bbox 1336 1851 1558 1892; x_wconf 83' lang='lat' dir='ltr'><em>transferrent,</em></span> <span class='ocrx_word' id='word_1_708' title='bbox 1584 1854 1744 1894; x_wconf 70' lang='lat' dir='ltr'><em>propterea</em></span> <span class='ocrx_word' id='word_1_709' title='bbox 1764 1851 1914 1894; x_wconf 78' lang='lat' dir='ltr'><em>neceffario</em></span> <span class='ocrx_word' id='word_1_710' title='bbox 1929 1855 2054 1884; x_wconf 81' lang='lat' dir='ltr'><em>Romam</em></span> <span class='ocrx_word' id='word_1_711' title='bbox 2074 1850 2151 1884; x_wconf 75' lang='lat' dir='ltr'><em>mibi</em></span> 
     </span>
     <span class='ocr_line' id='line_1_99' title="bbox 1273 1901 2151 1943; baseline 0.001 -8"><span class='ocrx_word' id='word_1_712' title='bbox 1273 1903 1449 1935; x_wconf 81' lang='lat' dir='ltr'><em>veniendum</em></span> <span class='ocrx_word' id='word_1_713' title='bbox 1466 1909 1597 1943; x_wconf 82' lang='lat' dir='ltr'><em>putavi.</em></span> <span class='ocrx_word' id='word_1_714' title='bbox 1630 1903 1671 1935; x_wconf 85' lang='lat' dir='ltr'><em>Et</em></span> <span class='ocrx_word' id='word_1_715' title='bbox 1686 1903 1721 1936; x_wconf 85' lang='lat' dir='ltr'><em>in</em></span> <span class='ocrx_word' id='word_1_716' title='bbox 1745 1903 1860 1935; x_wconf 85' lang='lat' dir='ltr'><em>litteris</em></span> <span class='ocrx_word' id='word_1_717' title='bbox 1882 1901 1921 1935; x_wconf 88' lang='lat' dir='ltr'><em>ad</em></span> <span class='ocrx_word' id='word_1_718' title='bbox 1944 1902 2019 1935; x_wconf 83' lang='lat' dir='ltr'><em>suos</em></span> <span class='ocrx_word' id='word_1_719' title='bbox 2029 1901 2151 1936; x_wconf 79' lang='lat' dir='ltr'><em>Mom-</em></span> 
     </span>
     <span class='ocr_line' id='line_1_100' title="bbox 1271 1949 2150 1995; baseline 0.002 -12"><span class='ocrx_word' id='word_1_720' title='bbox 1271 1952 1350 1983; x_wconf 84' lang='lat' dir='ltr'><em>clios</em></span> <span class='ocrx_word' id='word_1_721' title='bbox 1364 1951 1509 1995; x_wconf 65' lang='lat' dir='ltr'><em>Magnus</em></span> <span class='ocrx_word' id='word_1_722' title='bbox 1521 1951 1735 1986; x_wconf 82' lang='lat' dir='ltr'><em>Athanafius:</em></span> <span class='ocrx_word' id='word_1_723' title='bbox 1765 1953 1853 1984; x_wconf 88' lang='lat' dir='ltr'><em>Nulli</em></span> <span class='ocrx_word' id='word_1_724' title='bbox 1873 1962 1929 1983; x_wconf 81' lang='lat' dir='ltr'><em>non</em></span> <span class='ocrx_word' id='word_1_725' title='bbox 1940 1950 2048 1990; x_wconf 79' lang='lat' dir='ltr'><em>constat</em></span> <span class='ocrx_word' id='word_1_726' title='bbox 2057 1949 2150 1993; x_wconf 83' lang='lat' dir='ltr'><em>Euse-</em></span> 
     </span>
     <span class='ocr_line' id='line_1_101' title="bbox 1271 1998 2148 2043; baseline 0 -10"><span class='ocrx_word' id='word_1_727' title='bbox 1271 2001 1374 2034; x_wconf 73' lang='lat' dir='ltr'><em>btanos</em></span> <span class='ocrx_word' id='word_1_728' title='bbox 1396 2004 1416 2033; x_wconf 82' lang='grc' dir='ltr'><em>ἃ</em></span> <span class='ocrx_word' id='word_1_729' title='bbox 1433 2003 1571 2034; x_wconf 86' lang='lat' dir='ltr'><em>Marcello</em></span> <span class='ocrx_word' id='word_1_730' title='bbox 1595 2003 1632 2034; x_wconf 85' lang='lat' dir='ltr'><em>de</em></span> <span class='ocrx_word' id='word_1_731' title='bbox 1642 2000 1744 2041; x_wconf 80' lang='lat' dir='ltr'><em>baerefi</em></span> <span class='ocrx_word' id='word_1_732' title='bbox 1758 1999 1946 2042; x_wconf 80' lang='lat' dir='ltr'><em>reprehensos</em></span> <span class='ocrx_word' id='word_1_733' title='bbox 1970 2025 1981 2040; x_wconf 97' lang='lat'><em>,</em></span> <span class='ocrx_word' id='word_1_734' title='bbox 2007 1998 2148 2043; x_wconf 83' lang='lat' dir='ltr'><em>baereseos</em></span> 
     </span>
     <span class='ocr_line' id='line_1_102' title="bbox 1271 2048 2149 2096; baseline 0 -14"><span class='ocrx_word' id='word_1_735' title='bbox 1271 2058 1539 2084; x_wconf 82' lang='lat' dir='ltr'><em>reeriminationem</em></span> <span class='ocrx_word' id='word_1_736' title='bbox 1545 2060 1601 2093; x_wconf 90' lang='lat' dir='ltr'><em>pro</em></span> <span class='ocrx_word' id='word_1_737' title='bbox 1610 2049 1717 2084; x_wconf 82' lang='lat' dir='ltr'><em>talione</em></span> <span class='ocrx_word' id='word_1_738' title='bbox 1727 2051 1770 2083; x_wconf 83' lang='lat' dir='ltr'><em>illi</em></span> <span class='ocrx_word' id='word_1_739' title='bbox 1784 2051 1900 2090; x_wconf 84' lang='lat' dir='ltr'><em>vicifflm</em></span> <span class='ocrx_word' id='word_1_740' title='bbox 1912 2050 2056 2096; x_wconf 81' lang='lat' dir='ltr'><em>impegiffe</em></span> <span class='ocrx_word' id='word_1_741' title='bbox 2066 2073 2078 2090; x_wconf 92' lang='lat'><em>,</em></span> <span class='ocrx_word' id='word_1_742' title='bbox 2098 2048 2149 2092; x_wconf 80' lang='lat' dir='ltr'><em>se·-</em></span> 
     </span>
     <span class='ocr_line' id='line_1_103' title="bbox 1272 2099 2148 2143; baseline 0.001 -11"><span class='ocrx_word' id='word_1_743' title='bbox 1272 2111 1395 2142; x_wconf 79' lang='lat' dir='ltr'><em>nemque</em></span> <span class='ocrx_word' id='word_1_744' title='bbox 1405 2099 1549 2132; x_wconf 87' lang='lat' dir='ltr'><em>hominem</em></span> <span class='ocrx_word' id='word_1_745' title='bbox 1558 2106 1590 2132; x_wconf 89' lang='lat' dir='ltr'><em>in</em></span> <span class='ocrx_word' id='word_1_746' title='bbox 1601 2102 1724 2134; x_wconf 81' lang='lat' dir='ltr'><em>exilium</em></span> <span class='ocrx_word' id='word_1_747' title='bbox 1736 2101 1844 2143; x_wconf 79' lang='lat' dir='ltr'><em>ejeciffe</em></span> <span class='ocrx_word' id='word_1_748' title='bbox 1853 2124 1860 2131; x_wconf 91' lang='lat'>.</span> <span class='ocrx_word' id='word_1_749' title='bbox 1888 2100 2083 2134; x_wconf 85' lang='lat' dir='ltr'><em>Marcellum</em></span> <span class='ocrx_word' id='word_1_750' title='bbox 2101 2111 2148 2133; x_wconf 86' lang='lat' dir='ltr'><em>er·</em></span> 
     </span>
     <span class='ocr_line' id='line_1_104' title="bbox 1272 2149 2149 2194; baseline 0 -11"><span class='ocrx_word' id='word_1_751' title='bbox 1272 2151 1335 2194; x_wconf 80' lang='lat' dir='ltr'><em>go,</em></span> <span class='ocrx_word' id='word_1_752' title='bbox 1360 2149 1488 2192; x_wconf 78' lang='lat' dir='ltr'><em>ejusque</em></span> <span class='ocrx_word' id='word_1_753' title='bbox 1499 2150 1604 2183; x_wconf 74' lang='lat' dir='ltr'><em>zelum</em></span> <span class='ocrx_word' id='word_1_754' title='bbox 1627 2150 1659 2182; x_wconf 76' lang='grc' dir='ltr'>ἀ</span> <span class='ocrx_word' id='word_1_755' title='bbox 1674 2151 1790 2182; x_wconf 66' lang='grc' dir='ltr'>ωᾶειηι</span> <span class='ocrx_word' id='word_1_756' title='bbox 1803 2149 1902 2182; x_wconf 79' lang='lat' dir='ltr'><em>fidem</em></span> <span class='ocrx_word' id='word_1_757' title='bbox 1916 2149 2068 2192; x_wconf 76' lang='lat' dir='ltr'><em>lingulati</em></span> <span class='ocrx_word' id='word_1_758' title='bbox 2080 2149 2149 2183; x_wconf 80' lang='lat' dir='ltr'><em>elo·</em></span> 
     </span>
     <span class='ocr_line' id='line_1_105' title="bbox 1273 2196 2148 2244; baseline 0.001 -13"><span class='ocrx_word' id='word_1_759' title='bbox 1273 2202 1331 2244; x_wconf 83' lang='lat' dir='ltr'><em>gio</em></span> <span class='ocrx_word' id='word_1_760' title='bbox 1353 2198 1501 2243; x_wconf 83' lang='lat' dir='ltr'><em>probarat</em></span> <span class='ocrx_word' id='word_1_761' title='bbox 1517 2198 1651 2233; x_wconf 72' lang='lat' dir='ltr'><em>Nicaena</em></span> <span class='ocrx_word' id='word_1_762' title='bbox 1677 2199 1849 2242; x_wconf 80' lang='lat' dir='ltr'><em>Synodus:</em></span> <span class='ocrx_word' id='word_1_763' title='bbox 1875 2198 1968 2232; x_wconf 88' lang='lat' dir='ltr'><em>Hinc</em></span> <span class='ocrx_word' id='word_1_764' title='bbox 1992 2196 2088 2240; x_wconf 70' lang='lat' dir='ltr'><em>huJus</em></span> <span class='ocrx_word' id='word_1_765' title='bbox 2105 2198 2148 2232; x_wconf 77' lang='lat' dir='ltr'><em>de</em></span> 
     </span>
     <span class='ocr_line' id='line_1_106' title="bbox 1275 2247 2151 2293; baseline -0.001 -10"><span class='ocrx_word' id='word_1_766' title='bbox 1275 2251 1334 2284; x_wconf 87' lang='lat' dir='ltr'><em>illo</em></span> <span class='ocrx_word' id='word_1_767' title='bbox 1343 2249 1503 2292; x_wconf 90' lang='lat' dir='ltr'><em>judicium</em></span> <span class='ocrx_word' id='word_1_768' title='bbox 1515 2250 1642 2284; x_wconf 85' lang='lat' dir='ltr'><em>censuit</em></span> <span class='ocrx_word' id='word_1_769' title='bbox 1656 2250 1760 2293; x_wconf 87' lang='lat' dir='ltr'><em>Julius</em></span> <span class='ocrx_word' id='word_1_770' title='bbox 1774 2250 1841 2283; x_wconf 87' lang='lat' dir='ltr'><em>fine</em></span> <span class='ocrx_word' id='word_1_771' title='bbox 1852 2249 1969 2292; x_wconf 82' lang='lat' dir='ltr'><em>praevio</em></span> <span class='ocrx_word' id='word_1_772' title='bbox 1980 2247 2151 2293; x_wconf 85' lang='lat' dir='ltr'><em>Apostoli-</em></span> 
     </span>
     <span class='ocr_line' id='line_1_107' title="bbox 1271 2299 2170 2343; baseline -0.003 -9"><span class='ocrx_word' id='word_1_773' title='bbox 1271 2312 1315 2334; x_wconf 66' lang='grc' dir='ltr'><em>τε</em></span> <span class='ocrx_word' id='word_1_774' title='bbox 1325 2300 1417 2334; x_wconf 86' lang='lat' dir='ltr'><em>Sedis</em></span> <span class='ocrx_word' id='word_1_775' title='bbox 1431 2300 1563 2333; x_wconf 82' lang='lat' dir='ltr'><em>adsensu</em></span> <span class='ocrx_word' id='word_1_776' title='bbox 1580 2312 1647 2333; x_wconf 88' lang='lat' dir='ltr'><em>non</em></span> <span class='ocrx_word' id='word_1_777' title='bbox 1661 2300 1799 2343; x_wconf 75' lang='lat' dir='ltr'><em>potuisse</em></span> <span class='ocrx_word' id='word_1_778' title='bbox 1809 2299 1966 2332; x_wconf 62' lang='lat' dir='ltr'><em>retraetari</em></span> <span class='ocrx_word' id='word_1_779' title='bbox 1980 2323 1987 2330; x_wconf 93' lang='lat'><em>.</em></span> <span class='ocrx_word' id='word_1_780' title='bbox 2164 2301 2170 2305; x_wconf 89' lang='grc'><strong>’</strong></span> 
     </span>
     <span class='ocr_line' id='line_1_108' title="bbox 1322 2345 2149 2396; baseline -0.005 -13"><span class='ocrx_word' id='word_1_781' title='bbox 1322 2351 1467 2396; x_wconf 80' lang='lat' dir='ltr'><em>Qartus</em></span> <span class='ocrx_word' id='word_1_782' title='bbox 1487 2361 1573 2383; x_wconf 87' lang='lat' dir='ltr'><em>error</em></span> <span class='ocrx_word' id='word_1_783' title='bbox 1601 2348 1644 2382; x_wconf 86' lang='lat' dir='ltr'><em>est</em></span> <span class='ocrx_word' id='word_1_784' title='bbox 1668 2349 1701 2381; x_wconf 94' lang='lat' dir='ltr'><em>in</em></span> <span class='ocrx_word' id='word_1_785' title='bbox 1724 2346 1775 2382; x_wconf 84' lang='lat' dir='ltr'><em>his</em></span> <span class='ocrx_word' id='word_1_786' title='bbox 1798 2348 1919 2382; x_wconf 87' lang='lat' dir='ltr'><em>verbis:</em></span> <span class='ocrx_word' id='word_1_787' title='bbox 1948 2349 2042 2391; x_wconf 77' lang='lat' dir='ltr'><em>,Quod</em></span> <span class='ocrx_word' id='word_1_788' title='bbox 2055 2345 2149 2388; x_wconf 71' lang='lat' dir='ltr'><em>sipost</em></span> 
     </span>
     <span class='ocr_line' id='line_1_109' title="bbox 1264 2397 2148 2441; baseline -0.003 -9"><span class='ocrx_word' id='word_1_789' title='bbox 1264 2402 1412 2441; x_wconf 80' lang='lat' dir='ltr'><em>judicium</em></span> <span class='ocrx_word' id='word_1_790' title='bbox 1434 2402 1634 2433; x_wconf 76' lang='lat' dir='ltr'><em>Orientalium</em></span> <span class='ocrx_word' id='word_1_791' title='bbox 1645 2400 1762 2441; x_wconf 86' lang='lat' dir='ltr'><em>querela</em></span> <span class='ocrx_word' id='word_1_792' title='bbox 1785 2397 1949 2439; x_wconf 81' lang='lat' dir='ltr'><em>manifestae</em></span> <span class='ocrx_word' id='word_1_793' title='bbox 1969 2397 2148 2440; x_wconf 79' lang='lat' dir='ltr'><em>oppreffiom&#39;s</em></span> 
     </span>
     <span class='ocr_line' id='line_1_110' title="bbox 1274 2450 2149 2491; baseline -0.005 -8"><span class='ocrx_word' id='word_1_794' title='bbox 1274 2450 1440 2491; x_wconf 85' lang='lat' dir='ltr'><em>deferretur·</em></span> <span class='ocrx_word' id='word_1_795' title='bbox 1458 2452 1501 2482; x_wconf 87' lang='lat' dir='ltr'><em>ad</em></span> <span class='ocrx_word' id='word_1_796' title='bbox 1518 2451 1661 2487; x_wconf 73' lang='lat' dir='ltr'><em>synodum</em></span> <span class='ocrx_word' id='word_1_797' title='bbox 1683 2450 1919 2481; x_wconf 80' lang='lat' dir='ltr'><em>occidentalium</em></span> <span class='ocrx_word' id='word_1_798' title='bbox 1930 2472 1940 2486; x_wconf 86' lang='lat'>‚</span> <span class='ocrx_word' id='word_1_799' title='bbox 1967 2458 2031 2480; x_wconf 87' lang='lat' dir='ltr'><em>tum</em></span> <span class='ocrx_word' id='word_1_800' title='bbox 2051 2456 2149 2480; x_wconf 81' lang='lat' dir='ltr'><em>retra-</em></span> 
     </span>
     <span class='ocr_line' id='line_1_111' title="bbox 1272 2497 2147 2544; baseline -0.002 -12"><span class='ocrx_word' id='word_1_801' title='bbox 1272 2501 1413 2533; x_wconf 65' lang='lat' dir='ltr'><em>trandum</em></span> <span class='ocrx_word' id='word_1_802' title='bbox 1435 2500 1485 2542; x_wconf 86' lang='lat' dir='ltr'><em>effe</em></span> <span class='ocrx_word' id='word_1_803' title='bbox 1506 2505 1647 2544; x_wconf 84' lang='lat' dir='ltr'><em>negotium</em></span> <span class='ocrx_word' id='word_1_804' title='bbox 1668 2505 1700 2531; x_wconf 86' lang='lat' dir='ltr'><em>in</em></span> <span class='ocrx_word' id='word_1_805' title='bbox 1721 2500 1848 2532; x_wconf 80' lang='lat' dir='ltr'><em>Concilio</em></span> <span class='ocrx_word' id='word_1_806' title='bbox 1858 2499 2089 2533; x_wconf 83' lang='lat' dir='ltr'><em>Occidentalium</em></span> <span class='ocrx_word' id='word_1_807' title='bbox 2111 2497 2147 2531; x_wconf 66' lang='grc' dir='ltr'><strong><em>Θ</em></strong></span> 
     </span>
     <span class='ocr_line' id='line_1_112' title="bbox 1273 2546 2147 2590; baseline -0.006 -7"><span class='ocrx_word' id='word_1_808' title='bbox 1273 2552 1490 2583; x_wconf 79' lang='lat' dir='ltr'><em>Orientalium.</em></span> <span class='ocrx_word' id='word_1_809' title='bbox 1518 2551 1603 2583; x_wconf 69' lang='lat' dir='ltr'><em>Unde</em></span> <span class='ocrx_word' id='word_1_810' title='bbox 1624 2549 1733 2589; x_wconf 84' lang='lat' dir='ltr'><em>constat</em></span> <span class='ocrx_word' id='word_1_811' title='bbox 1744 2556 1776 2582; x_wconf 86' lang='lat' dir='ltr'><em>in</em></span> <span class='ocrx_word' id='word_1_812' title='bbox 1796 2561 1833 2582; x_wconf 86' lang='lat' dir='ltr'><em>ea</em></span> <span class='ocrx_word' id='word_1_813' title='bbox 1842 2548 1974 2590; x_wconf 83' lang='lat' dir='ltr'><em>Epistola</em></span> <span class='ocrx_word' id='word_1_814' title='bbox 1986 2551 2100 2589; x_wconf 83' lang='lat' dir='ltr'><em>nonagi</em></span> <span class='ocrx_word' id='word_1_815' title='bbox 2108 2546 2147 2578; x_wconf 75' lang='lat' dir='ltr'><em>do</em></span> 
     </span>
     <span class='ocr_line' id='line_1_113' title="bbox 1271 2595 2145 2643; baseline -0.006 -10"><span class='ocrx_word' id='word_1_816' title='bbox 1271 2601 1487 2643; x_wconf 82' lang='lat' dir='ltr'><em>appellatione,</em></span> <span class='ocrx_word' id='word_1_817' title='bbox 1511 2598 1567 2642; x_wconf 85' lang='lat' dir='ltr'><em>sed</em></span> <span class='ocrx_word' id='word_1_818' title='bbox 1585 2601 1621 2631; x_wconf 88' lang='lat' dir='ltr'><em>de</em></span> <span class='ocrx_word' id='word_1_819' title='bbox 1636 2606 1737 2640; x_wconf 81' lang='lat' dir='ltr'><em>prima</em></span> <span class='ocrx_word' id='word_1_820' title='bbox 1756 2600 1873 2630; x_wconf 75' lang='lat' dir='ltr'><em>tantum</em></span> <span class='ocrx_word' id='word_1_821' title='bbox 1892 2595 1988 2638; x_wconf 87' lang='lat' dir='ltr'><em>causae</em></span> <span class='ocrx_word' id='word_1_822' title='bbox 2009 2599 2145 2638; x_wconf 85' lang='lat' dir='ltr'><em>cognitio-</em></span> 
     </span>
     <span class='ocr_line' id='line_1_114' title="bbox 1272 2646 2145 2692; baseline -0.007 -8"><span class='ocrx_word' id='word_1_823' title='bbox 1272 2663 1307 2684; x_wconf 89' lang='lat' dir='ltr'><em>ne</em></span> <span class='ocrx_word' id='word_1_824' title='bbox 1321 2676 1330 2690; x_wconf 88' lang='lat'><em>,</em></span> <span class='ocrx_word' id='word_1_825' title='bbox 1352 2648 1402 2692; x_wconf 86' lang='lat' dir='ltr'><em>seu</em></span> <span class='ocrx_word' id='word_1_826' title='bbox 1415 2649 1551 2691; x_wconf 82' lang='lat' dir='ltr'><em>revifione</em></span> <span class='ocrx_word' id='word_1_827' title='bbox 1565 2673 1572 2679; x_wconf 94' lang='lat'><strong><em>.</em></strong></span> <span class='ocrx_word' id='word_1_828' title='bbox 1601 2649 1644 2681; x_wconf 88' lang='lat' dir='ltr'><em>Et</em></span> <span class='ocrx_word' id='word_1_829' title='bbox 1666 2649 1697 2680; x_wconf 86' lang='lat' dir='ltr'><em>in</em></span> <span class='ocrx_word' id='word_1_830' title='bbox 1712 2646 1778 2680; x_wconf 77' lang='lat' dir='ltr'><em>his:</em></span> <span class='ocrx_word' id='word_1_831' title='bbox 1806 2647 1910 2679; x_wconf 73' lang='lat' dir='ltr'><em>Verum</em></span> <span class='ocrx_word' id='word_1_832' title='bbox 1923 2647 2005 2689; x_wconf 64' lang='lat' dir='ltr'><em>longe*</em></span> <span class='ocrx_word' id='word_1_833' title='bbox 2015 2646 2145 2678; x_wconf 72' lang='lat' dir='ltr'><em>aberant</em></span> 
     </span>
     <span class='ocr_line' id='line_1_115' title="bbox 1271 2695 2145 2742; baseline -0.007 -9"><span class='ocrx_word' id='word_1_834' title='bbox 1271 2701 1309 2733; x_wconf 90' lang='lat' dir='ltr'><em>ab</em></span> <span class='ocrx_word' id='word_1_835' title='bbox 1330 2706 1462 2742; x_wconf 79' lang='lat' dir='ltr'><em>opimone</em></span> <span class='ocrx_word' id='word_1_836' title='bbox 1483 2711 1580 2732; x_wconf 85' lang='lat' dir='ltr'><em>eorum</em></span> <span class='ocrx_word' id='word_1_837' title='bbox 1597 2722 1608 2738; x_wconf 92' lang='lat'><em>,</em></span> <span class='ocrx_word' id='word_1_838' title='bbox 1633 2704 1684 2740; x_wconf 81' lang='lat' dir='ltr'><em>qui</em></span> <span class='ocrx_word' id='word_1_839' title='bbox 1707 2697 1800 2737; x_wconf 84' lang='lat' dir='ltr'><em>nostra</em></span> <span class='ocrx_word' id='word_1_840' title='bbox 1821 2706 1901 2737; x_wconf 64' lang='lat' dir='ltr'><em>etate</em></span> <span class='ocrx_word' id='word_1_841' title='bbox 1923 2696 2093 2728; x_wconf 58' lang='lat' dir='ltr'><em>traaearunt</em></span> <span class='ocrx_word' id='word_1_842' title='bbox 2106 2695 2145 2727; x_wconf 76' lang='lat' dir='ltr'><em>de</em></span> 
     </span>
     <span class='ocr_line' id='line_1_116' title="bbox 1271 2745 2144 2791; baseline -0.008 -8"><span class='ocrx_word' id='word_1_843' title='bbox 1271 2749 1469 2791; x_wconf 76' lang='lat' dir='ltr'><em>controversiis</em></span> <span class='ocrx_word' id='word_1_844' title='bbox 1499 2748 1571 2790; x_wconf 79' lang='lat' dir='ltr'><em>fidei</em></span> <span class='ocrx_word' id='word_1_845' title='bbox 1596 2772 1606 2788; x_wconf 91' lang='lat'><em>,</em></span> <span class='ocrx_word' id='word_1_846' title='bbox 1633 2754 1683 2790; x_wconf 83' lang='lat' dir='ltr'><em>qui</em></span> <span class='ocrx_word' id='word_1_847' title='bbox 1704 2753 1902 2789; x_wconf 85' lang='lat' dir='ltr'><em>pronuntiant</em></span> <span class='ocrx_word' id='word_1_848' title='bbox 1935 2745 2144 2787; x_wconf 80' lang='lat' dir='ltr'><em>appellationes</em></span> 
     </span>
     <span class='ocr_line' id='line_1_117' title="bbox 1272 2794 2144 2842; baseline -0.007 -10"><span class='ocrx_word' id='word_1_849' title='bbox 1272 2799 1356 2842; x_wconf 70' lang='lat' dir='ltr'><em>Epis}</em></span> <span class='ocrx_word' id='word_1_850' title='bbox 1363 2809 1479 2840; x_wconf 86' lang='lat' dir='ltr'><em>oporum</em></span> <span class='ocrx_word' id='word_1_851' title='bbox 1489 2798 1684 2832; x_wconf 81' lang='lat' dir='ltr'><em>Orientalium</em></span> <span class='ocrx_word' id='word_1_852' title='bbox 1686 2798 1873 2838; x_wconf 82' lang='lat' dir='ltr'><em>judicandas</em></span> <span class='ocrx_word' id='word_1_853' title='bbox 1887 2796 1937 2837; x_wconf 83' lang='lat' dir='ltr'><em>effe</em></span> <span class='ocrx_word' id='word_1_854' title='bbox 1951 2796 2036 2837; x_wconf 85' lang='lat' dir='ltr'><em>apud</em></span> <span class='ocrx_word' id='word_1_855' title='bbox 2042 2794 2144 2828; x_wconf 87' lang='lat' dir='ltr'><em>urbem</em></span> 
     </span>
     <span class='ocr_line' id='line_1_118' title="bbox 1271 2845 2145 2890; baseline -0.006 -8"><span class='ocrx_word' id='word_1_856' title='bbox 1271 2853 1423 2883; x_wconf 64' lang='lat' dir='ltr'><em>Romarm?</em></span> <span class='ocrx_word' id='word_1_857' title='bbox 1435 2852 1549 2883; x_wconf 74' lang='lat' dir='ltr'><em>Summo</em></span> <span class='ocrx_word' id='word_1_858' title='bbox 1559 2847 1713 2890; x_wconf 76' lang='lat' dir='ltr'><em>Pontifice.</em></span> <span class='ocrx_word' id='word_1_859' title='bbox 1727 2847 1924 2888; x_wconf 83' lang='lat' dir='ltr'><em>Respondeo</em></span> <span class='ocrx_word' id='word_1_860' title='bbox 1937 2845 2025 2879; x_wconf 88' lang='lat' dir='ltr'><em>hunc</em></span> <span class='ocrx_word' id='word_1_861' title='bbox 2037 2845 2145 2888; x_wconf 86' lang='lat' dir='ltr'><em>ipsum</em></span> 
     </span>
     <span class='ocr_line' id='line_1_119' title="bbox 1272 2894 2145 2939; baseline -0.01 -4"><span class='ocrx_word' id='word_1_862' title='bbox 1272 2902 1395 2935; x_wconf 87' lang='lat' dir='ltr'><em>sensum</em></span> <span class='ocrx_word' id='word_1_863' title='bbox 1433 2911 1514 2934; x_wconf 89' lang='lat' dir='ltr'><em>tunc</em></span> <span class='ocrx_word' id='word_1_864' title='bbox 1547 2897 1686 2933; x_wconf 75' lang='lat' dir='ltr'><em>omnino</em></span> <span class='ocrx_word' id='word_1_865' title='bbox 1721 2897 1813 2930; x_wconf 74' lang='lat' dir='ltr'><em>fuisse</em></span> <span class='ocrx_word' id='word_1_866' title='bbox 1841 2896 1916 2939; x_wconf 85' lang='lat' dir='ltr'><em>Julii</em></span> <span class='ocrx_word' id='word_1_867' title='bbox 1951 2894 2145 2934; x_wconf 87' lang='lat' dir='ltr'><em>Pontificis,</em></span> 
     </span>
     <span class='ocr_line' id='line_1_120' title="bbox 1274 2941 2145 2994; baseline -0.009 -9"><span class='ocrx_word' id='word_1_868' title='bbox 1274 2951 1511 2994; x_wconf 87' lang='lat' dir='ltr'><em>Episcoporum</em></span> <span class='ocrx_word' id='word_1_869' title='bbox 1536 2947 1801 2983; x_wconf 87' lang='lat' dir='ltr'><em>Occidentalium</em></span> <span class='ocrx_word' id='word_1_870' title='bbox 1817 2971 1826 2986; x_wconf 88' lang='lat'>‚</span> <span class='ocrx_word' id='word_1_871' title='bbox 1854 2948 1887 2980; x_wconf 89' lang='lat'>&amp;</span> <span class='ocrx_word' id='word_1_872' title='bbox 1910 2945 2062 2979; x_wconf 85' lang='lat' dir='ltr'><em>omniurn</em></span> <span class='ocrx_word' id='word_1_873' title='bbox 2076 2941 2145 2978; x_wconf 84' lang='lat' dir='ltr'><em>ubi·</em></span> 
     </span>
     <span class='ocr_line' id='line_1_121' title="bbox 1274 2993 2147 3039; baseline -0.008 -5"><span class='ocrx_word' id='word_1_874' title='bbox 1274 3002 1322 3035; x_wconf 83' lang='lat' dir='ltr'><em>vis</em></span> <span class='ocrx_word' id='word_1_875' title='bbox 1331 3000 1590 3034; x_wconf 87' lang='lat' dir='ltr'><em>orthodoxorum</em></span> <span class='ocrx_word' id='word_1_876' title='bbox 1604 3024 1610 3030; x_wconf 90' lang='lat'>.</span> <span class='ocrx_word' id='word_1_877' title='bbox 1639 2997 1770 3031; x_wconf 81' lang='lat' dir='ltr'><em>Etenim</em></span> <span class='ocrx_word' id='word_1_878' title='bbox 1783 2998 1814 3030; x_wconf 89' lang='lat' dir='ltr'><em>se</em></span> <span class='ocrx_word' id='word_1_879' title='bbox 1827 3008 1892 3030; x_wconf 87' lang='lat' dir='ltr'><em>non</em></span> <span class='ocrx_word' id='word_1_880' title='bbox 1907 2994 1948 3029; x_wconf 84' lang='lat' dir='ltr'><em>ad</em></span> <span class='ocrx_word' id='word_1_881' title='bbox 1959 2993 2147 3039; x_wconf 75' lang='lat' dir='ltr'><em>generalem</em></span> 
     </span>
    </p>
   </div>
   <div class='ocr_carea' id='block_1_9' title="bbox 1254 3042 2185 3294">
    <p class='ocr_par' dir='ltr' id='par_1_45' title="bbox 1254 3042 2185 3294">
     <span class='ocr_line' id='line_1_122' title="bbox 1254 3042 2146 3092; baseline -0.011 -7"><span class='ocrx_word' id='word_1_882' title='bbox 1254 3051 1257 3082; x_wconf 72' lang='grc' dir='ltr'>ἓ</span> <span class='ocrx_word' id='word_1_883' title='bbox 1274 3052 1446 3092; x_wconf 86' lang='lat' dir='ltr'><em>synodum</em></span> <span class='ocrx_word' id='word_1_884' title='bbox 1462 3075 1472 3091; x_wconf 92' lang='lat'><em>,</em></span> <span class='ocrx_word' id='word_1_885' title='bbox 1498 3048 1549 3083; x_wconf 85' lang='lat' dir='ltr'><em>sed</em></span> <span class='ocrx_word' id='word_1_886' title='bbox 1562 3046 1601 3081; x_wconf 88' lang='lat' dir='ltr'><em>ad</em></span> <span class='ocrx_word' id='word_1_887' title='bbox 1615 3047 1735 3091; x_wconf 86' lang='lat' dir='ltr'><em>Julium</em></span> <span class='ocrx_word' id='word_1_888' title='bbox 1747 3046 1942 3080; x_wconf 84' lang='lat' dir='ltr'><em>Pontificem</em></span> <span class='ocrx_word' id='word_1_889' title='bbox 1961 3042 2146 3088; x_wconf 71' lang='lat' dir='ltr'><em>provocasse</em></span> 
     </span>
     <span class='ocr_line' id='line_1_123' title="bbox 1255 3093 2151 3152; baseline -0.01 -17"><span class='ocrx_word' id='word_1_890' title='bbox 1255 3101 1406 3152; x_wconf 57' lang='lat' dir='ltr'><em>{testatur</em></span> <span class='ocrx_word' id='word_1_891' title='bbox 1429 3097 1544 3134; x_wconf 73' lang='lat' dir='ltr'><em>assidue</em></span> <span class='ocrx_word' id='word_1_892' title='bbox 1566 3109 1602 3131; x_wconf 88' lang='lat' dir='ltr'><em>ac</em></span> <span class='ocrx_word' id='word_1_893' title='bbox 1623 3097 1737 3132; x_wconf 75' lang='lat' dir='ltr'><em>diserte</em></span> <span class='ocrx_word' id='word_1_894' title='bbox 1762 3098 1908 3141; x_wconf 80' lang='lat' dir='ltr'><em>Magnus</em></span> <span class='ocrx_word' id='word_1_895' title='bbox 1929 3093 2151 3129; x_wconf 50' lang='lat' dir='ltr'><em>Athanasiuss</em></span> 
     </span>
     <span class='ocr_line' id='line_1_124' title="bbox 1255 3141 2145 3185; baseline -0.011 0"><span class='ocrx_word' id='word_1_896' title='bbox 1255 3157 1258 3160; x_wconf 84' lang='grc'><strong>’</strong></span> <span class='ocrx_word' id='word_1_897' title='bbox 1275 3152 1319 3185; x_wconf 90' lang='lat' dir='ltr'><em>Et</em></span> <span class='ocrx_word' id='word_1_898' title='bbox 1340 3152 1381 3185; x_wconf 84' lang='lat' dir='ltr'><em>de</em></span> <span class='ocrx_word' id='word_1_899' title='bbox 1392 3148 1550 3184; x_wconf 83' lang='lat' dir='ltr'><em>Marcello</em></span> <span class='ocrx_word' id='word_1_900' title='bbox 1573 3149 1681 3181; x_wconf 84' lang='lat' dir='ltr'><em>scribit</em></span> <span class='ocrx_word' id='word_1_901' title='bbox 1700 3147 1741 3180; x_wconf 89' lang='lat' dir='ltr'><em>ad</em></span> <span class='ocrx_word' id='word_1_902' title='bbox 1762 3148 1835 3181; x_wconf 89' lang='lat' dir='ltr'><em>suos</em></span> <span class='ocrx_word' id='word_1_903' title='bbox 1855 3141 2042 3179; x_wconf 80' lang='lat' dir='ltr'><em>Monachos</em></span> <span class='ocrx_word' id='word_1_904' title='bbox 2055 3157 2066 3176; x_wconf 62' lang='grc' dir='ltr'><em>,ν</em></span> <span class='ocrx_word' id='word_1_905' title='bbox 2091 3142 2145 3175; x_wconf 79' lang='lat' dir='ltr'><em>Illo</em></span> 
     </span>
     <span class='ocr_line' id='line_1_125' title="bbox 1255 3182 2185 3241; baseline -0.013 -7"><span class='ocrx_word' id='word_1_906' title='bbox 1255 3182 1373 3234; x_wconf 67' lang='lat' dir='ltr'><em>lautem</em></span> <span class='ocrx_word' id='word_1_907' title='bbox 1397 3204 1519 3232; x_wconf 83' lang='lat' dir='ltr'><em>Romam</em></span> <span class='ocrx_word' id='word_1_908' title='bbox 1537 3198 1688 3240; x_wconf 69' lang='lat' dir='ltr'><em>profeHus</em></span> <span class='ocrx_word' id='word_1_909' title='bbox 1706 3196 1741 3241; x_wconf 88' lang='lat' dir='ltr'><em>se</em></span> <span class='ocrx_word' id='word_1_910' title='bbox 1763 3202 1939 3230; x_wconf 81' lang='lat' dir='ltr'><em>innocentem</em></span> <span class='ocrx_word' id='word_1_911' title='bbox 1955 3195 2050 3226; x_wconf 83' lang='lat' dir='ltr'><em>docuit</em></span> <span class='ocrx_word' id='word_1_912' title='bbox 2073 3217 2084 3233; x_wconf 96' lang='lat'>‚</span> <span class='ocrx_word' id='word_1_913' title='bbox 2110 3192 2144 3224; x_wconf 68' lang='grc' dir='ltr'><em>Θ</em></span> <span class='ocrx_word' id='word_1_914' title='bbox 2179 3198 2185 3203; x_wconf 89' lang='grc'>’</span> 
     </span>
     <span class='ocr_line' id='line_1_126' title="bbox 1255 3242 2146 3294; baseline -0.012 -9"><span class='ocrx_word' id='word_1_915' title='bbox 1255 3245 1309 3285; x_wconf 58' lang='grc' dir='ltr'><em>ι-ιιι</em></span> <span class='ocrx_word' id='word_1_916' title='bbox 1327 3252 1422 3294; x_wconf 78' lang='lat' dir='ltr'><em>juffus</em></span> <span class='ocrx_word' id='word_1_917' title='bbox 1442 3249 1480 3281; x_wconf 89' lang='lat' dir='ltr'><em>ab</em></span> <span class='ocrx_word' id='word_1_918' title='bbox 1505 3251 1565 3281; x_wconf 82' lang='lat' dir='ltr'><em>illis</em></span> <span class='ocrx_word' id='word_1_919' title='bbox 1585 3247 1710 3289; x_wconf 83' lang='lat' dir='ltr'><em>fuerat,</em></span> <span class='ocrx_word' id='word_1_920' title='bbox 1733 3245 1841 3290; x_wconf 80' lang='lat' dir='ltr'><em>scripto</em></span> <span class='ocrx_word' id='word_1_921' title='bbox 1862 3245 1947 3289; x_wconf 86' lang='lat' dir='ltr'><em>suam</em></span> <span class='ocrx_word' id='word_1_922' title='bbox 1964 3243 2058 3285; x_wconf 83' lang='lat' dir='ltr'><em>fidem</em></span> <span class='ocrx_word' id='word_1_923' title='bbox 2078 3242 2146 3275; x_wconf 79' lang='lat' dir='ltr'><em>red·</em></span> 
     </span>
    </p>
   </div>
   <div class='ocr_carea' id='block_1_10' title="bbox 335 3291 2146 3342">
    <p class='ocr_par' dir='ltr' id='par_1_46' title="bbox 335 3291 2146 3342">
     <span class='ocr_line' id='line_1_127' title="bbox 335 3291 2146 3342; baseline -0.006 -6"><span class='ocrx_word' id='word_1_924' title='bbox 335 3301 493 3340; x_wconf 69' lang='lat' dir='ltr'><em>adscribat</em></span> <span class='ocrx_word' id='word_1_925' title='bbox 515 3305 614 3335; x_wconf 78' lang='lat' dir='ltr'><em>etiarn</em></span> <span class='ocrx_word' id='word_1_926' title='bbox 634 3298 795 3333; x_wconf 79' lang='lat' dir='ltr'><em>Marcello</em></span> <span class='ocrx_word' id='word_1_927' title='bbox 807 3297 1015 3341; x_wconf 82' lang='lat' dir='ltr'><em>Ancyrano?</em></span> <span class='ocrx_word' id='word_1_928' title='bbox 1042 3299 1084 3332; x_wconf 90' lang='lat' dir='ltr'><em>D.</em></span> <span class='ocrx_word' id='word_1_929' title='bbox 1099 3297 1212 3332; x_wconf 86' lang='lat' dir='ltr'><em>Archi·</em></span> <span class='ocrx_word' id='word_1_930' title='bbox 1257 3307 1259 3311; x_wconf 93' lang='grc'><strong><em>·</em></strong></span> <span class='ocrx_word' id='word_1_931' title='bbox 1276 3303 1356 3334; x_wconf 79' lang='lat' dir='ltr'><em>didit</em></span> <span class='ocrx_word' id='word_1_932' title='bbox 1369 3326 1376 3332; x_wconf 88' lang='lat'>.</span> <span class='ocrx_word' id='word_1_933' title='bbox 1405 3299 1524 3342; x_wconf 80' lang='lat' dir='ltr'><em>Etejus</em></span> <span class='ocrx_word' id='word_1_934' title='bbox 1544 3297 1628 3342; x_wconf 84' lang='lat' dir='ltr'><em>apud</em></span> <span class='ocrx_word' id='word_1_935' title='bbox 1640 3299 1791 3332; x_wconf 72' lang='lat' dir='ltr'><em>Sannum</em></span> <span class='ocrx_word' id='word_1_936' title='bbox 1803 3294 2023 3339; x_wconf 87' lang='lat' dir='ltr'><em>Epiphanium</em></span> <span class='ocrx_word' id='word_1_937' title='bbox 2041 3291 2146 3334; x_wconf 82' lang='lat' dir='ltr'><em>appel-</em></span> 
     </span>
    </p>
   </div>
   <div class='ocr_carea' id='block_1_11' title="bbox 336 3347 1213 3402">
    <p class='ocr_par' dir='ltr' id='par_1_47' title="bbox 336 3347 1213 3402">
     <span class='ocr_line' id='line_1_128' title="bbox 336 3347 1213 3402; baseline -0.007 -15"><span class='ocrx_word' id='word_1_938' title='bbox 336 3353 503 3402; x_wconf 77' lang='lat' dir='ltr'><em>episcopus</em></span> <span class='ocrx_word' id='word_1_939' title='bbox 523 3349 718 3397; x_wconf 86' lang='lat' dir='ltr'><em>respondet:</em></span> <span class='ocrx_word' id='word_1_940' title='bbox 745 3351 858 3395; x_wconf 82' lang='lat' dir='ltr'><em>Magna</em></span> <span class='ocrx_word' id='word_1_941' title='bbox 877 3356 943 3382; x_wconf 83' lang='lat' dir='ltr'><em>erat</em></span> <span class='ocrx_word' id='word_1_942' title='bbox 949 3355 1004 3389; x_wconf 86' lang='lat' dir='ltr'><em>per</em></span> <span class='ocrx_word' id='word_1_943' title='bbox 1027 3347 1096 3387; x_wconf 80' lang='lat' dir='ltr'><em>istas</em></span> <span class='ocrx_word' id='word_1_944' title='bbox 1107 3356 1213 3390; x_wconf 82' lang='lat' dir='ltr'><em>tempe-</em></span> 
     </span>
    </p>
   </div>
   <div class='ocr_carea' id='block_1_12' title="bbox 1278 3342 2144 3439">
    <p class='ocr_par' dir='ltr' id='par_1_48' title="bbox 1278 3342 2144 3439">
     <span class='ocr_line' id='line_1_129' title="bbox 1278 3342 2144 3439; baseline -0.008 -55"><span class='ocrx_word' id='word_1_945' title='bbox 1278 3349 1412 3386; x_wconf 85' lang='lat' dir='ltr'><em>latorius</em></span> <span class='ocrx_word' id='word_1_946' title='bbox 1437 3349 1566 3384; x_wconf 83' lang='lat' dir='ltr'><em>libellus</em></span> <span class='ocrx_word' id='word_1_947' title='bbox 1605 3346 1757 3393; x_wconf 84' lang='lat' dir='ltr'><em>dirigitur</em></span> <span class='ocrx_word' id='word_1_948' title='bbox 1792 3346 1834 3384; x_wconf 82' lang='lat' dir='ltr'><em>ad</em></span> <span class='ocrx_word' id='word_1_949' title='bbox 1869 3342 2144 3439; x_wconf 55' lang='lat' dir='ltr'><em>solumBJuliJmt</em></span> 
     </span>
     <span class='ocr_line' id='line_1_130' title="bbox 2012 3398 2100 3430; baseline -0.091 0"><span class='ocrx_word' id='word_1_950' title='bbox 2012 3398 2070 3430; x_wconf 75' lang='lat' dir='ltr'><em>eati</em></span> <span class='ocrx_word' id='word_1_951' title='bbox 2087 3408 2100 3415; x_wconf 90' lang='lat'>-</span> 
     </span>
    </p>
   </div>
  </div>
 </body>
</html>
