2366 3756
639 138 750 180 C10
786 152 816 182 N
852 146 1175 183 enisam-M
1246 134 1288 183 R
1323 148 1354 176 o
1392 151 1424 178 M
1459 151 1488 178 A
1523 149 1554 179 N
1590 152 1617 178 υ
1656 150 1712 179 M.
1926 152 2012 194 105

622 255 626 259 ⁴
1199 217 1382 258 approbatur
1411 243 1421 258 ,
1443 217 1504 261 sed
1527 220 1728 253 condemnatis
1752 222 1867 253 omnino
1889 220 2083 258 simoniacis,

431 263 456 307 S
495 275 524 311 c
561 277 590 306 H
626 276 657 306 0
692 276 717 313 1„
740 311 742 314 y
762 277 778 312 1
823 276 854 308 0
891 275 948 311 N,
1201 268 1233 299 <5
1257 269 1461 301 indubitanter
1483 275 1560 303 inter
1584 272 1740 303 Haereticos
1759 270 1938 311 deputatis,
1957 268 2030 311 ficut
2051 274 2084 300 in

1197 318 1329 359 praefato
1349 318 1422 356 libro
1432 320 1612 362 digcffimus‚
1641 321 1708 359 licet
1730 331 1826 356 eorum
1839 322 2032 359 Sacramenta
2044 329 2084 351 ex

1200 366 1368 400 authentica
1389 370 1544 405 Ganonum
1563 370 1675 412 possent
1690 367 1844 411 sant‘lione
1864 369 1989 410 defendi
2012 391 2024 409 ‚
2049 376 2084 403 ut

1200 429 1247 450 eos
1265 427 1364 450 tamen
1376 421 1472 459 magis
1494 428 1529 454 ac
1539 424 1631 461 magis
1657 420 1805 457 Synodatis
1818 416 1953 461 Censura
1962 417 2084 459 confun-

1199 468 1300 505 deret,
1325 467 1507 508 constitutum
1528 466 1608 507 estin
1621 470 1775 508 Romano,
1796 467 1914 511 sanc‘lae
1935 474 2084 503 memoriae

1200 518 1324 554 Nicolao
1337 516 1532 557 Praelt'dente,
1561 518 1689 550 Concilio
1700 540 1712 557 ‚
1738 525 1770 548 ut
1784 525 1956 561 quicumque
1973 527 2027 561 per
2036 529 2084 552 eos

1199 576 1323 600 eatenus
1338 567 1462 609 fuiffent
1486 571 1518 604 in
1530 566 1688 608 cujuslibet
1708 565 1892 608 Ecclcss‘astici
1910 570 2027 611 gradus
2040 569 2084 601 di-

1195 623 1314 660 gnitate
1332 623 1458 658 promoti
1477 641 1487 657 ,
1514 622 1546 649 in
1568 622 1700 658 percepti
1711 615 1827 650 honoris
1850 616 2085 660 Minisierioper-

1199 676 1374 707 manerent,
1402 677 1439 705 ex
1464 675 1535 699 tunc
1557 669 1628 700 vero
1648 668 1682 701 (τ
1705 668 1839 708 deinceps
1864 672 2033 710 quicumque
2051 667 2085 710 se

1195 725 1351 759 pateretur
1373 720 1392 749 ᾱ
1413 718 1573 750 simoniaco
1589 716 1740 759 provebi,
1765 716 1843 751 nihil
1859 713 2031 759 penitus’ex
2049 728 2085 750 ea

1198 767 1315 801 deberet
1337 773 1521 810 promotione
1544 769 1680 808 lucrari,
1705 768 1739 801 (9·
1743 766 1784 811 fic
1804 767 1992 807 ministrandi
2012 770 2085 807 iura

1198 820 1376 859 deponeret,
1403 827 1558 861 tamquam
1572 817 1605 859 fi
1623 817 1686 852 baec
1708 817 1876 855 nullatenus
1898 818 2084 860 percepisset.

1199 874 1267 903 Hac
1289 873 1392 911 itaque
1414 875 1528 902 ratione
1531 870 1603 910 jam
1628 879 1685 902 non
1695 869 1779 901 modo
1796 869 1971 900 simoniacos
1991 876 2086 909 repro-

1198 917 1326 959 bamus,
1349 917 1405 961 sed
1427 920 1461 952 <J
1476 927 1532 961 per
1554 931 1601 952 eos
1622 918 1759 952 exhibita
1782 920 1973 951 sacramenta
1994 926 2088 952 conte·

1198 975 1328 1001 mnimus
1357 994 1363 1000 .
1392 968 1485 1003 Licet
1511 970 1601 1004 enim
1625 970 1692 1013 ipsa
1719 967 1930 1003 admittamus
1956 968 2088 1008 valida,

1198 1019 1244 1053 ita
1265 1029 1375 1053 tamen
1399 1019 1492 1052 omni
1516 1020 1721 1054 executionis
1742 1020 1796 1063 spe
1816 1018 1987 1057 exuimus,
2014 1017 2087 1053 acsi

1200 1068 1287 1103 nihii
1310 1067 1469 1102 haberent
1491 1070 1626 1103 valoris.
1654 1071 1754 1104 Hanc
1775 1071 1867 1103 suam
1890 1068 2087 1107 sententiam

1200 1119 1305 1154 asserit
1319 1119 1353 1151 in
1366 1118 1426 1152 hac
1447 1119 1584 1165 Synodo
1597 1119 1688 1154 fuiffe
1699 1121 1863 1159 firmatam
1877 1144 1884 1151 .

325 369 465 410 Ontisex
476 368 649 413 distinguit
665 366 825 410 triplicem
838 365 956 404 vitiatae
969 377 1022 411 per
1034 366 1141 400 Simo-

352 421 440 455 niam
452 417 669 459 ordinationis
679 419 817 461 speciem
831 440 841 456 ‚
867 416 908 450 de
919 429 982 460 qua
1006 418 1039 450 δε
1051 415 1138 460 apud

72 473 135 502 ¹·q·
151 472 206 497 hc·
252 471 452 511 Gratianum
476 469 595 511 scripsit
608 467 650 502 ad
673 478 789 501 omnes
802 467 1000 511 Episcopos:
1028 469 1139 500 Statui-

112 514 123 523 Ὗ
253 532 319 554 snus
342 525 497 558 Decretum
520 519 557 551 de
568 520 740 554 simoniacis
763 523 922 560 tripartita
948 516 1078 558 Haerest‘,
1104 517 1140 549 id

257 570 313 611 ist,
340 572 378 604 de
387 572 554 603 simoniacis
572 567 728 608 fimom‘ace‘·
747 568 964 600 ordinatoribus
987 569 1040 601 vel
1061 568 1139 600 orda

255 625 338 652 natis
352 644 364 659 ‚
389 622 423 653 ὠ·
434 621 471 653 de
486 621 663 651 simoniacis
676 617 830 660 Jt'moni'acc³
842 621 860 649 a
873 630 930 650 non
948 619 1116 657 simoniacis
1127 641 1137 656 ‚

254 674 286 703 Εἰ
299 671 335 702 de
345 672 518 701 simoniacis
543 680 600 701 non
616 667 768 708 simoniace
792 670 811 701 ἃ
826 670 1001 702 Simoniacis
1014 693 1021 700 .
1048 669 1138 700 Simo·>

252 718 488 760 niacifimoniace
500 720 632 752 ordinati
649 718 700 750 vel
712 720 896 751 ordinatores
904 716 1069 759 secundum
1079 719 1137 749 Ec-

252 767 411 809 cleffirsticos
427 774 562 802 canones
586 770 606 800 ἃ
612 774 733 810 proprio
744 769 843 812 gradu
859 770 1002 801 decidant
1014 793 1021 800 .
1048 770 1138 800 simo·

252 825 331 852 niaci
342 829 454 862 quoque
457 817 610 859 simoniaci.⁵
622 820 641 850 ἃ
653 830 710 862 non
723 817 885 862 simoniacis
900 819 1033 851 ordinati
1038 816 1139 859 fimili-

251 878 296 903 ter
309 869 347 902 ab
368 869 453 910 officio
475 869 553 901 male*
569 877 685 911 accepto
705 878 934 902 removeantur.
962 871 1138 901 simoniacos

250 928 351 956 autem
362 917 580 960 nonfimoniace‘
602 920 622 950 ἃ
633 921 802 952 simoniacis
815 919 967 951 ordinatos
979 916 1139 961 misericor-

249 970 329 1004 diter
348 976 404 1010 per
416 979 525 1001 manus
538 968 741 1010 impositionem
761 977 819 1011 pro
829 975 966 1010 temporis
979 969 1138 1007 neceffitate

249 1024 282 1051 in
293 1019 380 1060 officio
389 1020 569 1051 concedimus
577 1026 753 1060 permanere
765 1044 772 1051 .
803 1018 920 1052 Primae
942 1030 979 1052 ac
992 1020 1062 1052 secu
1070 1017 1138 1056 ndaej

247 1068 363 1109 speciei
386 1068 594 1103 simoniacos
618 1069 680 1103 effe
702 1079 762 1102 nec
784 1068 1011 1113 degradandos
1036 1093 1048 1108 ,
1077 1079 1138 1102 nec

246 1117 480 1161 dispensatorie
503 1119 543 1155 ad
555 1120 681 1162 accepti
694 1118 820 1153 ordinis
835 1118 1068 1153 executionem
1083 1118 1138 1153 ad.-

245 1166 448 1211 mittendos,
475 1168 737 1206 constantissime
752 1180 830 1203 tunc
851 1179 1027 1203 tenuerunt
1043 1168 1137 1211 pluri-

245 1219 291 1251 mi
306 1217 465 1252 Dostores
488 1218 710 1263 &Episcopiz
738 1218 910 1261 Ejusmodi
925 1217 1067 1253 Ordines
1080 1218 1136 1252 du·

245 1267 365 1301 cebant
376 1268 507 1311 penitus
528 1268 658 1310 irritos,
687 1269 828 1314 ideoque
838 1281 910 1305 non
923 1269 1145 1311 dispensatio.

246 1329 312 1357 ne,
339 1317 392 1351 sed
415 1316 668 1357 solaiteratione
689 1319 907 1363 reparandos.
936 1320 1028 1357 Idem
1043 1318 1136 1353 multi

247 1365 420 1402 censebant
441 1367 482 1406 de
506 1368 599 1402 tertia
622 1370 750 1411 specie,
776 1370 808 1405 δε
831 1370 955 1402 multos
978 1368 1138 1415 reordina-

246 1427 343 1451 runt.
372 1416 440 1455 Res
464 1417 530 1451 visa
555 1417 704 1452 tunc’est
727 1416 810 1454 adeo
833 1415 997 1460 implexa,
1023 1427 1059 1450 nt
1080 1427 1139 1459 pro

247 1466 453 1509 impetrando
480 1467 566 1500 circa
588 1467 688 1509 ipsam
701 1466 818 1503 divino
831 1465 1138 1511 luminegeneraies

244 1516 308 1549 toti
331 1513 572 1547 Christianitati
588 1525 697 1554 preces
718 1509 873 1546 Romana
887 1515 999 1555 ‚Saneti
1011 1514 1137 1545 Leonis

243 1562 328 1597 noni
351 1561 506 1606 Synodus
530 1559 706 1596 indixerit.
733 1559 872 1606 Duplex·
894 1571 963 1599 erat
978 1559 1135 1604 quaestio:

244 1614 303 1647 An
317 1611 507 1651 Simoniace
519 1611 664 1649 ordinati
687 1611 788 1645 essent
799 1610 1055 1657 dispensationis
1068 1620 1138 1654 gra·

243 1663 289 1698 tia
302 1661 452 1697 donandi
465 1686 476 1706 ,
501 1662 536 1700 ἀ
546 1662 618 1705 quis
645 1661 709 1696 effe
721 1659 848 1696 deberet
863 1660 1056 1699 donationis
1068 1670 1137 1695 mo-

244 1711 328 1747 dus?
355 1712 465 1748 Solam
480 1712 609 1746 tertiam
629 1712 769 1756 speciem
793 1712 855 1745 effe
869 1711 964 1746 venia
986 1712 1019 1745 &
1032 1710 1135 1756 gratia

243 1761 382 1808 dignam
403 1762 579 1797 censebant
602 1773 717 1801 omnes
735 1787 746 1803 ,
774 1761 887 1799 verum
913 1772 998 1795 nova
1010 1759 1139 1809 ordina-

246 1813 342 1851 tione
365 1813 428 1852 esse
438 1824 521 1856 opus
533 1813 697 1858 negabant
722 1813 778 1849 alii
791 1837 801 1853 ,
816 1811 1084 1853 ¹aliiconssanter
1093 1810 1139 1845 af-

246 1862 423 1901 firmabant
449 1875 458 1908 3
500 1862 725 1900 ,simoniacum
754 1862 958 1906 Episcopum
988 1863 1139 1896 assevera-

247 1912 326 1948 bant
339 1913 542 1950 Haereticum
556 1937 567 1953 ,
593 1912 733 1955 ideoque
754 1912 862 1950 solum
886 1911 1084 1954 baptismum
1096 1910 1138 1945 ab

249 1963 321 2007 ipso
343 1960 450 1998 valide
471 1962 561 1996 dari.
589 1962 632 2000 Et
648 1961 766 1996 horum
782 1963 977 1997 sententiam
988 1962 1075 2006 sequi
1095 1961 1140 1996 vi-

1254 1170 1408 1216 Qatuor
1431 1169 1534 1213 igitur
1547 1169 1688 1208 Decreta
1707 1170 1813 1204 sanxit
1836 1171 1971 1213 praesens
1983 1169 2091 1213 Syno-

1200 1219 1279 1254 dus.
1307 1218 1422 1252 Primo
1446 1243 1456 1258 ‚
1484 1219 1593 1266 primas
1617 1230 1653 1253 ac
1677 1219 1824 1253 secundae
1847 1219 1962 1262 speciei
1985 1219 2090 1253 Simo-

1204 1271 1337 1309 maces,
1364 1269 1489 1303 censuit
1510 1269 1720 1313 omnigratia
1744 1269 1923 1315 indignos,
1950 1265 2090 1311 ideoque

1202 1321 1266 1357 sine
1278 1319 1371 1352 omni
1391 1319 1605 1362 reparationis
1618 1320 1672 1363 spe
1683 1318 1767 1361 juffit
1780 1330 1911 1354 manere
1931 1317 2090 1363 perpetuo

1202 1368 1396 1413 degradatos
1411 1391 1421 1406 ‚
1449 1378 1505 1401 aut
1529 1368 1641 1410 potius
1665 1368 1800 1402 nulliter
1820 1368 2008 1407 ordinatos.
2036 1369 2090 1402 Se-

1202 1417 1315 1453 cundo
1329 1442 1339 1457 ,
1367 1416 1470 1451 tertiae
1482 1417 1597 1460 speciei
1607 1416 1652 1450 ob
1665 1417 1809 1452 nimium
1821 1418 1889 1460 ejus
1902 1428 2090 1457 numerum,

1202 1469 1237 1501 &
1246 1469 1407 1501 summam
1429 1467 1657 1509 legitimorum
1669 1467 1876 1501 Clericorum
1888 1467 2035 1510 inopiam
2047 1468 2092 1502 fe-

1202 1515 1248 1547 cit
1269 1514 1410 1557 gratiam
1434 1513 1687 1555 dispensationis
1711 1526 1718 1544 :
1741 1515 1804 1552 'Ne
1828 1516 1980 1550 videlicet
2002 1527 2093 1551 totus

1205 1560 1447 1596 Ecclesiasticus
1469 1561 1554 1598 ordo
1575 1571 1762 1604 corrueret,
1786 1563 1820 1597 δε
1841 1574 1955 1599 omnes
1979 1567 2095 1608 paffim

1203 1611 1353 1646 Ecclefiae
1363 1611 1432 1650 fine
1443 1611 1632 1647 Ministerio
1641 1612 1865 1648 desererentur
1877 1639 1884 1646 .
1913 1615 1952 1649 Se
1965 1627 2034 1650 non
2051 1616 2095 1649 le-

1203 1674 1279 1708 gem
1291 1661 1457 1702 condere,
1485 1662 1539 1698 sed
1553 1664 1659 1699 facere
1678 1659 1818 1710 gratiam
1830 1689 1843 1711 2
1869 1665 2004 1708 operose
2023 1676 2097 1710 pro-

1202 1712 1338 1747 testatur
1359 1724 1367 1744 :
1395 1710 1502 1760 Qod
1528 1711 1653 1749 scilicet
1676 1713 1758 1750 huic
1782 1714 1966 1749 clementiae
1988 1715 2095 1760 plures

1202 1762 1359 1806 Episcopi
1372 1763 1405 1798 se
1428 1762 1642 1805 objecissent.
1672 1764 1771 1800 Adeo
1781 1763 1924 1804 difficilis
1934 1775 2096 1801 erattunc

1202 1813 1400 1857 dispensatio
1416 1838 1423 1844 .
1451 1811 1575 1847 Tertio
1587 1838 1599 1854 ‚
1611 1813 1731 1848 horum
1741 1815 2000 1858 dispensatorum
2011 1828 2097 1850 reor«

1202 1863 1411 1898 dinationem
1433 1872 1523 1899 vetat
1537 1864 1714 1907 Synodus:
1744 1863 1849 1911 Qod
1864 1865 1979 1908 nempe
1990 1867 2096 1901 Simo-

1203 1913 1306 1948 niacis
1318 1913 1488 1959 Episcopis
1511 1912 1692 1950 abundaret
1708 1925 1790 1949 tunc
1813 1914 1956 1950 Ecclesia
1970 1941 1981 1957 ‚
2010 1917 2044 1950 ὅ(
2056 1915 2098 1950 ab

1202 1964 1276 2008 ipsis
1296 1963 1443 2008 gratuito
1467 1963 1613 2001 ordinari
1637 1965 1747 2000 nullus
1772 1964 1838 1999 huc
1862 1967 1962 2009 usque
1974 1966 2097 2001 Canon

247 2013 342 2051 detur
357 2014 391 2047 in
406 2012 546 2050 laudatis
568 2012 686 2048 litteris
700 2012 861 2051 Nicolaus
873 2012 1057 2054 Pontifex,
1082 2021 1139 2046 ter·
1202 2013 1560 2058 aperteinterdixiffet.
1591 2015 1746 2063 Quarto,
1772 2015 1933 2059 ejusmodi
1944 2016 2098 2061 deinceps

248 2063 330 2099 tiam
343 2063 482 2109 speciem
506 2062 867 2108 indulgens-reparari,
893 2062 1141 2106 verumperma-
1201 2063 1429 2099 ordinationes
1449 2064 1618 2102 damnavit
1653 2079 1661 2098 z
1690 2067 1734 2101 Et
1756 2067 1927 2111 utipalarn
1938 2067 2100 2102 concubi-

247 2125 303 2149 nus
314 2112 521 2156 imposicionem
536 2138 543 2149 ,
557 2115 639 2150 Dies
652 2112 850 2157 diei-crustat
863 2113 998 2148 verbum
1012 2139 1018 2145 .
1047 2113 1140 2146 Hinc
1204 2114 1288 2148 narii
1299 2113 1483 2156 Presbyteri
1517 2115 1651 2153 Missam
1664 2116 1792 2158 audiri,
1820 2118 1864 2152 ita
1875 2117 1981 2160 palam
1993 2118 2099 2153 Simo!

248 2165 389 2199 meliora
412 2164 547 2198 edoctus
574 2165 610 2199 in
635 2164 784 2208 praesenti
808 2162 968 2206 Synodali
997 2163 1140 2194 Decreto
1204 2163 1292 2195 niaci
1323 2162 1478 2204 Episcopi
1504 2164 1657 2197 manibus
1679 2165 2028 2202 &consecrationibus
2047 2180 2097 2203 ve·

251 2214 379 2246 nullam
403 2213 556 2248 iterandae
577 2211 798 2247 ordinationis
810 2210 1016 2246 mentionem
1042 2210 1143 2249 fecit,
1204 2212 1268 2246 tuit
1295 2211 1553 2245 communicari:
1582 2211 1753 2254 Ejusmodi
1779 2225 1822 2248 ex
1842 2223 1924 2253 tunc
1944 2215 2098 2251 ordinan-

253 2261 323 2295 imo
348 2262 451 2307 ipsam
475 2261 667 2295 interdixit.
695 2260 852 2294 Testatur
873 2257 937 2293 hoc
962 2262 997 2295 in
1009 2258 1141 2302 Appen·
1202 2261 1265 2295 dos
1287 2261 1397 2294 omnis
1409 2261 1658 2306 dispensationis
1680 2262 2005 2310 &gratiaeindignos
2027 2267 2098 2302 red.

251 2312 325 2345 dice
346 2311 387 2345 ad
409 2310 603 2357 opusculum
624 2309 850 2342 Gratissimum
874 2310 1007 2342 Sanssus
1023 2309 1141 2345 Petrus
1202 2308 1288 2344 didit
1311 2309 1344 2342 &
1358 2309 1544 2355 incapaces.
1577 2311 1620 2347 Et
1635 2312 1782 2349 notanda
1796 2314 1871 2348 sunt
1890 2313 1957 2350 haec
1970 2315 2096 2352 laudati

253 2360 434 2398 Damiani‚·
458 2362 596 2406 Tempore
605 2359 726 2392 Nicolai
740 2357 919 2393 venerabilis
936 2361 1031 2400 Papae
1044 2383 1056 2399 ‚
1076 2370 1142 2391 rur·
1203 2359 1295 2397 Petri
1319 2359 1432 2393 verba:
1463 2358 1684 2404 Dispensatorio
1701 2365 1832 2405 'quodam
1845 2366 1918 2405 jure
1938 2376 2095 2411 utrumque

249 2410 302 2458 sus
314 2410 377 2444 haec
397 2409 513 2453 quaeflio
538 2418 619 2445 mota
629 2409 691 2450 est,
718 2419 751 2442 ac
765 2409 879 2442 diutius
891 2409 1059 2444 ventilata·
1089 2413 1119 2442 V
1117 2421 1145 2442 ev
1198 2409 1238 2453 fit
1264 2415 1296 2442 in
1304 2416 1471 2452 praeteritis
1493 2419 1617 2452 ratum,
1643 2404 1801 2459 defuturis
1814 2413 1856 2457 fit
1868 2421 1986 2451 omnino
1993 2419 2095 2460 prohi-

254 2463 320 2495 rum
329 2459 388 2502 post
400 2461 508 2495 multos
533 2465 726 2493 certaminum
744 2458 850 2502 flul'lus
865 2482 874 2497 ,
897 2459 959 2500 post
972 2465 1143 2492 nutantium

254 2513 378 2552 denique
402 2510 594 2555 quaestionum
609 2511 756 2551 perplexa
776 2520 810 2541 ac
827 2507 943 2553 sinuosa
965 2511 1117 2542 volumina
1132 2535 1143 2552 ‚

255 2563 300 2595 ad
308 2562 383 2593 bunc
395 2561 519 2595 tandem
522 2561 680 2600 judicialis
685 2558 845 2602 sententiae
855 2558 980 2593 limitem
996 2571 1041 2592 res
1053 2568 1143 2601 expe·
1200 2560 1224 2604 s
1223 2570 1278 2594 unt
1290 2584 1299 2600 ,
1319 2560 1464 2603 fiquidem
1470 2562 1600 2602 probare
1605 2570 1759 2605 potuerint
1765 2565 1799 2609 se
1808 2589 1819 2605 ,
1845 2568 1909 2600 cum
1920 2570 2091 2604 ordinaren-

255 2613 321 2645 dita
341 2615 481 2654 pervenit
504 2634 516 2650 ‚
542 2618 576 2643 ut
598 2608 739 2642 hafflcnsss
763 2611 782 2640 ἆ
814 2611 985 2642 simoniacis
1004 2612 1141 2653 gratuito
1183 2619 1188 2667 ι
1207 2621 1254 2644 tur
1269 2636 1280 2651 ,
1305 2622 1355 2644 eos·
1376 2609 1489 2654 nescisse
1509 2615 1707 2655 simoniacos,
1737 2617 1842 2650 &tum
1859 2626 1916 2659 pro
1928 2619 2091 2654 Catholicis

256 2659 411 2705 consecrati
430 2665 462 2692 in
477 2661 596 2702 adeptae
619 2660 779 2703 dignitatis
805 2658 910 2692 bonore
933 2658 1117 2700 perfisterent
1130 2685 1140 2700 ,
1185 2672 1188 2694 ι
1207 2661 1390 2694 habebantur
1413 2667 1445 2694 in
1461 2663 1587 2705 Ecclesia
1600 2690 1610 2704 ,
1635 2667 1743 2698 talium
1766 2668 1966 2701 ordinationes
1979 2669 2094 2713 miseri-

260 2712 380 2746 necdum
391 2713 463 2746 vero
470 2716 598 2752 promoti
608 2732 618 2748 ,
643 2710 682 2743 ab
695 2711 753 2742 illis
766 2710 809 2742 ad
817 2710 948 2742 ordinem
955 2709 1083 2752 provebi
1103 2711 1142 2744 dc
1207 2712 1334 2746 corditer
1341 2710 1517 2754 sustinemus
1532 2738 1541 2752 ‚
1561 2713 1593 2754 fi
1601 2722 1702 2750 tamen
1712 2715 1871 2749 laudabilis
1881 2729 1928 2751 eos
1939 2724 2007 2751 vita
2018 2731 2090 2753 com-

258 2771 361 2794 caetcro
372 2762 520 2796 licentiam
531 2771 589 2793 non
602 2759 759 2795 haberent.
795 2758 977 2803 Hacscilicet
986 2758 1141 2800 confideret·
1205 2763 1349 2794 mendat.
1379 2764 1443 2805 ,Qui
1463 2766 1535 2796 vero
1543 2762 1669 2804 fi·ienter
1688 2763 1936 2807 sed-simoniacis
1947 2768 2091 2812 consecra-

260 2817 336 2844 tione
355 2808 478 2854 servata
492 2835 501 2850 ,
527 2820 560 2843 ut
571 2821 623 2844 nec
642 2820 699 2852 pro
707 2808 871 2851 severitate
890 2808 1048 2853 sententia
1060 2819 1140 2844 totus
1206 2817 1255 2851 ri,
1279 2813 1336 2844 imo
1358 2818 1490 2846 execrari
1505 2814 1580 2855 paffi
1593 2812 1667 2856 sient
1690 2839 1702 2855 ,
1729 2827 1826 2850 eorum
1846 2817 2087 2862 consecrationem

1207 2460 1321 2495 bitum,
1351 2459 1498 2504 Exponit
1523 2461 1656 2497 Urbani
1681 2464 1814 2499 secundi
1829 2465 2023 2502 Placentina
2037 2470 2094 2513 Sy·
2118 2461 2190 2500 ΕΞΡ·
2209 2468 2258 2499 34·

1209 2510 1317 2545 nodus
1333 2524 1343 2543 :
1371 2513 1402 2542 5i
1421 2517 1471 2553 qui
1492 2513 1512 2543 ἃ
1525 2514 1696 2547 simoniacis
1724 2526 1781 2548 non
1787 2514 1941 2557 simoniace*
1960 2520 2093 2553 ordinati

254 2859 342 2903 fimul
363 2859 569 2902 Ecclefiasticus
580 2861 649 2893 ordo
667 2868 811 2893 corrueret
825 2884 835 2899 ‚
863 2867 975 2900 necpro
986 2863 1140 2901 remiffione
1205 2864 1321 2895 omnint)
1345 2867 1467 2895 irritam
1487 2863 1538 2906 effi?
1563 2865 1764 2899 decernimus.
1794 2867 1875 2901 Haec
1888 2893 1899 2908 ‚
1927 2870 2060 2912 inquam
2076 2896 2087 2912 ‚

260 2914 421 2945 clementia·
449 2913 611 2944 simoniaca
633 2910 718 2954 pestis
742 2915 772 2941 in
796 2910 981 2951 conferendis
1001 2909 1140 2944 honorum
1208 2911 1315 2947 nostra
1339 2915 1473 2956 praesens
1493 2913 1670 2956 synodus,
1697 2927 1734 2949 ac
1745 2927 1785 2950 ex
1811 2918 1875 2962 ipsa
1888 2920 2020 2954 Sanstus
2030 2920 2089 2956 Pe-

258 2960 403 3004 gracr'ibus
428 2965 493 2995 vim
514 2960 622 2994 roboris
643 2960 781 2993 obtineret
804 2984 815 3000 ‚
842 2958 1053 3003 dispensatorio
1073 2973 1140 3003 quo·
1205 2973 1268 2998 trus
1279 2963 1457 3003 Damiani‚
1485 2963 1572 2998 solos
1586 2962 1649 2999 huc
1664 2966 1908 3013 usqueapaiam
1927 2970 2089 3006 Simonia-

264 3013 336 3044 dam
349 3013 419 3052 jure
438 3020 592 3053 utrumque
608 3009 646 3050 sit
662 3016 693 3042 in
713 3016 881 3054 praeteritis
894 3019 996 3043 ratum
1007 3035 1018 3052 ‚
1044 3012 1081 3044 de
1087 3011 1140 3053 fu·
1205 3013 1250 3046 cis
1264 3013 1434 3057 Episcopis
1447 3025 1513 3048 non
1527 3014 1703 3052 fimoniace
1713 3016 1884 3053 ordinatos
1895 3018 2040 3054 admittit
2051 3030 2088 3055 ut

1205 3061 1351 3103 validos,
1379 3061 1532 3107 deinceps
1554 3063 1682 3099 dandos
1701 3066 1831 3103 ordines
1851 3070 1960 3104 censet
1980 3070 2088 3104 irritos

1204 3112 1237 3146 &
1252 3113 1377 3147 nullos.
1405 3113 1491 3149 Inter
1516 3114 1692 3149 toleratum
1719 3115 1760 3150 ab
1776 3117 1916 3153 Ecclesia
1931 3143 1940 3159 ,
1968 3119 2001 3153 &
2014 3132 2089 3163 prae-

1206 3162 1307 3196 cisum
1329 3164 1381 3196 seu
1404 3164 1598 3197 damnatum
1620 3165 1810 3202 Ministrum
1823 3167 1994 3212 distinguit
2008 3182 2085 3204 cum

1207 3214 1323 3246 Sansto
1338 3212 1545 3257 Augustino:
1576 3215 1650 3249 licet
1665 3225 1800 3261 uterque
1812 3229 1926 3261 pravus
1937 3218 1974 3252 sit
1989 3244 1998 3259 ‚
2026 3221 2086 3253 soli

1206 3271 1314 3295 tamen
1338 3262 1631 3306 posterioridivina
1652 3265 1704 3299 lex
1717 3276 1803 3301 vetat
1825 3268 1858 3300 in
1872 3268 2087 3303 Sacramentis

1206 3312 1459 3346 communicari.
1489 3313 1601 3348 Palam
1615 3314 1823 3351 Simoniacos
1834 3341 1843 3357 ,
1869 3329 1951 3360 quos
1963 3317 2025 3353 huc
2039 3320 2088 3351 us-

1208 3373 1271 3408 que
1293 3361 1443 3398 tolerarat
1468 3363 1606 3401 Ecclesia
1620 3389 1631 3407 ‚
1661 3367 1837 3411 Episcopos
1853 3367 1915 3410 jam
1928 3368 2088 3402 abscindit

1907 3417 1940 3451 &
1953 3415 2039 3452 dam·

263 3066 338 3094 turis
350 3060 387 3104 fit
398 3063 513 3094 omnino
521 3059 705 3101 prohibitum
718 3084 726 3091 .
753 3059 797 3093 Et
809 3060 841 3093 in
864 3060 979 3094 litteris
990 3059 1030 3094 ad
1043 3061 1141 3095 Cives

263 3111 494 3145 Florentinos:
522 3113 567 3142 Et
587 3109 650 3143 haec
672 3134 684 3151 ‚
710 3109 751 3144 de
773 3110 888 3146 validis
901 3110 1141 3145 Haereticorum

82 3153 146 3184 Lib,
169 3158 195 3183 3·
264 3160 478 3195 sacramentis
500 3159 654 3204 dogmata
670 3183 680 3199 ‚
706 3171 762 3194 non
773 3166 888 3194 noviter
900 3172 938 3195 ex
952 3160 1046 3200 nostra
1057 3171 1144 3195 teme·

85 3196 133 3231 hp.
153 3205 195 3225 ¹¹'
263 3218 353 3244 ritate
376 3211 579 3249 decrevimus,
605 3208 660 3253 sed
681 3220 718 3243 ex
735 3207 903 3254 sanllorum
927 3209 1143 3244 Catholicorum

266 3265 394 3294 Patrum
409 3259 579 3296 aic‘ioritate
585 3262 654 3301 jam
668 3262 792 3295 Decreta
798 3259 956 3302 firmamus
973 3287 979 3294 .
1009 3263 1102 3304 ‚Quod
1111 3267 1143 3293 in

265 3311 360 3343 libello
381 3321 491 3352 quoque
512 3334 522 3350 ‚
547 3315 591 3345 cui
616 3333 627 3351 ,
655 3311 838 3351 Gratifflmus
862 3334 873 3350 ,
899 3322 1003 3346 nomen
1031 3312 1143 3345 indidi-

264 3372 329 3398 mus
342 3386 352 3403 ‚
378 3362 480 3395 multis
499 3366 571 3396 novi
591 3360 626 3393 (5⁸
648 3365 757 3395 veteris
776 3360 948 3401 Testamenti
970 3359 1140 3402 testimoniis
