2366 3756
169 899 238 938 gap.
259 911 304 940 49-

165 2043 190 2078 1²·-
200 2045 261 2084 640..
275 2060 283 2074 2

168 2457 229 2491 Lib.
247 2463 279 2491 6.

170 2507 231 2544 περ.
242 2502 272 2531 6.

169 2614 246 2653 Cap„
258 2623 286 2648 7·

176 2961 260 2995 1912,-
285 2969 300 2993 .²

178 3150 259 3183 Tem.
278 3150 302 3178 8.

417 177 483 218 16
796 162 1249 210 Vre-tonis

348 251 470 287 linari,
502 250 623 282 Bonum
641 247 682 282 ’6,
693 257 848 293 congruum
856 245 894 283 esi
903 245 1057 289 chariffime
1059 244 1182 286 frater,
1202 243 1231 285 fi
1243 251 1252 277 <

347 299 415 342 fieri
436 300 610 335 &inveniri
630 298 724 341 potest
739 323 750 337 ‚
774 295 964 336 utproveo‘lae
986 301 1087 329 aetatis
1113 297 1147 328 (5
1160 294 1228 328 boni

350 350 503 390 testimonii
516 352 578 383 virt
590 372 600 388 ,
623 350 718 389 Juxta
732 348 882 378 sacrorum
895 344 1204 388 Canonuminstituta
1215 369 1227 387 ‚

347 401 524 436 ordinentur
548 399 715 433 Sacerdotes
729 420 737 427 .
763 397 795 429 si
819 404 920 429 autem
941 396 1063 434 minime*
1074 401 1224 436 reperiun-

348 457 422 488 tur,
447 450 467 480 ἃ
489 450 748 489 vigintiquinque
771 451 861 478 annis
886 443 1020 488 &supra
1047 449 1167 478 Levitae
1195 446 1246 490 (ἕνῃ

345 500 513 533 Sacerdotes
524 496 698 529 ordinentur
712 519 722 535 ,
750 496 997 537 quemadmodum
1014 502 1045 529 in
1055 497 1115 539 lege
1127 493 1246 542 Domi-,l

349 554 383 582 ni
402 552 580 580 continetur.
607 545 697 589 Lege
724 544 875 580 Mosaica
897 571 904 578 .
934 545 1118 579 Nobiscum
1146 545 1244 603 assir-f

348 604 416 632 mat
439 594 668 639 Apostolicum
693 594 781 629 hunc
803 596 976 630 Canonem
989 607 1028 629 ex
1049 596 1243 639 synagoga:

346 646 388 681 ad
410 644 587 680 Ecclesiam
612 645 774 679 devenisse
795 670 802 677 .
831 645 908 688 Ejus
930 645 996 688 jam
1017 645 1141 680 diuum
1166 645 1224 679 sub

345 695 568 739 Merovingiis
594 694 740 740 Regibus
762 695 886 738 lapsum
907 696 1001 739 plene
1038 705 1224 739 repararunt

345 746 381 780 in
406 746 470 779 suis
489 743 730 788 capitularibus
755 745 892 780 Carolus
916 746 1085 790 Magnus,
1106 745 1174 787 ejus
1188 746 1221 778 in

344 796 440 832 variis
462 794 603 838 Synodis
617 796 766 838 Episcopi
782 820 792 835 ,
818 806 855 830 ac
870 795 1040 838 praesertim
1054 807 1108 838 per
1122 796 1223 830 Fran-

342 845 550 881 cofordiense
575 845 766 880 Concilium
791 844 984 888 Apostolica
1011 844 1149 879 Adriani
1163 846 1223 888 pri-

343 897 391 931 mi
406 896 546 940 Legatio
561 910 571 929 t
598 899 644 930 Dc
666 895 845 934 Presbyter-is
857 905 928 928 ante
955 894 1132 939 trigefimum
1145 904 1217 928 aeta-

343 951 386 982 tis
409 958 522 978 annum
537 957 594 978 non
618 947 797 980 ordinandis
810 970 817 977 .
844 945 999 988 Ejusdem
1013 946 1083 988 post
1098 955 1219 988 patrata

343 997 379 1033 in
399 997 592 1029 Formosum
605 996 804 1030 Pontificem
816 995 964 1030 scandala
977 995 1134 1039 relapsum
1148 1007 1218 1038 prae-

343 1045 413 1082 sens
426 1047 542 1080 iterum
555 1047 672 1081 Canon
686 1056 823 1080 conatur
835 1057 975 1089 reparare
988 1072 995 1083 .

393 1096 481 1130 Tres
504 1097 577 1129 sunt
600 1094 855 1139 Neophytorum
879 1097 1019 1139 species:
1047 1094 1218 1138 Neophyti

341 1157 384 1184 ex
409 1144 608 1191 gentilibus,
638 1145 810 1189 Neophyti
836 1158 877 1179 ex
915 1146 1023 1180 Laicis
1039 1169 1051 1186 ,
1075 1157 1112 1180 ac
1133 1147 1218 1179 Neo-

342 1195 438 1239 phyti
453 1208 494 1230 ex
508 1198 613 1239 pueris
628 1221 638 1237 ,
666 1207 747 1240 quos
758 1197 867 1230 Patres
881 1206 1000 1230 vocant
1014 1196 1218 1230 maledictam

342 1245 483 1280 haerefim
506 1257 680 1290 puerorum
707 1272 714 1279 .
744 1246 888 1280 Primam
910 1246 1047 1280 Nicaena
1072 1270 1083 1286 ,
1110 1247 1218 1280 secun-

338 1298 418 1331 dam
443 1296 654 1336 sardicensis,
683 1297 809 1330 tertiam
835 1307 914 1331 tunc
934 1295 1041 1331 adhuc
1055 1295 1218 1333 novellam

337 1347 481 1389 speciem
507 1345 639 1381 damnat
662 1345 729 1380 haec
741 1347 847 1380 nostra
868 1347 1043 1389 synodus,
1069 1354 1219 1379 conatur-

339 1405 406 1436 que
417 1397 552 1429 evellere
562 1420 569 1428 .
597 1395 731 1427 Etenim
745 1405 813 1427 non
836 1395 880 1426 ita
895 1394 1019 1436 pridem
1033 1394 1218 1426 Graecorum

338 1444 525 1486 ·1mperator
555 1443 730 1476 Romanus
769 1442 962 1484 Lacapenus
995 1441 1100 1475 filium
1125 1443 1218 1475 suum

340 1492 638 1533 Theophylaetum
649 1489 756 1525 adhuc
770 1499 902 1532 puerum
920 1498 1045 1522 curarat
1057 1490 1218 1522 consecra·

340 1541 370 1579 xi
382 1541 416 1574 in
428 1541 617 1574 Diaconum
631 1564 641 1579 ,
652 1539 837 1574 nominarat
850 1540 884 1571 in
898 1535 1118 1573 Patriarcham
1131 1537 1218 1570 Con-

338 1590 671 1633 stantinopolitanum
682 1614 693 1631 ‚
718 1587 753 1626 &
763 1588 892 1622 decimo
912 1589 1004 1622 sexto
1014 1587 1118 1621 aetatis
1129 1598 1218 1621 anno

342 1640 462 1679 fecerat
487 1640 668 1675 consecrari
687 1664 695 1672 .
725 1638 768 1672 Et
788 1638 921 1682 quidem
955 1649 1011 1682 per
1037 1636 1217 1673 simoniam

339 1691 570 1728 confidentiae.
597 1688 702 1736 Qod
722 1689 811 1722 enim
823 1688 978 1722 defuncto
999 1686 1165 1730 Stephano
1176 1689 1219 1721 se-

341 1741 455 1776 cundo
484 1738 758 1783 Theophylastus
782 1738 896 1773 decem
915 1738 1089 1773 dumtaxat
1113 1747 1218 1773 annos

337 1790 476 1827 —haberet
489 1815 499 1831 ‚
525 1787 692 1832 Tryphon
706 1787 893 1822 Monachus
905 1789 949 1822 est
966 1787 1097 1822 interim
1110 1787 1142 1820 in
1157 1786 1218 1820 Ca-

341 1839 494 1878 tliedram
506 1840 648 1873 intrusus
660 1863 671 1879 ,
696 1849 733 1873 ea
748 1838 820 1883 lege
832 1848 869 1872 ut
879 1838 949 1882 post
967 1836 1158 1872 sexennium
1172 1848 1219 1872 ce-

338 1892 432 1925 deret
442 1888 700 1934 Theophyladio
710 1913 718 1921 .
742 1889 804 1923 Rei
818 1889 931 1922 seriem
941 1888 1036 1922 latius
1048 1898 1218 1931 exponunt

341 1939 492 1979 Michael
506 1940 630 1983 Glycas
643 1963 654 1980 ,
666 1937 903 1975 Constantinus
914 1938 1088 1979 Manaffes,
1098 1937 1132 1972 δὲ
1143 1949 1218 1972 cum

297 1986 299 1989 ⁴
342 1992 419 2026 nliis
432 1991 623 2025 Graecorum
636 1989 845 2032 scriptoribus
858 1988 1021 2034 Georgius
1033 1987 1196 2023 Cedrenus
1208 2013 1219 2029 ‚

340 2042 402 2087 qui
413 2039 562 2086 adjungit
582 2052 590 2072 ε
617 2045 765 2074 Caeterum
775 2038 861 2082 quafi
858 2038 890 2081 fi
896 2047 1011 2080 tempus
1020 2043 1051 2070 in
1063 2049 1094 2071 eo
1105 2038 1219 2071 labora-

342 2101 412 2132 ret,
435 2102 468 2125 ut
476 2089 585 2134 summi
604 2090 760 2133 Pontifices
783 2088 914 2133 ejusdem
919 2088 1079 2131 sententiae
1089 2099 1216 2122 crearen-

343 2150 394 2176 tur
418 2167 429 2183 ‚
455 2145 599 2176 Romame
629 2138 763 2182 Ecclefiae
784 2141 883 2173 eodem
902 2147 1030 2179 tempore
1052 2138 1219 2179 Praefec‘lus

335 2191 406 2238 fuit
416 2194 562 2236 Junnts
587 2189 712 2224 elberici
730 2187 809 2230 filius
822 2211 834 2227 ,
859 2185 942 2219 bomo
953 2188 996 2218 ad
1005 2197 1117 2219 omnem
1132 2185 1186 2228 las
1183 2192 1220 2218 ci·

342 2247 429 2276 viam
450 2242 484 2274 6·
505 2241 654 2272 malinam
669 2234 829 2278 propensus
851 2258 862 2273 ,
888 2246 972 2276 quem
992 2235 1068 2266 otho
1091 2239 1219 2267 Franco-

342 2302 412 2325 rum
423 2293 586 2330 Imperator
595 2286 711 2327 expulit
731 2308 742 2324 ‚
767 2285 915 2326 aliumque
926 2282 1059 2325 Ecclefiae
1073 2283 1219 2322 Pastorem

344 2339 491 2381 “nstituit
512 2363 519 2370 .
547 2335 579 2371 Is
604 2336 666 2370 suit
692 2334 834 2379 Ioannes
857 2332 1094 2372 duodecimus,
1119 2342 1217 2376 quem

345 2388 489 2426 omnino
508 2386 616 2422 adhuc
629 2385 722 2420 fuifl‘e
743 2394 876 2429 puerum
897 2384 1030 2418 testatur
1049 2383 1218 2425 Luitpran·

346 2440 408 2476 dus
418 2438 607 2472 Ticinenfis
619 2462 626 2469 .
657 2434 807 2470 Eundem
830 2433 920 2478 quod
933 2443 1092 2468 annorum
1106 2431 1218 2466 decem

347 2490 549 2534 Episcopum
572 2488 606 2521 in
617 2485 804 2520 Tudertina
817 2485 948 2519 civitate
960 2482 1135 2518 ordinasset
1147 2505 1157 2520 ‚
1183 2482 1216 2515 in

348 2539 503 2575 Romana
531 2537 617 2580 apud
637 2536 777 2571 eundem
812 2532 1054 2577 Luitprandum
1079 2531 1218 2576 Synodo

347 2589 505 2624 accusavit
530 2586 723 2622 Benedictus
746 2585 929 2619 cardinalis
949 2609 956 2617 .
984 2583 1082 2617 Circa
1104 2581 1219 2616 eadem

348 2649 494 2682 tempora
516 2637 555 2672 ad
567 2637 750 2670 Matrinum
762 2635 994 2668 Ferrariensem
1020 2633 1217 2675 Episcopum

344 2689 466 2733 scripsit
487 2687 663 2724 Ratherius
688 2697 729 2719 ex
753 2684 906 2719 Lobiensi
933 2680 1104 2716 Monacho
1144 2681 1219 2725 Epi·

348 2740 464 2781 scopus
485 2736 703 2772 Veronensis:
731 2733 863 2776 Ecclefiae
885 2731 988 2773 vestrae
1005 2731 1065 2774 filii
1076 2731 1160 2765 vobis
1172 2733 1219 2764 de-

349 2787 476 2821 trabunt
489 2811 499 2826 ,
524 2786 670 2827 praecipue
682 2785 718 2817 de
729 2783 963 2817 ordinationibus
970 2790 1126 2824 puerorum
1138 2781 1219 2814 illici-

350 2842 412 2878 tis,
440 2838 613 2878 adjicientes
638 2834 717 2876 quod
733 2839 824 2867 etiam
843 2841 899 2875 pro
919 2837 1016 2875 pretio
1035 2842 1088 2865 eas
1110 2855 1120 2870 ,
1144 2831 1222 2872 quod

353 2889 550 2922 simoniacum
562 2884 599 2926 est
610 2908 620 2923 ,
643 2886 785 2925 perpetuo
791 2882 919 2924 faciatis
933 2908 940 2914 .
969 2881 1083 2914 Exstat
1097 2881 1218 2923 Episto-

348 2937 382 2975 la
403 2935 436 2969 in
449 2935 623 2979 spicilegio
645 2933 739 2966 Lucae
752 2931 924 2966 Dacherii.
950 2930 1088 2965 Nobiles
1109 2941 1222 2974 pueru-

352 2987 403 3020 los
422 2997 490 3021 non
513 2983 640 3018 tanturn
667 2984 700 3016 in
725 2982 870 3016 Clericos
885 3006 895 3022 ‚
922 2980 1086 3015 sedetiam
1099 2980 1132 3013 in
1147 2980 1220 3023 Epi-

353 3037 469 3079 scopos
490 3044 568 3067 tunc
590 3032 699 3077 paffim
724 3032 814 3066 fuisse
839 3032 1040 3065 consecratos
1059 3055 1071 3071 ,
1097 3029 1218 3064 ibidem

352 3087 546 3120 lamentatur
558 3084 591 3116 in
614 3081 748 3115 libro-de
761 3080 991 3116 Ecclefiasticis
1004 3079 1148 3123 pressuris
1160 3078 1219 3114 At-

353 3145 389 3171 to
403 3135 581 3178 Episcopus
591 3131 821 3166 Vercellonfis.
850 3132 916 3164 Eos
929 3130 1065 3163 affirmat
1078 3130 1139 3163 esse
1150 3129 1219 3164 ido·

354 3187 385 3220 la
408 3185 442 3219 in
467 3183 617 3217 Ecclefiis
639 3195 646 3214 ;
674 3180 802 3223 Nempe
821 3181 870 3214 uti
898 3179 985 3214 idola
1009 3180 1042 3213 in
1065 3190 1220 3223 corpore,

354 3235 399 3274 ita
413 3233 446 3268 hi
461 3240 588 3277 propter
601 3232 755 3275 puerilem
769 3230 986 3274 ignorantiam
995 3229 1030 3263 in
1043 3241 1149 3264 mente
1166 3228 1223 3263 ha·

355 3284 433 3319 bent
457 3283 592 3322 oeulos,
617 3282 729 3314 &non
756 3280 887 3313 vident.
917 3279 959 3313 Et
980 3278 1057 3313 hinc
1081 3280 1120 3313 de
1144 3279 1220 3313 Bru-

355 3345 444 3368 none
466 3357 477 3373 ,
503 3330 652 3367 Lotharii
673 3331 870 3364 Francorum
902 3329 1003 3373 Regis
1028 3330 1223 3372 consangui-

356 3395 442 3423 neo,
468 3383 503 3415 &
524 3383 580 3419 suo
601 3391 657 3423 per
678 3379 783 3423 ipsum
809 3379 1011 3424 Lingonenfi
1035 3380 1220 3422 Episcopo,

355 3432 444 3483 quod
468 3430 720 3472 consecrationis
741 3438 886 3479 tempore
908 3427 1040 3469 haberet
1060 3440 1165 3465 annos
1179 3429 1226 3463 vi-

1322 163 1782 207 secu-unt*

1288 244 1373 288 ginti
1395 253 1557 288 quatuor,
1581 242 1636 277 fibi
1647 243 1833 288 gratulatur.
1849 242 2042 281 chronicon
2055 243 2165 282 saum

1291 294 1431 338 Benigoi
1455 293 1667 327 Divio‘nenfis
1690 317 1697 326 .
1726 295 1769 328 Et
1800 293 1843 331 de
1867 294 2047 332 Heriberto
2065 290 2168 331 Viro·
2184 285 2292 319 A'930·

1290 345 1455 379 mandenfi
1476 344 1610 380 Comite
1624 368 1635 384 ‚
1660 345 1759 387 &per
1784 345 1889 388 ipsum
1909 344 2045 380 seductis
2065 344 2164 381 Atto·

1290 406 1332 429 ne
1352 394 1565 431 Sueffionensi
1577 418 1588 434 ‚
1613 394 1646 428 δε
1658 394 1796 429 Bovone
1820 393 2073 431 Cathalaunenfi
2087 396 2165 440 Epi-

1291 446 1387 487 scopo
1398 467 1409 484 ,
1437 443 1547 479 scribit
1559 445 1592 476 in
1605 444 1771 478 Remensis
1786 444 1935 478 Ecclefiae
1946 441 2079 483 historia
2090 445 2165 478 Flo-

1289 495 1450 532 dpardus:
1478 498 1549 527 Atto
1567 494 1601 526 (Β
1622 496 1708 528 Bovo
1730 494 1878 531 Heribertl
1896 493 1993 535 filium
2014 517 2026 533 ,
2029 523 2038 545 t
2050 500 2166 528 nomine
2184 521 2235 553 Kb

1290 549 1439 588 Hugonem
1461 569 1474 586 ‚
1510 545 1668 579 admodum
1691 545 1855 586 parvulum
1881 568 1892 584 ,
1921 549 1970 586 qui
1997 553 2049 576 nec
2066 531 2309 602 adhuncgp‘f'm

1288 600 1482 636 quinquennii
1504 602 1619 636 tempus
1645 595 1800 638 expleffet,
1827 594 1938 637 eligunt
1951 598 1983 626 in
1994 592 2168 636 Remensem
2310 588 2318 595 ’

1288 643 1536 688 archiepiscopum
1559 669 1566 678 ‚
1594 642 1698 678 Addit
1719 644 1915 678 electionem
1937 654 2006 678 non
2035 642 2166 679 tantum

1285 695 1302 727 ὲ
1314 693 1495 736 Rudolpho
1506 694 1703 728 Francorum
1716 693 1808 740 Rege
1820 718 1831 734 ,
1858 693 1910 727 sed
1922 693 2024 729 etiam
2035 691 2053 725 ὲ
2066 694 2166 737 Joan-

1287 756 1328 778 ne
1349 743 1479 780 decimo
1499 743 1661 779 Pontifice
1683 744 1775 779 fuisse
1795 742 2025 787 dispensatorie
2047 743 2168 778 confir·

1286 804 1422 829 matam·
1445 792 1631 831 ,Adversum
1653 793 1751 828 hosce
1773 793 1887 828 abusus
1903 818 1913 834 ,
1938 793 1994 837 qui
2015 791 2086 835 post
2110 803 2165 837 pa-

1285 853 1367 879 trata
1391 845 1427 878 in
1454 844 1646 878 Formosum
1670 843 1867 879 Pontificem
1894 842 2045 878 scandala
2067 841 2166 879 intra·

1285 905 1360 930 runt
1383 894 1538 932 Latinam
1559 894 1753 936 Ecclesiam,
1779 893 1886 929 editus
1906 892 1951 930 est
1973 891 2028 926 hic
2055 892 2164 928 noster

1284 944 1404 982 Canon
1416 969 1425 977 .
1687 978 1690 981 ,
1811 964 1813 966 »
2104 976 2107 979 Δ

1334 994 1459 1029 Verum
1484 995 1570 1039 ipsos
1591 1006 1660 1030 non
1672 995 1829 1032 exstinxit
1843 1020 1850 1028 .
1878 993 2012 1029 Etenim
2022 992 2164 1028 Guiliel-

1283 1055 1373 1081 mum
1395 1044 1697 1089 Rothomagensem
1719 1045 2011 1089 Archiepiscopum
2034 1068 2045 1085 ,
2071 1042 2163 1088 quod

1278 1103 1437 1136 puerorum
1454 1093 1652 1138 spurcitiam,
1677 1106 1758 1131 nova
1777 1107 1812 1130 ac
1835 1096 1975 1128 inaudita
1997 1092 2163 1135 Neophyto-

1282 1156 1345 1178 rum
1367 1144 1469 1187 haeredi
1485 1144 1675 1179 cathedram
1695 1144 1902 1189 Episcopalem
1930 1143 2160 1188 usurpantium,

1283 1195 1357 1228 licet
1383 1194 1576 1238 aliquandiu
1599 1195 1772 1230 toleratam
1793 1220 1804 1236 ,
1830 1194 1963 1230 tandem
1983 1191 2169 1236 aliquando*

1280 1244 1418 1287 ejeciss'et
1443 1256 1484 1278 ex
1502 1245 1697 1280 Lexovienfi
1711 1245 1871 1286 Ecclesia,
1900 1243 2012 1279 laudat
2027 1243 2163 1277 Sanetus

1282 1294 1340 1328 lvo
1352 1295 1533 1338 Episcopus
1546 1295 1753 1330 Carnutenfis
1765 1320 1773 1328 .
1785 1294 1888 1343 Qod
1906 1293 2045 1337 ejecisset
2056 1293 2165 1326 Flam·
2182 1313 2231 1348 ΕΡ.
2244 1320 2307 1347 149·

1281 1350 1404 1387 migeros
1419 1352 1525 1386 pueros
1546 1370 1558 1386 ,
1583 1346 1617 1381 Θ·
1641 1352 1742 1379 virum
1759 1345 1912 1386 strenuum
1935 1345 1970 1379 (ν
1991 1342 2164 1382 honestum,
2184 1351 2233 1390 Ep,
2254 1360 2297 1382 10·

1283 1396 1441 1425 Dominum
1454 1396 1640 1424 Guilielmum
1659 1393 1868 1434 Ebroicensem
1890 1393 2132 1427 archidiaconum
2149 1415 2161 1432 ‚

1281 1447 1314 1474 in
1332 1440 1494 1483 praedic‘lae
1516 1437 1648 1479 Ecclesiae
1672 1438 1821 1479 Pastorem
1842 1441 1981 1483 elegisset.
2000 1441 2173 1475 <Flammis

1281 1499 1434 1531 gerorum
1459 1499 1633 1529 puerorum
1655 1498 1760 1531 genus
1779 1490 1814 1521 δε
1826 1489 1952 1523 facinus
1971 1489 2109 1529 exponit
2123 1490 2162 1525 in

1282 1536 1375 1570 novis
1397 1535 1439 1570 ad
1461 1534 1570 1570 Sentii
1593 1535 1704 1569 lvonis
1725 1534 1877 1579 epistolas
1898 1535 2002 1570 Notis
2020 1535 2162 1578 Ioannes

1282 1584 1424 1629 Baptista
1437 1584 1638 1620 Souchetus:
1667 1588 1724 1619 Ivo
1739 1584 1846 1619 alludit
1865 1583 2043 1629 adipsorum
2056 1597 2162 1630 cogno·

1281 1647 1348 1669 men
1363 1660 1370 1668 .
1397 1639 1479 1668 Erat
1492 1641 1570 1668 enim
1581 1634 1740 1677 Radulpbt'
1751 1636 1944 1669 Flammardi
1955 1658 1967 1674 ,
1991 1642 2042 1678 qui
2054 1638 2159 1680 Angli:

1281 1687 1392 1719 dicitur
1415 1686 1558 1718 Flamma
1579 1710 1589 1725 ,
1616 1684 1814 1727 Dunelmenfis
1838 1684 1977 1728 Epifiopi
1991 1685 2051 1728 filit
2070 1710 2082 1727 ,
2107 1691 2161 1729 qui

1282 1748 1361 1769 nova
1382 1736 1567 1769 &inaudita
1579 1733 1808 1779 praefitmptione
1819 1747 1867 1769 eos
1892 1741 1925 1768 in
1946 1734 2166 1779 Lexwiensem*

1281 1784 1439 1827 Ecclesiam
1464 1785 1581 1828 Pastore
1594 1796 1719 1821 vacuom
1734 1784 1895 1829 intrusi’rat
1912 1809 1923 1826 ,
1946 1786 2115 1822 ,duodennes
2124 1785 2161 1817 li-

1280 1845 1346 1876 cet,
1373 1833 1501 1880 ipsosque
1529 1843 1561 1869 ut
1580 1834 1612 1877 fi
1624 1840 1709 1879 prior
1733 1835 1866 1878 deficeret
1880 1859 1891 1874 ,
1916 1835 1991 1869 alter
2006 1834 2162 1878 substitue·

1279 1895 1372 1926 retur,
1387 1885 1471 1928 quasi
1478 1885 1667 1920 haereditario
1673 1888 1744 1927 ‚iure
1750 1884 1880 1930 sufficere
1892 1885 2040 1919 nitebatur
2050 1910 2057 1917 .
2072 1885 2160 1921 Eun-

1281 1936 1356 1971 dem
1379 1935 1597 1971 Guilielmum
1620 1936 1662 1971 ad
1682 1936 1778 1980 coepti
1800 1935 1906 1978 operis
1926 1935 2159 1979 perfestionem

1281 1985 1428 2021 hortatur
1442 1986 1498 2020 lvo
1522 1987 1558 2020 in
1579 1986 1642 2020 alia
1667 1986 1747 2022 item
1761 1985 1927 2029 Epistola,
1952 1983 2090 2019 carnalis
2102 1994 2161 2026 po-

1281 2036 1434 2082 lygamiae
1454 2036 1578 2071 crimen
1602 2046 1796 2082 exaggerat,
1824 2036 1858 2070 ὅ(
1872 2034 2058 2069 concludit:
2090 2035 2160 2066 Eli-

1281 2093 1409 2121 minetur
1420 2099 1484 2131 ergo
1510 2088 1548 2121 de
1559 2085 1737 2128 Lexovienfi
1742 2084 1866 2127 Ecclesia
1879 2083 2031 2126 Ranulfus
2045 2083 2156 2119 Dunel-

1279 2136 1380 2178 mensis
1393 2135 1554 2180 Episcopus
1568 2162 1578 2178 ,
1603 2139 1637 2172 (5
1651 2140 1791 2181 Digamia
1805 2147 1861 2169 non
1871 2136 2052 2168 admittatur
2066 2158 2073 2165 .
2089 2134 2158 2166 Eli-

1279 2191 1430 2218 minentur
1437 2193 1523 2226 pueri
1535 2189 1600 2226 eius
1611 2211 1622 2227 ,
1645 2196 1678 2219 ut
1691 2185 1910 2228 neophytorum
1930 2183 2044 2226 haerefis
2055 2182 2158 2223 exstir-

1274 2243 1363 2275 petur
1374 2259 1381 2266 .
1409 2234 1454 2267 Et
1465 2235 1499 2266 in
1513 2233 1630 2267 litteris
1643 2235 1683 2268 ad
1694 2235 1879 2269 Robettum
1892 2234 2063 2268 Comitem
2073 2231 2156 2266 Mel·
2165 2254 2225 2290 Ep.
2238 2261 2269 2287 15
2274 2261 2302 2289 3·

1279 2282 1464 2315 lentinum:
1493 2284 1574 2323 ,ραι
1585 2288 1661 2313 ratio
1672 2306 1683 2321 ,
1708 2295 1776 2323 quae
1787 2284 1836 2316 lex
1849 2287 2002 2323 permittit
2015 2305 2027 2320 ‚
2051 2290 2085 2314 ut
2095 2283 2157 2315 Ra·

1280 2329 1382 2372 nulfus
1398 2328 1593 2370 Dunelmenfis
1606 2329 1772 2372 Episcopus
1783 2330 1820 2362 de
1830 2329 1956 2370 Ecclesia
1966 2331 2089 2362 alterius
2102 2333 2158 2364 Re-
2174 2332 2223 2369 Ep.
2241 2339 2303 2367 ¹5⁴⁶

1276 2387 1331 2424 gni
1354 2380 1398 2414 ad
1406 2379 1500 2412 aliam
1512 2378 1669 2421 Ecclefiam
1691 2376 1825 2422 transeat
1838 2402 1848 2418 ,
1874 2379 1908 2411 &
1920 2379 2003 2412 velut
2024 2381 2158 2421 quadam

1279 2429 1467 2463 moechationc
1473 2427 1642 2472 praesentiae
1647 2427 1711 2472 suae
1726 2453 1737 2469 ,
1763 2428 1816 2462 vel
1818 2427 1947 2470 filiorum
1954 2427 2073 2471 suorum
2084 2439 2159 2461 occu-

1276 2486 1399 2522 patione
1411 2478 1622 2522 Lexoviensem
1634 2478 1789 2520 Ecclefiam
1796 2486 1854 2520 pet·
1868 2479 2041 2512 violentiam
2052 2479 2156 2521 Angli-

1279 2537 1304 2563 εὶ
1326 2533 1414 2574 Regis
1437 2530 1568 2564 invadat
1581 2530 1597 2562 ,2
1624 2528 1762 2563 Roberti
1782 2526 1866 2571 apud
1887 2527 2069 2561 Henricum
2094 2529 2155 2571 pri·

1281 2591 1371 2614 mum
1393 2579 1522 2623 Regem
1542 2591 1580 2613 ac
1602 2579 1637 2613 in
1652 2576 1944 2623 omniAnglorum
1967 2574 2089 2622 Regno
2099 2588 2155 2611 au-

1281 2628 1469 2664 thoritatem
1484 2629 1635 2672 praedicat
1645 2652 1656 2668 ,
1684 2629 1822 2671 ideoque
1835 2627 2003 2671 peripsum
2021 2627 2155 2670 impedi·

1281 2681 1308 2714 ri
1330 2679 1394 2713 haec
1415 2689 1508 2723 rogat
1521 2702 1531 2719 ,
1556 2680 1590 2713 &
1604 2677 1838 2712 Ecclesiasticas
1852 2678 1869 2710 a
1881 2677 1994 2711 sanetis
2005 2676 2154 2711 Patribus

1282 2729 1414 2764 traditas
1435 2752 1446 2768 ,
1471 2740 1508 2762 ac
1529 2729 1547 2762 a
1574 2727 1758 2763 Catholicis
1782 2726 1929 2771 Regibus
1947 2725 2153 2761 confirmatas

1282 2780 1370 2825 leges
1391 2777 1473 2813 adeo
1485 2777 1570 2813 foede
1581 2789 1648 2812 non
1674 2776 1867 2821 perturbari.
1897 2776 2007 2811 Etiam
2018 2773 2154 2811 Pascha-

1282 2830 1345 2863 lem
1368 2828 1544 2863 secundum
1557 2827 1751 2862 Pontificem
1767 2827 1908 2871 scripsit:
1936 2831 1973 2859 1n
1983 2834 2062 2859 terra
2073 2829 2154 2860 Nor·

1281 2890 1455 2913 marmorum
1465 2879 1509 2911 itti
1519 2877 1835 2919 manifesteprostituta
1848 2876 1885 2917 est
1898 2875 2020 2917 Ecclesia
2031 2900 2042 2916 ,
2068 2883 2102 2909 ut
2111 2876 2154 2908 de

1281 2941 1316 2963 ea
1337 2929 1415 2962 illud
1437 2928 1639 2970 Propheticum
1658 2928 1719 2960 dici
1738 2928 1820 2968 poffit
1836 2951 1846 2967 ‚
1873 2923 2152 2959 PECCATUM

1281 2981 1302 3014 S
1315 2979 1353 3013 U
1369 2977 1409 3013 U
1422 2978 1460 3011 M
1498 2978 1649 3013 SICUT
1676 2975 1878 3012 SODOMA
1906 2974 2154 3009 PRAEDICA·

1281 3026 1516 3064 VERUNT.
1544 3028 1636 3071 ,Quod
1654 3033 1687 3061 in
1712 3024 1839 3068 Ecclefia
1862 3024 2037 3066 Lexovienfi
2046 3026 2151 3058 Pater·

1280 3084 1361 3111 nitas
1383 3076 1478 3117 vestra
1486 3084 1596 3119 poterit
1617 3075 1768 3121 agnofiere
1781 3099 1792 3116 ,
1814 3088 1903 3119 quam
1908 3078 1978 3117 jam
1984 3084 2040 3118 per
2049 3075 2151 3116 plures

1280 3140 1373 3161 annos
1396 3127 1569 3169 Ranulpbus
1596 3133 1748 3171 agnomine
1770 3127 1985 3160 Flammardus
2006 3148 2016 3164 ,
2043 3124 2152 3158 Dunel-
2213 3158 2218 3165 ,

1280 3176 1381 3219 menfis
1407 3176 1572 3220 Episcopus
1594 3201 1605 3217 ,
1630 3178 1765 3210 inaudito
1787 3175 1944 3219 invasionis
1950 3185 2059 3218 genere
2075 3184 2153 3206 occu·
2169 3156 2322 3196 ¹39¹st'157'

1277 3233 1390 3270 pavit,
1416 3233 1466 3268 qui
1492 3229 1562 3260 duos
1583 3227 1660 3269 filios
1680 3226 1748 3270 suos
1771 3231 1828 3260 vix
1850 3225 2017 3258 duodennes
2037 3231 2152 3264 accepto

1284 3276 1422 3320 pastorali
1444 3276 1544 3310 baculo
1563 3278 1584 3309 ἃ
1605 3280 1717 3310 Comite
1739 3281 1975 3310 Normannorum
1992 3273 2150 3315 praedmae

1283 3326 1416 3368 Ecclefiae
1436 3328 1547 3360 intrudi
1561 3326 1660 3368 fecit,
1687 3338 1722 3360 ea
1742 3325 1899 3360 condItione
1920 3332 1954 3355 ut
1959 3322 1988 3364 si
1999 3329 2151 3366 primo-ge-

1285 3383 1365 3410 nitus
1385 3386 1564 3417 moreretur,
1586 3378 1616 3420 J
1619 3378 1720 3411 udaico
1741 3385 1817 3410 more
1833 3376 1922 3407 alteri
1925 3372 2149 3416 subrogaretur.

1284 3428 1378 3472 ,Quod
1400 3437 1463 3462 cum
1495 3431 1612 3473 partim
1636 3425 1795 3463 dolentibus
1820 3447 1832 3467 ,
1863 3428 1981 3471 partim
2015 3423 2150 3506 deiide&

2021 3478 2045 3509 ti
2064 3481 2098 3508 ut
