2366 3756
863 122 1362 171 Dte-rArti‘si

209 223 260 249 rat
271 239 282 255 ‚
292 222 329 248 ut
339 210 484 246 Eusebio
496 209 725 253 superintrusus
740 209 922 254 Episcopus
933 209 1082 251 Dorylaei

208 263 384 298 Ecclesiam
408 271 478 295 non
488 259 645 295 desineret
671 259 812 294 vastare.
838 259 932 292 Hinc
955 258 1084 303 igitura

205 315 336 357 Magno
367 312 481 346 Leone
505 311 644 355 permoti
672 308 925 345 Valentinianus
950 309 1084 348 tertius,

205 363 303 396 Galla
316 361 462 396 Placidia
473 385 485 403 ‚
513 373 550 396 ac
563 360 692 395 Licinia
711 358 864 393 Eudoxia
887 357 1084 392 Theodosio

204 413 399 457 Imperatori
417 411 679 446 demonstrarunt
690 409 707 442 a
719 408 848 453 Magno
860 408 1084 443 Constantino

1856 135 1947 171 261

1146 221 1212 242 mus
1240 207 1403 252 Episcopus
1415 208 1601 243 Antiochenae
1612 212 1761 243 Civitatis
1781 217 1869 243 extra
1889 210 1954 245 baec
1963 211 2020 253 est.

1149 258 1190 292 Et
1208 259 1383 293 Anatolius
1406 260 1794 303 Constantinopolitanus
1820 261 2000 305 Episcopus
2013 276 2025 296 .·
2041 251 2159 284 Astdo·

1147 310 1311 351 Definimus
1334 308 1414 342 nibil
1431 309 1531 342 borum
1544 313 1648 344 valere
1667 322 1734 353 quae
1745 316 1777 344 1'n
1791 312 1844 344 illa
1858 335 1868 353 ‚
1895 324 1963 354 quae
1981 315 2026 352 s,-

1150 361 1243 392 nodus
1256 363 1383 398 dicitur,
1404 357 1476 401 sunt
1486 360 1637 400 confi-ova,
1666 359 1798 402 nifiillud
1818 368 1894 395 circa
1900 361 2029 406 fanals-

1147 409 1246 447 fimum
1275 414 1442 442 Maximum
1468 432 1478 448 ,
1503 414 1624 453 Magnae
1653 410 1841 446 Antiochenae
1877 416 2028 446 civitatis

204 464 240 498 &
253 461 490 497 Succefforibus
500 461 650 505 deinceps
661 460 823 494 Romanis
844 458 1004 503 Augustis
1017 471 1083 492 non
1148 458 1349 502 Episcopum,
1375 464 1511 502 quoniam
1534 462 1568 494 &
1582 458 1774 502 sanc'i‘iffimus
1798 465 1855 495 Leo
1873 465 2028 496 Romanus

203 513 413 548 solummodo
433 510 672 547 orthodoxum
693 510 816 554 dogma
845 533 856 549 ,
892 510 944 543 sed
982 510 1082 543 etiam
1150 508 1386 552 Archiepiscopus
1400 516 1431 542 in
1441 517 1667 543 communionem
1688 522 1754 543 eum
1763 516 1924 553 recipiens,
1947 521 2027 555 prae-

203 563 367 598 Romanae
388 561 561 596 Cathedrae
584 562 767 606 supremum
789 559 968 593 Primatum
993 561 1085 593 fuiffe
1133 529 1198 602 ¹effe
1217 560 1452 593 antiochenorum
1458 567 1603 602 praecepit
1619 559 1771 602 Ecclefiae.
1794 560 1837 594 Et
1848 561 2031 605 Stephanus

204 611 459 647 constantiffime
494 612 662 645 defensum
689 634 700 651 ‚
732 610 765 643 ὅ(
791 609 953 643 donatum
991 610 1085 653 plena
1150 609 1331 653 Episcopus
1360 608 1590 652 Ephesiorum:
1617 613 1662 643 Et
1685 622 1734 654 ego
1753 611 1882 651 judico,
1908 620 1942 644 ut
1963 624 2031 654 quae

204 663 323 707 agendi
346 662 517 703 libertate,
543 662 758 704 supplicarunt
781 658 846 693 haec
868 659 999 704 vestigia
1014 671 1080 694 non
1147 670 1251 692 contra
1262 663 1398 692 Canones
1420 664 1451 691 in
1463 659 1610 701 Ephefina
1635 661 1788 702 Metropoli
1801 658 2034 703 fac‘lasuntin-

204 713 332 753 deseri,
360 712 498 755 ideoque
519 712 636 745 saneto
659 710 766 744 Leoni
794 710 936 751 permitti
965 711 1086 743 avitam
1142 709 1325 753 fringantur
1341 733 1350 748 ‚
1375 716 1507 749 exceptis
1530 709 1576 743 bit
1599 721 1667 752 quae
1687 709 1769 753 gesta
1785 709 1856 753 fiant
1881 712 2032 745 adversas

204 762 396 798 facultatem
417 762 457 796 de
480 760 545 796 fide
567 762 600 795 &
620 758 844 795 Sacerdotibus
864 760 1027 802 judicare,
1053 761 1087 793 &
1152 764 1295 792 Damnum
1319 758 1506 792 Antiochenae
1528 764 1679 793 Civitatis
1710 759 1909 802 Episcopum,
1936 761 1970 794 ob
1983 761 2034 795 hoc

203 812 248 848 ab
269 813 330 846 illo
353 812 462 847 datam
487 823 545 854 pro
567 812 684 846 Sansto
701 810 862 844 Flaviano
891 810 1086 844 sententiam
1150 816 1220 852 quia
1243 811 1391 842 ordinatio
1405 813 1535 843 Maximi
1552 809 1643 851 falla
1659 817 1756 851 proco
1768 811 1918 843 canonice
1931 816 1963 842 in
1977 815 2035 843 An-

204 873 276 898 non
301 863 364 895 sisti
385 872 439 904 per
463 861 571 905 leges,
597 861 647 894 sed
673 861 789 894 servari
811 861 970 905 integram
989 870 1087 904 atque
1150 859 1281 893 riochena
1305 861 1483 901 Metropoli,
1509 861 1528 892 ἃ
1537 859 1711 903 [ὶιηέῖνζθῐνηο
1736 858 1952 902 Arcbiepifiopo
1965 863 2036 893 Leo-

203 913 337 948 illaesam
348 937 356 944 .
388 910 511 944 Verum
524 912 540 942 a
554 909 761 954 Chrysaphio
776 910 940 944 Eunucho
953 911 1088 944 circum-

203 963 341 1005 scriptus
360 958 568 994 Theodosius
580 985 591 1000 ,
617 961 773 1004 rescripsit
797 961 940 994 omnino
959 960 976 992 a
990 961 1019 992 se
1032 971 1087 993 cu-

1152 921 1185 942 nc
1211 934 1219 948 ‚
1246 912 1278 944 (5
1301 909 1352 943 boc
1373 909 1516 954 praesenti
1535 909 1638 953 sanHo
1664 912 1699 945 Θ·
1719 908 1882 952 universali
1910 911 2037 943 Concilio

1147 958 1281 1002 suscepta
1294 959 1353 1001 stt.
1384 960 1425 994 Et
1452 961 1494 994 ad
1514 962 1664 1002 quintam
1686 960 1858 1004 Synodum
1882 957 2036 994 Thomas

203 1012 321 1048 ssodiri
348 1010 515 1045 Nicaenam
551 1008 649 1043 fidem
674 1033 686 1049 ,
717 1010 861 1043 laudavit
891 1008 1087 1051 Ephesinum
1154 1010 1322 1043 Diaconus
1346 1021 1382 1042 ac
1407 1009 1564 1044 Notarius
1584 1011 1735 1045 recitavit
1758 1023 1766 1043 ε
1795 1008 2037 1051 Chalcedonensis-

203 1062 444 1101 Conventum,
469 1061 548 1095 &in
574 1060 655 1094 dato
677 1058 717 1093 ad
731 1058 1005 1093 Valentinianum
1024 1059 1091 1093 Re·

205 1113 326 1156 scripto
348 1110 473 1146 addidit
493 1111 535 1144 de
558 1109 736 1144 Flaviano:
766 1111 941 1143 Flavianus
965 1118 1089 1149 autem,

205 1167 258 1205 qui
277 1172 344 1195 reus
366 1167 509 1194 inventus
535 1160 572 1200 est
591 1160 720 1202 laefibilis
741 1165 888 1193 novitatis
918 1183 929 1199 ,
955 1159 1089 1192 debitam

201 1220 324 1256 poenam
334 1218 458 1252 recepit.
486 1211 530 1245 Et
543 1212 574 1244 in
590 1212 761 1253 Rescripto
785 1209 825 1243 ad
839 1209 971 1242 Gallam
985 1208 1086 1242 Placi-

203 1262 294 1296 diam
310 1274 317 1294 ε
331 1262 506 1294 Flavianus
519 1284 529 1299 ,
556 1267 607 1301 qui
619 1262 729 1292 dicitur
743 1261 887 1302 Princeps
898 1264 1089 1292 contentionis

204 1311 297 1352 hujus
311 1336 321 1350 ,
348 1313 438 1344 sacra
444 1308 594 1353 sententia
617 1309 656 1343 ab
671 1308 875 1349 Ecclefiasticn
887 1310 974 1343 rebus
986 1314 1091 1352 expul-

201 1360 254 1405 [ω
267 1360 322 1402 est.
357 1361 399 1394 Et
412 1360 443 1393 in
458 1359 631 1403 Rescripto
645 1359 683 1392 ad
700 1359 864 1394 Liciniam
877 1360 1065 1394 Eudoxiam
1081 1373 1088 1392 ε

204 1414 383 1445 Flavianus
394 1412 483 1444 sacro
487 1412 603 1451 judicio
613 1409 652 1442 ab
665 1407 864 1450 Ecclelt‘afficis
876 1411 961 1445 rebus
970 1410 1088 1443 ablatus

202 1460 242 1502 est
255 1485 266 1501 ,
292 1469 441 1503 quatenus
464 1465 554 1493 totlus
578 1460 740 1493 dubietatis
761 1462 934 1494 contentio&
942 1459 1038 1503 sacris
1051 1472 1092 1493 re·

204 1519 375 1545 moveretur
387 1508 527 1550 Ecclefiis.
555 1514 601 1543 Et
611 1509 689 1542 nihil
696 1511 816 1543 ulterior
824 1511 886 1552 post
897 1511 960 1544 haec
970 1510 1091 1551 definire

199 1561 326 1604 peffbile
338 1559 397 1600 est,
422 1561 488 1594 cfcm
501 1561 573 1600 jam
591 1558 746 1603 ssasemel
765 1559 862 1603 decisa
882 1560 962 1601 sint.
991 1559 1093 1593 Perti-

202 1620 271 1644 nax
297 1612 437 1652 perrexit
448 1621 610 1651 reparatos
626 1610 645 1643 a
658 1611 774 1643 Sanc'to
786 1611 900 1643 Leone
914 1609 1093 1650 Episcopos

202 1658 315 1703 Regio
337 1659 398 1691 suo
420 1657 550 1690 Placito
571 1658 763 1699 suspmdere
791 1658 826 1691 ὅ(
846 1653 966 1690 morari
990 1681 997 1688 .
1026 1657 1093 1690 Res

202 1708 251 1743 ita
273 1706 443 1751 perpendit
469 1708 570 1748 usque
591 1707 631 1740 ad
645 1707 837 1740 Succefforis
864 1706 1094 1740 Martianilm-

203 1759 349 1802 perium.
377 1757 447 1789 Hic
469 1756 575 1789 statim
602 1757 735 1789 cassavit
749 1756 884 1794 omnia,
910 1755 1093 1798 &Aposto-

203 1808 278 1842 licis
304 1805 474 1841 sententiis
500 1806 642 1848 permisit
669 1805 803 1839 liberam
837 1807 1091 1845 executionem,

205 1857 350 1900 ideoque
371 1855 412 1890 de
425 1854 646 1890 Theodoreto
667 1855 707 1889 ad
720 1855 1021 1891 Chalcedonensem
1035 1856 1092 1898 Sy-

205 1907 334 1941 nodum
355 1907 511 1940 dixerunt
530 1906 747 1950 gloriosissimi
762 1906 778 1949 J
782 1907 888 1940 udices
900 1920 911 1940 .·
939 1908 1091 1949 Ingredia-

206 1967 258 1992 rur
277 1959 313 1991 Θ
335 1957 597 1996 Reverendtffimus
612 1954 778 1998 Episcopus
801 1956 994 1990 Theodoretus
1019 1980 1029 1994 ,
1057 1964 1092 1988 ut

200 2005 237 2049 fit
242 2011 396 2048 particeps
412 2007 516 2044 synodi
529 2029 539 2045 ,
564 2011 636 2046 quia
659 2008 694 2039 o·
706 2004 831 2047 restituit
843 2013 868 2038 ei
881 2005 1094 2049 Episcopatum

200 2055 392 2102 [andliffimus
402 2053 641 2099 Archiepifiopus
655 2059 713 2089 Leo
729 2079 738 2094 ,
767 2057 801 2091 (ar
811 2055 1021 2098 sacratifflmus
1033 2060 1093 2087 Im-

201 2115 333 2149 perator‘
337 2104 447 2150 sanxit
471 2117 536 2140 eum
548 2107 642 2147 adesse
659 2105 776 2147 sanc‘Jae
796 2107 903 2143 synodo
924 2131 930 2136 .
959 2105 1003 2137 Et
1026 2106 1090 2145 ipse

204 2156 446 2191 Theodoretus
471 2169 483 2188 .·
511 2158 616 2187 Preces
643 2154 733 2185 obtuli
755 2152 955 2194 fhcratiffimis
985 2154 1090 2184 mundi

205 2208 344 2238 Dominis
355 2229 366 2245 ,
392 2206 427 2238 Θ
437 2208 584 2237 enarravi
602 2213 668 2245 quae
682 2208 714 2233 in
726 2213 772 2235 me
794 2200 946 2244 πᾶα-[κω
953 2201 1071 2243 funera
1082 2226 1092 2242 ,

206 2256 243 2289 <⁰5
248 2263 354 2296 precor
375 2252 433 2286 has
447 2253 576 2296 perlegi.
605 2250 662 2286 Ad
675 2251 951 2286 Chalcedonensis
965 2252 1092 2295 Synodi

207 2304 331 2343 calcem
352 2302 457 2337 exstat
480 2302 639 2337 Martiani
660 2301 803 2346 Augusti
831 2302 909 2342 lex,
934 2313 997 2346 qua
1014 2300 1095 2335 infe-

208 2354 309 2389 licem
330 2352 513 2387 Theodosii
535 2351 645 2395 legem
666 2351 885 2386 circumducit
907 2376 918 2392 ,
955 2363 995 2386 ac
1015 2352 1093 2386 San·

209 2405 298 2438 &um
315 2402 510 2437 Flavianum
522 2426 533 2443 ,
559 2402 807 2445 Dorylaeensem
829 2400 1006 2436 Eusebium
1019 2427 1030 2443 ‚
1054 2413 1092 2436 ac

209 2452 467 2488 Theodoretum
489 2451 632 2486 declarat
645 2451 766 2487 liberos
776 2451 819 2486 ab
828 2451 923 2485 omni
936 2451 1073 2486 vinculo
1083 2477 1091 2484 .

209 2502 339 2538 Verum
350 2502 433 2536 hanc
446 2513 514 2536 non
526 2501 701 2536 laudarunt
712 2501 942 2535 Gloriofiffimi
957 2501 1094 2544 Judices.

209 2553 269 2588 Est
282 2554 372 2587 enim
382 2551 519 2595 Synodo
538 2551 717 2596 posterior.
743 2550 888 2586 Proinde
902 2552 965 2585 fuit
985 2551 1093 2585 &alia

211 2602 299 2648 prior
322 2602 398 2640 lex,
424 2611 494 2644 quae
515 2600 610 2644 petiit
631 2612 688 2635 aut
713 2601 815 2636 latet.
846 2601 982 2635 Interim
1006 2601 1093 2635 lucet

211 2654 364 2688 Sanctum
375 2651 570 2686 Flavianum
583 2674 593 2691 ,
622 2650 800 2686 Eusebium
812 2675 823 2692 ,
849 2662 887 2686 ac
899 2650 1095 2686 Theodore-

212 2712 286 2737 tum
305 2713 376 2736 non
396 2713 452 2745 per
470 2700 656 2747 generalem
678 2701 873 2744 Synodum,
899 2701 952 2736 scd
975 2701 993 2734 a
1020 2702 1090 2736 solo

213 2752 346 2796 Magno
357 2750 471 2785 Leone
491 2751 584 2786 fuisse
593 2749 755 2794 judicatos
765 2752 799 2785 in
810 2751 965 2796 appellata
975 2752 1067 2787 causa
1080 2775 1091 2792 ‚

214 2803 250 2838 ἃ
259 2799 403 2836 redditos
415 2801 450 2834 in
463 2799 696 2845 Episcopatum
709 2826 716 2834 .

264 2851 345 2886 Hoc
368 2851 474 2895 ipsum
489 2850 574 2884 lucet
596 2852 742 2886 excausa
757 2851 886 2887 Domni
899 2849 1092 2887 Patriarchae

214 2898 444 2937 Antiocheni.
473 2900 562 2934 Nam
585 2900 683 2936 &hic
699 2902 891 2946 exprimitur
916 2903 950 2936 in
966 2903 1091 2936 infelici

214 2951 287 2997 lege
306 2951 511 2995 Imperatoris
533 2949 717 2986 Theodosii
740 2977 751 2993 ,
783 2963 949 2996 tamquam
973 2951 1090 2996 Ephesi

215 3001 364 3046 legitime
384 3001 577 3045 degradatur
596 3026 604 3034 .
633 3001 741 3036 Etiam
761 3003 934 3047 appellavit
955 3003 995 3038 ad
1014 3004 1093 3038 San-

214 3053 305 3086 stum
319 3050 467 3084 Leonem
479 3075 486 3083 .
512 3050 638 3085 Verum
658 3050 697 3084 de
709 3052 776 3095 ipso
789 3054 830 3088 ad
845 3052 1092 3088 Chalcedonen-

216 3103 283 3136 sem
297 3101 471 3144 Synodum
497 3100 582 3134 dixit
605 3101 737 3135 Sanctus
748 3102 976 3145 paschasinus,
1003 3103 1093 3147 Lily-

217 3151 287 3186 beti
305 3151 512 3194 Episcopus,
537 3162 574 3183 ac
599 3151 721 3185 laudati
741 3150 909 3188 Pontificis
932 3155 1093 3198 Legatus:

217 3202 344 3239 synodus
365 3199 497 3242 proferri
518 3211 573 3233 non
580 3200 690 3242 potest,
710 3208 747 3235 in
759 3214 819 3244 qua
830 3205 882 3237 illa
892 3204 1010 3247 nefaria
1023 3205 1092 3238 deli·

219 3251 270 3284 Ba
290 3249 477 3294 relec‘lasunt
490 3274 501 3290 ,
526 3252 561 3284 (⁹5
571 3249 605 3282 ob
615 3250 718 3284 hocad
727 3252 872 3287 temonem
883 3256 1026 3288 videntur
1042 3254 1093 3297 esse

215 3299 362 3344 superflua
372 3313 408 3334 ea
430 3312 496 3344 quae
517 3299 634 3343 ibisunt
656 3301 743 3334 aaa.
769 3304 799 3335 51
808 3306 873 3347 ergo
896 3307 916 3336 ἃ
931 3306 1093 3345 Beatiffimo

220 3353 256 3386 Θ
268 3351 419 3394 apostolico
440 3354 584 3385 Romanae
608 3350 693 3384 Urbis
711 3350 854 3395 Episcopo
864 3360 963 3388 omnia
972 3355 1092 3397 qaaeibi

216 3400 296 3446 gesta
309 3400 401 3446 sunt,
426 3413 511 3436 vana
528 3400 599 3446 sunt
618 3400 747 3444 habita,
771 3403 862 3437 claret
872 3403 1092 3449 quiasancqff-

1147 1058 1255 1102 sanlia
1277 1060 1406 1097 synodus
1419 1063 1566 1093 Damnum
1594 1061 1756 1094 Antiochia·
1776 1058 1955 1103 Episcopum
1967 1084 1977 1098 ,
2007 1070 2039 1092 eo

1152 1110 1231 1152 quod
1250 1107 1364 1152 scripsit
1375 1108 1475 1142 debere
1498 1116 1588 1143 taceri
1613 1113 1763 1145 duodecim
1785 1112 1918 1153 capitula
1924 1108 2041 1154 sanHae

1154 1165 1300 1193 memoriae
1314 1160 1435 1200 cyrilli,
1463 1161 1497 1194 (3·
1503 1159 1564 1200 post
1577 1170 1700 1193 mortem
1716 1162 1927 1195 condemnavit
1941 1186 1951 1200 ‚
1977 1170 2043 1193 cum

1154 1209 1343 1252 confirmaffet
1356 1210 1628 1243 condemnationem
1637 1212 1704 1250 eJ'us
1719 1232 1731 1249 ‚
1757 1209 1962 1253 &suscepiffet
1975 1213 2043 1241 Ma·
2063 1199 2127 1253 13st-
2148 1203 2175 1231 ⁶·

1155 1266 1230 1293 ximi
1257 1261 1468 1292 ordinationem
1490 1284 1497 1291 .
1525 1259 1620 1293 Licet
1643 1260 1784 1303 Joannes
1811 1257 2043 1294 Antiochenus

1157 1308 1340 1345 patriarcha
1364 1321 1441 1344 cum
1454 1310 1573 1343 Sancto
1584 1309 1715 1351 Cyrillo
1736 1310 1860 1344 fecisset
1872 1320 1986 1354 pacem
2007 1309 2042 1343 &
2090 1334 2101 1345 Ἀ,

1156 1360 1285 1395 υηὶἰίΐει·
1299 1359 1478 1400 Ecclesias,
1503 1360 1628 1394 famosa
1653 1367 1763 1393 tamen
1789 1359 1878 1393 illius
1891 1358 2043 1393 adversus

1158 1410 1346 1444 Nestorium
1370 1409 1525 1452 Capitula
1547 1420 1616 1443 non
1640 1408 1787 1449 admisit,
1813 1408 1982 1452 ipsumque
1997 1410 2044 1442 se-

1156 1471 1249 1495 cutus
1275 1460 1320 1493 est
1345 1460 1511 1494 Successor
1542 1459 1697 1493 Domnus
1721 1484 1732 1500 ,
1757 1459 1790 1492 δε
1814 1458 1922 1493 omnis
1944 1456 2044 1492 ferme

1160 1507 1387 1542 Antiochenus
1398 1506 1658 1541 patriarchatus.
1687 1507 1731 1541 Ec
1753 1506 1902 1542 hincille
1929 1507 2047 1551 Ephesi

1157 1557 1363 1592 sibitimuita
1386 1557 1572 1594 Dioscoro‚
1601 1555 1838 1599 hominemque
1860 1557 2047 1591 demulcere

1159 1609 1303 1650 satagens
1316 1606 1477 1640 consensit
1504 1606 1537 1639 ἀ
1550 1616 1742 1649 cooperatus
1756 1605 1802 1640 est
1814 1606 1883 1649 ejus
1896 1607 2046 1641 Attenta-

1157 1657 1198 1690 tis
1224 1658 1257 1690 in
1270 1657 1424 1692 Sanctum
1445 1655 1637 1690 Flavianum
1654 1681 1661 1688 .
1689 1658 1738 1690 At
1760 1657 1964 1700 semetipsum
1987 1657 2048 1691 cir-

1158 1707 1325 1741 cumvenit
1345 1730 1351 1736 .
1384 1705 1460 1748 Ejus
1481 1706 1573 1739 enirn
1602 1707 1866 1748 praevaricatione
1892 1708 1965 1741 usus
1984 1707 2048 1741 fuit

1159 1767 1315 1800 tyrannus
1335 1753 1514 1789 Dioscorus
1532 1780 1543 1796 ,
1571 1755 1626 1790 sed
1649 1768 1717 1791 non
1744 1756 1906 1799 placatus:
1936 1757 2048 1800 Ipsum

1159 1806 1268 1850 postea
1295 1814 1464 1849 tamquam
1490 1805 1729 1840 Nestorianum
1753 1805 1943 1851 degradavit
1963 1831 1971 1839 .
2003 1807 2048 1841 Et

1159 1858 1194 1890 in
1218 1856 1286 1900 ejus
1309 1857 1421 1889 locum
1442 1856 1646 1890 consecratus
1659 1857 1722 1890 fuit
1732 1857 1905 1891 Maximus
1924 1855 2049 1891 Diaco-

1160 1917 1221 1940 nus
1232 1930 1239 1938 .
1265 1907 1360 1939 Hinc
1385 1916 1460 1939 cum
1472 1905 1545 1939 aliis
1557 1905 1740 1950 degradatis
1755 1907 1924 1951 Episcopis
1939 1906 2048 1951 appel-

1160 1956 1239 1990 lavit
1259 1955 1429 1995 Romam,
1455 1956 1567 1988 verum
1590 1957 1679 1999 quod
1703 1957 1737 1991 in
1763 1959 1871 1992 Sandii
1896 1957 2048 1991 Flaviani

1158 2005 1408 2040 damnationem
1434 2006 1640 2040 consensisset
1666 2030 1676 2046 ,
1703 2018 1771 2040 non
1806 2007 1869 2042 fuit
1892 2007 2049 2041 auditus:

1159 2054 1303 2088 Maximi
1327 2055 1574 2090 ordinationem
1610 2056 1762 2099 probavit
1783 2056 1930 2102 Magnus
1956 2058 2051 2098 Leo,

1160 2115 1197 2136 ac
1219 2104 1393 2136 Domnum
1429 2104 1465 2135 in
1490 2104 1726 2147 degradatione
1752 2107 1886 2151 reliquit
1907 2133 1915 2140 .
1943 2106 2049 2153 Quod
2109 2128 2113 2130 ἡ

1158 2154 1225 2196 ejus
1246 2151 1407 2195 judicium
1420 2150 1697 2186 Chalcedonensis
1708 2155 1863 2195 Synodus
1880 2159 2050 2190 retrastare

1160 2214 1229 2236 non
1263 2201 1456 2245 praesumpsit
1485 2225 1496 2240 ,
1524 2200 1577 2235 sed
1604 2202 1785 2245 plenissime
1817 2204 2046 2239 confirmavit.

1159 2253 1243 2287 Item
1263 2252 1441 2294 Imperator
1462 2250 1649 2286 Martianus
1664 2277 1673 2285 .
1703 2253 1836 2287 Etenim
1864 2254 1956 2298 legi,
1982 2266 2048 2299 qua

1159 2301 1325 2336 infelicem
1353 2298 1538 2334 Theodosii
1564 2301 1671 2346 legem
1711 2302 1931 2337 circumduxit
1960 2328 1971 2344 ,
2008 2316 2047 2340 ac

1160 2351 1292 2386 Eusebii
1314 2351 1350 2385 ὅ(
1372 2348 1581 2385 Theodoreti
1604 2353 1844 2395 reparationem
1868 2353 2047 2394 stabilivit,

1158 2402 1288 2437 Domni
1301 2400 1424 2436 nullam
1437 2401 1515 2435 fecit
1529 2403 1734 2437 mentionem
1746 2428 1753 2435 .
1780 2403 1889 2447 Ipsum
1910 2405 1944 2437 in
1958 2404 2047 2439 dieite

1158 2453 1239 2497 legis
1261 2452 1332 2485 luto
1353 2452 1515 2485 firmavit.
1542 2452 1711 2499 roirca
1734 2452 1833 2487 etiam
1855 2453 1895 2488 de
1919 2455 1988 2497 ipso
2002 2466 2047 2490 re-

1157 2503 1379 2538 tradlatorium
1399 2500 1560 2543 judicium
1583 2514 1652 2536 non
1671 2502 1706 2536 in
1726 2504 1870 2548 generali
1884 2504 2045 2548 Symdo,

1158 2553 1212 2588 sed
1234 2553 1252 2585 a
1263 2552 1334 2585 solo
1348 2552 1477 2596 Magno
1490 2551 1606 2586 Leone
1619 2554 1725 2587 aetum
1752 2555 1787 2589 &
1801 2557 1962 2598 peractum
1974 2554 2020 2589 est
2034 2579 2046 2595 ,

1156 2612 1254 2646 atque
1264 2602 1308 2635 ita
1320 2602 1408 2635 lucet
1425 2599 1466 2636 de
1478 2601 1537 2636 hac
1552 2602 1698 2637 Romani
1717 2604 1867 2648 Episcopi
1883 2604 2044 2649 potestate

1156 2652 1284 2687 nullum
1311 2650 1537 2686 Christianum
1570 2653 1732 2688 dubitasse
1759 2666 1915 2698 umquam
1944 2679 1955 2695 ,
1982 2666 2045 2689 nec

1157 2703 1244 2747 posse
1282 2699 1429 2736 dubitare
1450 2727 1457 2734 .
1483 2701 1586 2737 Porro
1612 2702 1887 2738 Chalcedonensis
1913 2702 2042 2748 Synodi

1155 2763 1303 2795 tempore
1323 2752 1479 2786 Domnus
1501 2754 1644 2787 omnino
1672 2753 1781 2788 adhuc
1812 2755 1919 2794 vixit,
1945 2764 2044 2798 atque

1156 2803 1198 2837 ita
1210 2800 1406 2838 Schedarum
1419 2827 1429 2843 ‚
1456 2813 1534 2846 quas
1548 2803 1588 2837 ad
1610 2803 1760 2848 quintam
1776 2804 1947 2847 Synodum
1962 2805 2043 2849 legit

1155 2851 1308 2888 Thomas
1322 2852 1512 2894 Diaconus,
1543 2855 1655 2887 austor
1666 2854 1728 2887 fuit
1743 2854 1901 2888 memoria
1915 2854 2021 2897 lapsus
2034 2878 2042 2887 .

1204 2901 1369 2937 Adversus
1394 2902 1605 2937 Theodoreti
1635 2905 1871 2947 reparationem
1897 2905 2041 2949 joannes

1157 2953 1322 2996 Launojus
1356 2952 1456 2988 etiam
1492 2952 1637 2996 quaedam
1664 2957 1804 2998 opponit
1836 2979 1843 2986 .
1874 2953 2040 2988 Adversus

1156 3004 1254 3047 ipsam
1266 3004 1365 3040 saihs
1391 3004 1556 3038 variorum
1574 3005 1607 3037 in
1623 3004 1884 3038 Chalcedonensi
1900 3002 2039 3047 Synodo

1158 3054 1392 3097 Episcoporurn
1405 3054 1646 3088 intercessiones
1659 3054 1752 3088 refert
1766 3078 1776 3093 ,
1802 3055 1835 3088 ὅ(
1846 3054 2016 3088 concludit
2029 3066 2037 3085 :

1155 3106 1207 3136 Ex
1229 3103 1277 3136 his
1287 3111 1414 3145 apparet
1436 3103 1650 3138 Theodoretum
1673 3107 1693 3136 ἃ
1711 3106 1820 3143 synodo
1831 3104 2037 3144 restitutionem

1155 3160 1302 3196 integram
1326 3154 1461 3197 accepiffe
1477 3180 1488 3196 ‚
1515 3165 1603 3196 quam
1622 3154 1642 3185 ἃ
1664 3157 1759 3187 Leone
1782 3167 1840 3187 non
1862 3162 2033 3195 acceperat,

1157 3208 1296 3246 quamvis
1323 3208 1374 3246 qui
1405 3210 1549 3246 acciperet
1571 3204 1610 3237 ab
1636 3206 1733 3238 eodem
1752 3206 1910 3245 judicatus
1931 3202 2038 3246 fuiffet

1157 3253 1350 3297 dignifflmus.
1376 3254 1492 3288 Indicia
1515 3260 1593 3288 enim
1615 3253 1721 3298 causa,
1748 3254 1913 3288 &violatis
1939 3257 2038 3286 Cano-

1158 3304 1280 3337 nom-bus
1301 3300 1381 3346 &sua
1392 3306 1465 3338 Sede
1489 3303 1595 3347 pulsus
1608 3304 1729 3347 fuerat.
1761 3302 2012 3346 Exindefac‘lum
2025 3325 2036 3341 ,

1156 3363 1189 3387 ut
1195 3357 1226 3398 J
1229 3353 1327 3386 udices
1346 3351 1441 3396 supra
1453 3356 1586 3389 dixerint
1599 3359 1722 3390 Leonem
1736 3353 1911 3388 Theodoreto
1921 3350 2037 3394 Episco-

1156 3411 1263 3446 patum
1282 3402 1444 3447 restituiffle.
1474 3407 1535 3440 sed
1551 3407 1675 3439 concilii
1687 3409 1795 3440 Patres
1808 3429 1820 3446 ‚
1845 3405 2036 3444 &impffmls

1879 3453 1990 3497 Legati
