2366 3756
358 170 452 232 148
663 156 1036 214 Atsxhnmu
1071 183 1210 214 secu

285 265 354 293 mat
375 257 411 291 in
434 255 549 290 animae
568 266 700 300 gemma
712 256 885 290 Honorius
897 252 1175 298 Augustodunen-

284 307 344 341 fis.
370 305 475 339 Addit
499 305 540 339 de
565 315 705 350 utroque
730 303 864 339 laudato
879 303 1040 339 Antistite
1065 300 1175 340 lauda-

284 365 337 392 tus
360 353 494 389 Strabo:
522 357 589 399 ‚Qui
610 358 644 390 er
667 365 725 387 non
751 355 836 399 longe
845 361 916 389 ante
930 354 1027 396 nostra
1039 363 1174 398 tempora

276 404 426 447 fuerunt,
453 406 488 439 (9
510 405 595 438 ambo
615 414 681 439 tam
700 402 846 447 silentia,
872 406 963 449 quiim
975 407 1078 449 gradu
1090 414 1175 449 prae-

282 459 362 495 cipui
384 479 391 486 .
427 459 531 497 Itaque
552 454 752 503 unusquisque
773 460 806 490 in
829 454 885 499 suo
900 453 990 500 sensu
1014 455 1171 499 abundet,

282 506 354 538 dum
366 505 448 546 fides
466 505 636 547 concordet}
661 516 695 539 ut
714 516 768 541 nec
784 504 900 549 saepius
921 505 1079 546 offerentes
1095 506 1173 548 aesti-

282 563 362 587 ment
387 558 483 588 Deum
509 557 597 590 aliter
619 561 781 598 petitiones
803 568 862 591 non
884 557 960 600 posse
985 556 1170 601 discernere,

281 614 334 636 nec
347 603 440 647 semel
455 615 510 648 per
533 607 613 640 diem
637 603 744 647 hostias
767 608 953 640 immolantes
982 616 1089 649 putent
1106 606 1170 651 suae

278 654 353 695 fidet
357 652 559 698 subtilitatem
576 657 678 698 potitis
691 681 702 698 ,
727 659 820 700 quam
844 659 1032 700 Superiorum
1043 660 1174 693 devotio·

280 716 348 737 nem
370 707 531 739 Divinitas
554 714 720 749 acceptari.
752 708 795 743 Et
818 706 859 741 de
882 709 953 743 solo
975 708 1091 745 Leone
1111 709 1170 744 Pa-

279 766 320 797 pa
344 767 351 785 τ
379 757 532 790 Fidelium
556 758 697 792 relatione
722 764 859 792 virorum
880 765 913 792 tn
934 758 1059 799 nostram
1082 758 1169 802 usque

275 811 419 846 pervenit
440 812 598 850 notitiam,
627 812 755 842 Leonem
775 812 894 850 Papam
906 835 916 850 ,
935 807 1171 851 ficutipsefate-

276 855 390 898 batur,
417 858 472 891 &a
491 857 682 894 Leotertius
694 859 878 893 Walasrido
889 859 951 893 fuit
963 869 1168 902 coaetaneus,

276 905 424 950 adeoque
447 908 595 943 laudatus
620 909 678 943 iste
699 908 859 944 Pontifex
877 910 1086 944 fuitSandius
1096 911 1167 946 Leo

274 956 430 991 secundus
482 958 560 1001 Ejus
585 970 729 1002 tempore
742 959 909 994 celebrata:
920 958 1117 996 duodecima
1132 962 1170 1018 §g

274 1009 370 1056 tertia
390 1007 517 1043 decima
535 1010 711 1044 Toletanae
731 1010 858 1052 synodi
869 1010 1010 1046 eundem
1020 1010 1168 1058 frequen·

275 1067 324 1091 ter
346 1058 528 1095 celebrandi
553 1070 677 1095 morem
701 1060 865 1095 affirmant
887 1056 1067 1106 vigilisieiu
1091 1054 1167 1097 His·
1187 1071 1190 1074 ·

274 1109 368 1150 p'ania
381 1133 392 1149 ,
420 1108 570 1153 nihilque
583 1109 615 1143 in
631 1111 702 1155 ipso
714 1109 958 1154 reprehendunt
970 1134 980 1151 ‚
1007 1111 1062 1148 nifi
1075 1106 1165 1156 qud'd

273 1159 410 1201 quidam
438 1160 628 1195 Sacerdotes
652 1162 687 1194 in
710 1161 829 1197 ultimo
847 1161 1020 1197 dumtaxat
1050 1162 1165 1197 sacrifi-

99 1189 173 1227 Cap.
200 1200 226 1226 5·
271 1210 326 1241 cio
354 1210 639 1246 communicarent
656 1235 663 1244 .
707 1210 806 1247 Βεᾶὲ
828 1212 942 1247 dicunt
962 1213 1025 1246 effe
1043 1212 1165 1254 foediffi-

271 1269 354 1291 mam
374 1260 622 1304 consuetudinem.
654 1262 764 1310 Qale
787 1259 934 1296 enim'est
947 1262 1140 1298 sacrificium
1154 1286 1164 1302 ,

268 1309 362 1352 cujus
392 1310 502 1345 oblata
526 1310 704 1356 nequidem
726 1311 866 1346 offerens
891 1312 1093 1356 participat?
1121 1313 1163 1347 Et

271 1358 357 1400 apud
382 1358 598 1393 Guilielmum
625 1359 952 1396 Malmesberiensem
984 1362 1095 1396 exstat
1118 1359 1164 1396 di-

270 1407 378 1451 ploma
398 1432 409 1449 ,
435 1419 503 1451 quo
526 1409 716 1454 Anglotum
745 1409 843 1449 Rex,
872 1411 928 1454 qui
951 1411 1033 1446 noni
1057 1412 1162 1447 saeculi

268 1469 357 1491 anno
381 1458 545 1502 trigesimo
562 1460 679 1493 ostavo
691 1459 791 1504 coepit
802 1470 938 1505 regnare
950 1485 961 1500 ‚
990 1460 1161 1497 Ethelnul-

267 1507 352 1550 phus
375 1508 485 1552 Regni
509 1510 556 1542 sui
582 1509 734 1543 Ecclefiis
760 1510 849 1543 varia
872 1510 1018 1552 impartit
1030 1510 1160 1546 sub'hac

267 1560 339 1603 lege
352 1583 362 1599 ‚
389 1570 425 1592 ut
449 1559 633 1593 omniferia
662 1568 775 1602 quarta
790 1558 990 1602 unusquisque
1005 1561 1159 1599 Presbyter

84 1609 143 1639 1²01.
179 1620 225 1645 41.
263 1611 341 1642 dum
366 1609 488 1653 Missas,
514 1621 607 1645 unam
625 1618 683 1656 pro
706 1613 810 1658 Rege,
836 1612 871 1647 Θ
897 1612 993 1646 allam
999 1619 1058 1657 pro
1072 1615 1157 1646 Duci-

264 1660 317 1692 hus
337 1661 403 1699 ejus
427 1661 529 1695 dicat.

315 1710 399 1744 Sunt
421 1711 500 1745 veto
522 1709 615 1751 dies,
642 1710 678 1745 in
699 1709 820 1754 quibus
842 1710 979 1755 quilibet
1000 1711 1156 1745 Sacerdos

264 1773 333 1795 non
357 1761 463 1796 solum
480 1760 582 1805 potest
595 1785 606 1801 ,
633 1760 686 1796 sed
708 1761 742 1795 &
764 1761 850 1806 quasi
869 1759 965 1796 debet
977 1760 1096 1804 pluries
1109 1772 1156 1796 ce-

263 1812 404 1846 lebrare.
431 1811 561 1846 Primus
584 1812 628 1847 est
647 1810 764 1847 festum
788 1812 977 1847 Dominicae
989 1811 1155 1847 Nativita-

264 1862 322 1896 tis.
349 1861 436 1895 Tres
461 1871 540 1894 tunc
564 1860 772 1896 celebrandas
793 1861 908 1897 Missas
927 1862 976 1896 uti
986 1873 1056 1897 rem
1068 1873 1155 1897 vetu-

261 1912 346 1946 'stam
358 1910 468 1945 laudat
480 1910 626 1956 Magnus
638 1908 838 1955 Gregorius:
866 1910 986 1946 Paffim
1010 1912 1156 1947 creditur

264 1963 326 1995 effe
348 1961 540 1997 Instituturri
560 1962 663 1997 Sancti
679 1961 836 2006 Martyris
848 1962 882 1996 ὃς
900 1961 1074 1998 pontificis
1087 1962 1155 1995 Te-

264 2010 420 2055 lesphori.
454 2012 573 2047 Earum
602 2011 757 2046 introitus
780 2011 971 2055 incipiunt:
1007 2014 1153 2047 Dominus

265 2064 349 2097 dixit
372 2063 417 2095 ad
434 2074 498 2096 me.
527 2066 598 2097 Lux
615 2061 764 2105 fulgebit.
804 2065 885 2099 Puer·
898 2068 958 2106 -qui
986 2072 1076 2096 natus
1098 2063 1152 2106 est.

263 2113 375 2149 Prima
398 2123 549 2147 aeternam
573 2111 698 2147 Christi
728 2124 769 2146 ex
796 2123 886 2154 patre
922 2113 1152 2152 nativitatem,

263 2162 403 2196 secunda
426 2162 493 2204 ejus
514 2173 574 2204 pro
593 2161 689 2193 nobis
706 2171 747 2193 ex
762 2160 904 2204 Virgine
918 2162 1071 2196 nascituri
1084 2172 1156 2205 pro-

263 2213 447 2246 miffionem
469 2235 480 2252 ,
515 2210 609 2244 tertia
639 2207 735 2253 hujus
757 2210 939 2246 nativitatis
962 2210 1154 2255 impartitio-

263 2273 339 2297 nem
360 2262 580 2305 repraesentat.
608 2260 652 2294 Et
677 2261 754 2305 quia
781 2260 900 2305 Agnus
922 2260 978 2294 ille
998 2261 1016 2295 ὲ
1038 2262 1154 2296 mundi

261 2312 403 2348 exordio
424 2311 486 2346 fuit
499 2310 585 2354 apud
596 2310 823 2345 salvandorum
835 2309 936 2344 fidem
948 2310 1154 2352 immolatus,

262 2365 366 2408 prima
389 2362 431 2397 ad
453 2360 597 2396 mediam
621 2362 772 2402 nostem,
813 2359 954 2396 secunda
980 2360 1039 2395 sub
1061 2372 1152 2395 auro·

263 2427 298 2449 ra
320 2440 331 2455 ‚
357 2413 453 2447 tertia
480 2412 546 2447 dici
568 2409 665 2446 debet
686 2408 765 2446 hora
789 2410 855 2444 diei
876 2411 971 2445 tertia
995 2436 1001 2444 .
1042 2410 1152 2446 Prima

264 2465 354 2498 enim
380 2463 495 2497 mundi
517 2460 718 2507 ante-..legem
731 2473 804 2496 aetas
815 2461 877 2496 fuit
888 2462 972 2506 quali
982 2462 1017 2496 in
1028 2463 1153 2496 nostur-

265 2515 316 2548 nis
329 2514 491 2555 tenebris,
520 2511 659 2548 secunda
681 2512 750 2557 post
777 2512 885 2556 legem
910 2511 970 2546 sub
981 2511 1153 2556 Prophetis

264 2563 380 2598 habuit
392 2575 540 2598 auroram
553 2588 564 2604 ‚
580 2562 684 2603 ,tertia
712 2560 770 2597 sub
796 2562 980 2606 Evangelio
1005 2563 1154 2598 obtinuit

265 2615 396 2658 plenam
417 2614 581 2649 necessarii
599 2613 648 2648 ad
675 2611 811 2647 salutern
823 2612 986 2657 dogmatis
999 2613 1151 2649 notitiam
1193 2615 1204 2684 ι

265 2666 300 2700 &
323 2665 451 2700 lucem.
478 2665 591 2713 Qare
612 2663 773 2707 Sylvester
796 2663 998 2708 Sguropulus
1021 2687 1032 2702 ‚
1070 2664 1154 2707 Jose-

264 2714 323 2759 phi
343 2715 537 2751 Patriarchae
562 2711 930 2757 Constantinopolitani
958 2712 992 2746 in
1018 2714 1163 2748 Florem·

103 1034 177 1071 Cap.
208 1043 234 1069 5.

266 2767 337 2799 tina
358 2766 497 2809 Synodo
527 2765 697 2800 Diaconus
719 2764 901 2808 Cruciget',
937 2762 971 2796 in
1011 2763 1163 2805 ejusdem*

266 2814 415 2848 Concilii
439 2814 588 2848 Historia
611 2812 742 2857 peffime
761 2814 803 2848 de
824 2812 921 2849 nobis
933 2812 1064 2848 scribit.-
1091 2819 1156 2848 Ne-

260 2865 383 2909 fa‘fflm
406 2864 444 2905 est
466 2869 498 2896 in
521 2863 625 2897 diebus
652 2868 844 2898 Nativitatis
861 2863 973 2903 christi·
982 2872 1035 2896 aut
1049 2864 1154 2907 Resur-

268 2914 407 2948 remonis
420 2938 429 2953 ‚
455 2922 489 2947 ut
510 2925 585 2947 unus
611 2914 748 2957 idemque
768 2915 908 2949 Sacerdos
922 2916 943 2946 ἃ
955 2913 1047 2946 noc‘lt's
1065 2920 1156 2948 conti·

270 2969 345 2998 tinio
367 2966 410 2997 ad
428 2963 531 2998 horam
567 2972 707 3006 quartam
740 2966 800 2998 diei
833 2961 1016 3008 insequentis
1046 2971 1155 3006 quoties

88 2841 154 2877 hab.
182 2851 193 2871 1
202 2851 225 2873 ιι

91 2891 159 2922 cap·
181 2892 207 2916 7·

273 3016 341 3048 vult
357 3013 504 3058 sacrificet
516 3038 523 3046 .
536 3042 539 3045 Α
551 3013 705 3048 Affirmat
724 3015 788 3049 effe
807 3025 911 3049 unum
923 3024 962 3048 ex
973 3015 1133 3048 erroribus
1145 3039 1156 3056 ,

273 3075 357 3107 quos
378 3075 437 3098 nos
463 3064 573 3098 Latini
596 3075 664 3098 non
679 3065 833 3108 possimus
846 3075 1003 3108 purgare.
1030 3064 1156 3099 Verum

274 3126 344 3149 non
365 3115 464 3149 toties
488 3113 617 3156 quoties
639 3116 813 3155 volumus,
840 3114 893 3148 sed
915 3123 963 3148 ter
984 3112 1156 3149 dumtaxat

275 3164 494 3199 sacrificamus
513 3163 546 3197 in
562 3162 674 3198 Natali
700 3164 905 3204 Dominico,
931 3163 1030 3207 idque
1055 3165 1099 3200 ob
1110 3177 1155 3200 ra·

274 3216 383 3250 tiones
405 3213 529 3254 distas,
555 3224 635 3258 quas
657 3213 759 3250 homo
782 3214 839 3250 ille
849 3212 1070 3250 schismaticus
1084 3227 1153 3251 non

274 3264 371 3310 poslit
390 3263 571 3299 maculare.

328 3314 422 3349 Alter
441 3313 523 3359 ergo
545 3313 614 3348 dies
635 3313 681 3348 est
703 3313 818 3349 festum
842 3314 1030 3350 Dominicae
1040 3314 1157 3351 Resur-

274 3364 428 3399 restionis
450 3389 461 3405 ‚
497 3364 532 3398 in
559 3375 627 3408 quo
654 3363 734 3398 duas
762 3364 845 3400 olim
876 3364 991 3401 Missas
1025 3365 1155 3402 dicebat

277 3415 412 3458 quisque
438 3413 610 3449 Sacerdos.
638 3414 732 3448 Hinc
758 3414 848 3449 enim
858 3414 960 3449 etiam
972 3416 1155 3460 posteriori-

277 3462 336 3499 bus
357 3464 507 3501 Ecclefiae
525 3463 646 3501 saeculis
673 3465 708 3501 in
729 3464 785 3502 sua
805 3463 864 3501 sub
881 3466 1034 3503 Honorii
1066 3466 1152 3505 tertii

1222 185 1330 217 ND1
1366 172 1739 220 Pounmms

1237 254 1441 289 Pontificatu
1473 254 1584 290 habita
1620 256 1758 300 Synodo
1793 257 1973 295 Oxonienfi
2005 262 2116 298 statuit

1236 303 1420 347 Stephanus
1433 304 1587 349 Archiepi
1595 307 1708 350 scopus
1720 307 1977 345 Cantuarienfis:
2004 318 2056 348 Ne
2065 317 2117 347 sa-

1234 356 1334 389 cerdos
1365 353 1514 398 quispiam
1538 356 1691 400 Mtffarum
1707 355 1850 400 solemnia
1866 360 1990 395 celebret
2012 363 2060 397 bis
2082 370 2116 398 in

1234 407 1283 439 die
1298 429 1309 445 ,
1335 414 1455 447 excepto
1477 407 1526 439 die
1546 410 1735 441 Nati-vitans
1757 409 1792 442 Co·
1812 407 2040 452 Resurrefflonis
2060 415 2118 447 Do-

1233 461 1371 489 minicae.
1404 455 1536 500 Nempe
1559 457 1748 499 Miffailla,
1773 469 1871 502 quam
1884 459 1983 495 hodie
1995 461 2030 495 in
2042 462 2117 497 Sab-

1234 503 1336 542 batho
1359 506 1469 541 sansto
1489 507 1629 542 dicimus
1648 533 1660 550 ‚
1680 507 1763 543 olim
1784 508 1999 545 dicebaturin
2019 514 2117 547 noste

1234 556 1423 591 Dominicae
1444 556 1701 594 Resurrestionis
1715 584 1722 592 .
1750 559 1795 593 Et
1817 558 1897 596 hinc
1918 572 1987 595 non
2009 562 2117 597 solum

1231 606 1264 640 in
1282 606 1454 642 parasceve
1466 633 1478 650 ,
1504 607 1668 647 sedetiam
1684 607 1723 644 'in
1745 608 1912 646 Sabbatho
1929 613 2039 646 sancto
2062 615 2117 646 Sa·
2136 635 2209 672 Epist
2248 647 2259 666 ¹

1231 666 1384 692 eramenta
1400 658 1523 700 penitus
1533 669 1590 692 non
1609 660 1751 694 celebrari
1760 671 1801 694 ex
1821 662 1999 697 traditione
2025 663 2115 707 Apo-
2133 685 2197 714 cap,
2214 658 2244 711 ⁶4,
2262 658 2270 667 ⁰

1230 707 1366 749 stolica‚
1392 708 1434 743 ad
1453 709 1653 745 Decentium
1677 710 1890 756 Eugubinum
1915 713 2114 756 Episcopum

1230 758 1351 801 scripsit
1376 758 1457 793 olim
1483 760 1698 795 Innocentius
1719 763 1857 804 primus.
1888 762 1992 809 Qod
2006 764 2113 806 ipsum

1230 809 1263 842 in
1286 808 1436 844 Binianis
1459 809 1689 846 Conciliorum
1702 810 2043 851 Tomisjnnovatum
2065 813 2114 848 di-

1227 859 1312 893 citur
1335 858 1354 893 ἐι
1367 860 1471 904 prima
1482 861 1620 904 Synodo
1633 862 1827 896 Arauficana
1838 888 1845 895 .
1873 862 2019 897 Priorem
2031 863 2115 898 Mis-

1228 910 1294 943 sam
1318 910 1358 944 de
1378 912 1472 945 hoste
1491 911 1646 947 celebrari
1668 912 1800 947 testatur
1817 914 1918 947 etiam
1941 913 1975 947 in
1998 912 2113 948 libello

1226 958 1267 995 de
1289 959 1453 997 Paschalis
1476 960 1658 999 festivitatis
1677 964 1805 998 ratione
1825 965 1959 998 sanctus
1970 963 2112 999 Ambro-

1221 1006 1307 1044 sius.
1336 1010 1420 1046 Item
1442 1011 1498 1045 alii
1524 1013 1635 1056 paffim
1660 1013 1788 1050 Patres.
1815 1014 1920 1057 Ipsam
1938 1016 2029 1048 enim
2053 1027 2111 1059 pro

1227 1060 1365 1097 novellis
1387 1060 1576 1106 Neophytis
1598 1064 1692 1099 fuiffe
1711 1065 1829 1099 fastam
1843 1089 1854 1105 ,
1880 1063 1960 1099 reste
1973 1065 2112 1100 affirmat

1224 1105 1262 1143 iis
1274 1108 1390 1145 litteris
1400 1112 1441 1145 ad
1456 1115 1515 1145 suae
1526 1114 1795 1159 congregationis
1807 1115 1968 1150 Eremitas
1977 1117 2112 1151 Sanetus

1226 1158 1341 1194 Petrus
1363 1161 1541 1201 Damiani,
1570 1163 1783 1210 &adJungit:
1806 1165 1920 1210 ‚Mtffcss
1946 1166 2111 1209 quaes‘nfni
2130 1190 2179 1223 ff,
2217 1194 2236 1221 6

1224 1208 1320 1254 ipfitm
1343 1211 1491 1245 sabbathi
1495 1210 1597 1257 sanc‘li
1619 1215 1700 1248 diem
1717 1215 1915 1257 prohibetur,
1943 1217 2024 1250 nolle
2043 1219 2110 1250 cele·
2130 1236 2179 1271 Ep
2207 1211 2257 1268 35⁶,

1223 1259 1308 1302 braet
1315 1267 1497 1304 precipitur
1505 1287 1516 1303 ,
1543 1271 1576 1296 ut
1588 1266 1730 1297 nimirum
1739 1271 1774 1296 in
1785 1266 1914 1306 quodam
1925 1268 2087 1299 meditullio
2098 1291 2109 1306 ‚

1221 1307 1291 1344 binc
1302 1318 1407 1345 mortis
1425 1312 1534 1354 Christi
1547 1339 1558 1355 ,
1583 1315 1656 1348 inde?
1680 1312 1911 1356 Resurrectionis
1926 1338 1937 1355 ,
1959 1317 2110 1359 generalis

1225 1361 1379 1404 Baptismi
1387 1362 1578 1404 constituatur
1583 1363 1718 1406 salutare
1730 1364 1909 1405 mysterium:
1937 1369 1972 1399 In
1989 1363 2110 1409 Baptis-

1222 1415 1263 1442 mi
1278 1409 1422 1453 siquidem
1446 1414 1638 1449 sacramento
1658 1415 1704 1446 ad
1722 1418 1920 1448 imttationem
1942 1414 2052 1455 Christi
2075 1418 2109 1451 ὁ·

1222 1466 1360 1495 morimur
1379 1461 1621 1507 &resurgimus.
1651 1463 1694 1497 Et
1719 1464 1754 1497 in
1777 1465 1953 1508 synodicis
1973 1466 2014 1500 ad
2035 1467 2109 1502 Cle—

1221 1521 1290 1544 rum
1303 1513 1395 1546 suum
1408 1513 1524 1546 litteris
1538 1511 1647 1548 [latuit
1659 1513 1836 1548 Ratherius
1850 1516 2044 1550 Veronensis
2067 1516 2107 1552 E-

1221 1560 1389 1604 piscopus:
1415 1565 1435 1594 5
1436 1569 1549 1603 eptima
1561 1564 1681 1604 majoris
1691 1562 1872 1608 septimanae
1874 1561 1960 1607 seriei
1972 1568 2046 1600 ante*
2059 1565 2107 1599 bo-

1220 1622 1286 1642 ram
1298 1613 1358 1646 dies·
1369 1613 1514 1644 decimam
1525 1638 1534 1653 ‚
1563 1613 1595 1646 id
1607 1614 1651 1647 est
1669 1638 1679 1653 ‚
1706 1615 1782 1648 ante*
1794 1617 1900 1650 nostis
1910 1615 2104 1658 exordium,

1218 1660 1315 1693 nullus
1336 1659 1506 1704 praesumat
1529 1664 1645 1706 Missam
1668 1671 1793 1697 cantare
1806 1689 1817 1705 ,
1844 1677 1895 1698 nec
1912 1664 2104 1709 Baptismum

1211 1712 1383 1752 generalem
1405 1723 1505 1755 agere,
1532 1713 1634 1759 Qiod
1656 1713 1760 1757 ipsum
1773 1715 1934 1759 repetitio
1957 1717 2104 1752 sermone

1217 1759 1323 1801 primo
1335 1759 1376 1795 de
1387 1759 1637 1807 Qadra'gefima
1650 1787 1661 1803 ‚
1688 1764 1820 1798 Graecbs
1829 1764 1910 1799 hora
1919 1766 2012 1800 tertia
2023 1776 2104 1799 tunc

1216 1808 1414 1845 celebrantes
1436 1822 1574 1856 arguens
1599 1813 1640 1847 de
1655 1816 1785 1848 excestu
1810 1814 1845 1847 in
1858 1815 2030 1849 Canones.
2059 1816 2104 1851 Et

1215 1859 1248 1893 in
1265 1859 1527 1897 Cla‘romontana
1539 1863 1678 1905 Synodo
1689 1863 1799 1898 statuit
1813 1864 1973 1899 Urbanus
1995 1867 2103 1899 secun-

1214 1909 1275 1943 dus
1287 1923 1298 1943 .-
1326 1915 1378 1944 Ne
1388 1912 1642 1956 Sabbathlsanlll
1652 1914 1785 1957 Offllum
1797 1916 1868 1947 ante³
1879 1913 1983 1949 boram
1993 1927 2102 1950 nonam

1213 1957 1368 1994 celebretur
1395 1987 1402 1995 .
1431 1962 1555 1997 Nescio
1577 1963 1650 2008 quis
1670 1964 1789 1998 sciolus
1810 1962 1942 1998 addidit·
1962 1977 2077 1999 vocem
2090 1990 2101 2006 ‚

1214 2013 1416 2044 Matutinam:
1448 2012 1571 2047 Verum
1595 2025 1663 2047 non
1687 2013 1729 2046 de
1749 2014 1908 2047 matutina
1932 2038 1943 2054 ‚
1979 2014 2033 2049 sed
2059 2015 2101 2050 de

1215 2071 1302 2096 nona
1324 2061 1428 2096 totius
1445 2063 1510 2097 diei
1538 2059 1619 2097 hora
1644 2062 1736 2107 loqui
1759 2063 1954 2106 synodum,
1980 2065 2025 2099 est
2053 2066 2101 2100 ni-

1214 2110 1276 2144 mis
1298 2120 1331 2146 m
1378 2111 1528 2147 Testum.
1555 2113 1670 2160 Qm
1696 2123 1825 2149 morem
1848 2114 2101 2150 Florentiniad-

1213 2158 1277 2194 hue
1297 2161 1350 2194 Co
1398 2161 1445 2194 ilii
1458 2171 1605 2203 tempore
1618 2162 1778 2207 viguisse,
1803 2164 1993 2199 audivimus
2007 2165 2100 2210 supr&

1213 2209 1229 2242 a
1243 2210 1407 2253 Sylvestro
1419 2210 1604 2255 sguropulo
1619 2237 1627 2244 .
1654 2212 1749 2259 Qin
1772 2212 1841 2248 imo
1860 2214 1894 2247 in
1906 2213 2114 2258 quibusdam·-

1216 2259 1367 2294 Eccleliis
1384 2272 1423 2294 ac
1443 2261 1657 2295 Monasteriis
1679 2262 1789 2301 adhuc
1810 2262 1940 2308 vigebat
1955 2263 2014 2299 sub
2034 2264 2101 2300 Pio

1213 2310 1332 2351 quinto
1346 2334 1353 2342 .
1380 2311 1490 2353 Ipsum
1513 2310 1673 2345 exstinxit
1694 2312 1876 2353 Pontifex,
1904 2313 2018 2347 volens
2039 2316 2101 2349 Ec-

1214 2359 1342 2394 clefiam
1368 2360 1467 2393 etiam
1486 2360 1520 2394 in
1545 2359 1607 2394 isto
1628 2361 1694 2394 ritu
1715 2363 1778 2396 effe
1802 2362 2100 2407 deincepsunifor-

1213 2420 1317 2444 mem.
1348 2410 1496 2444 Eandem
1517 2410 1600 2444 olim
1612 2410 1788 2455 'Regulam
1803 2409 1920 2447 habuit
1938 2412 2100 2450 Penteco-

1213 2460 1275 2493 stes
1292 2458 1420 2504 Vigilia
1431 2482 1443 2499 ,
1468 2471 1543 2494 cum
1556 2460 1692 2495 modico
1705 2469 1814 2495 tamen
1827 2462 2036 2506 discrimine,
2056 2465 2100 2500 de

1214 2521 1280 2551 quo
1293 2511 1446 2554 antiquus
1456 2510 1550 2545 Ordo
1564 2511 1756 2547 Romanus:
1782 2511 1972 2547 sabbathoin
1982 2516 2102 2559 Vigiliis
2111 2526 2117 2537 ’-

1215 2560 1394 2601 Pentecoster
1415 2572 1512 2594 omnes
1528 2563 1680 2601 jejunium
1691 2562 1814 2603 faciunt
1835 2587 1846 2603 ‚
1884 2564 1919 2597 Θ
1938 2575 2022 2597 omne
2043 2568 2099 2596 Di-

1215 2617 1322 2644 vinum
1345 2612 1476 2652 Officium
1495 2612 1549 2645 vel
1568 2612 1712 2644 Ordinem
1728 2635 1739 2651 ,
1763 2620 1827 2644 tam
1845 2612 1983 2646 lelliones
2005 2615 2096 2656 qubm

1214 2660 1474 2704 &Baptismum,
1495 2659 1569 2702 sicut
1579 2665 1612 2693 in
1633 2659 1780 2694 sabbatho
1795 2659 1901 2704 sanHo
1921 2663 2096 2707 Vigiliarum

1209 2709 1341 2753 ,Pafi-hae
1354 2733 1361 2741 .
1387 2712 1519 2744 Tantum
1529 2710 1599 2744 bora
1621 2710 1731 2745 ottavo
1752 2713 1963 2755 ingrediuntur
1982 2715 2027 2746 ad
2045 2719 2095 2747 Vi-

1211 2763 1307 2806 gilias
1319 2785 1330 2801 ,
1357 2762 1410 2794 vel
1417 2762 1570 2804 Miffarum
1575 2759 1736 2805 solemnia,
1761 2771 1794 2795 ut
1805 2760 1879 2798 bora
1897 2773 1975 2797 nona
1997 2766 2096 2808 exple-

1214 2819 1248 2844 ta
1260 2835 1270 2852 ,
1296 2817 1396 2845 omnia
1415 2810 1665 2854 consummentur,
1920 2834 1923 2836 -

1266 2860 1402 2896 Tertius
1423 2863 1493 2897 dies
1512 2862 1558 2896 est
1580 2861 1710 2896 Festum
1723 2862 1976 2906 SanfflJoannis
1989 2865 2094 2909 Bapti-

1216 2911 1286 2952 stae,
1312 2910 1434 2956 dequo
1457 2911 1641 2947 Amalarius
1662 2913 1878 2947 Fortunatus:
1906 2917 1980 2947 Tres
2000 2919 2092 2958 Miffae

1215 2962 1400 2996 celebrantur
1421 2970 1455 2997 in
1469 2963 1637 3005 festivitate
1668 2963 1746 2995 beati
1760 2967 1899 3008 Joannis
1922 2965 2091 3006 Baptistae,

1215 3017 1286 3055 quia
1307 3013 1402 3046 tribus
1413 3012 1568 3057 infignibus
1590 3012 1751 3055 triumphis
1775 3016 1950 3047 excellenter
1961 3014 2090 3058 refulsit.
2119 3050 2124 3054 ,

1216 3063 1266 3095 «Ad
1284 3060 1334 3096 hoc
1355 3069 1436 3098 enim
1458 3067 1561 3104 venit,
1588 3073 1622 3095 ut
1645 3069 1731 3097 viam
1752 3067 1878 3096 Domino
1899 3073 2091 3107 praepararet

1215 3115 1346 3154 exemplo
1360 3112 1426 3157 suae
1446 3111 1677 3156 conversationis
1702 3140 1709 3146 .
1747 3117 1812 3157 ,Qui
1833 3115 2004 3156 triumphus
2024 3117 2091 3149 cele-

1214 3162 1317 3196 bratur
1335 3169 1369 3196 in
1389 3165 1499 3209 Vigilia
1517 3165 1584 3204 ejus
1607 3189 1613 3195 .
1644 3167 1703 3197 Per
1723 3163 1876 3207 Baptismi
1897 3164 2090 3204 ministerium

1215 3213 1320 3247 claruit
1332 3213 1469 3259 insignis:
1496 3216 1591 3254 Hujus
1603 3214 1759 3256 Ministerii
1770 3213 1935 3256 triumphus
1958 3216 2090 3248 recolitur

1213 3267 1245 3296 in
1252 3269 1352 3303 prima
1364 3265 1465 3308 Miffa.
1494 3268 1668 3297 Nazaraeus
1692 3262 1928 3307 veropermanfit
1950 3275 1987 3296 ex
2010 3275 2092 3298 utero

1213 3321 1322 3346 matris
1335 3327 1343 3347 ;
1368 3322 1428 3350 Hoc
1437 3315 1545 3347 donum
1557 3316 1688 3348 recolitur
1697 3314 1868 3358 infecunda
1879 3315 1963 3356 Missa
1973 3319 2006 3347 in
2018 3316 2066 3347 die
2081 3338 2089 3346 .

1213 3363 1313 3410 Qod
1342 3364 1445 3407 ipsum
1457 3362 1587 3398 tradunt
1602 3366 1635 3398 in
1649 3365 1732 3399 libro
1744 3364 1785 3398 de
1797 3363 1930 3401 Divinis
1954 3363 2091 3398 Officiis

1213 3412 1374 3450 Alcninus
1384 3414 1536 3455 Flaccus,
1562 3415 1640 3449 &in
1652 3415 1767 3451 animae
1777 3425 1907 3458 gemma
1920 3413 2092 3448 Honorius
2116 3411 2175 3443 Lib.
2200 3421 2227 3450 3.

1213 3461 1517 3511 Augustodunenfis
1538 3490 1546 3499 .
1584 3465 1693 3501 Prima
1728 3463 1828 3500 Missa
1859 3463 2031 3548 spestabss·
2049 3463 2092 3498 ad
2113 3461 2176 3492 ⁶³9·
2198 3456 2245 3489 33'

2020 3523 2045 3545 ι.

2120 2748 2176 2781 Ful.
2199 2761 2244 2788 90.
