2366 3756
482 201 1014 246 Cone-inrum
1084 198 1805 246 ANDEGAVENSE-'ss
1881 204 1975 261 ‘1537

372 545 626 608 Uicumque
660 531 808 589 autem
846 538 1123 590 Clericorum
1158 534 1368 606 deinceps
1403 537 1451 590 in
1486 532 1615 588 armis
1651 537 1936 590 militaverint
1963 574 1976 600 ‚
2009 546 2054 593 &

406 611 668 665 beneficium
702 614 746 663 δε
781 607 1049 661 consortium
1085 607 1355 661 Clericorum
1393 609 1629 660 amittant.

1172 747 1389 792 versnsipsam
1402 748 1527 783 dudum
1541 747 1704 794 pugnavit
1728 748 1890 783 Eeclefia.
1918 749 1964 784 Et
1984 731 2057 784 eam

1173 800 1338 842 praesentis
1350 799 1476 842 synodi
1490 811 1637 843 tempore
1648 797 1882 833 schismaticus
1895 798 2059 834 Constan-

1174 849 1402 893 tinopolitanae
1414 849 1562 893 Ecclefipe
1574 847 1762 884 patriarcha
1787 846 1933 889 Michael
1958 849 2059 883 Ceru-

338 902 413 937 Anc
435 901 620 937 foeditatem
643 903 734 945 supra
753 901 888 945 exposui
917 900 958 935 ad
971 901 1112 934 Remen-
1153 884 1163 958 Ι
1175 899 1273 934 larius
1285 899 1381 934 nobis
1391 901 1520 935 Latinis
1541 898 1660 934 merito
1676 897 1937 943 improperabat.
1965 898 2058 932 Hinc

362 954 427 988 sem
448 950 621 997 Synodum
646 951 753 987 Sanffi
777 951 900 986 Leonis
911 950 991 985 noni
1005 975 1013 983 .
1044 948 1113 985 Ad·
1173 948 1208 982 &
1220 950 1354 992 praesens
1366 949 1486 985 Canon
1500 960 1639 986 conatur
1652 950 1815 984 eradicare
1826 974 1833 981 .
2003 957 2005 962 ·

426 758 916 802 Scirot10N.

1471 1080 1615 1091 ...—

458 1176 534 1260 C
652 1174 746 1267 A
860 1174 959 1257 N
1075 1173 1165 1257 O
1283 1173 1382 1254 N
1553 1169 1832 1259 VIII.

380 1363 635 1430 Uicumque
680 1362 911 1411 Laicorum
950 1356 1120 1424 aliquid
1166 1356 1222 1406 de
1273 1359 1328 1405 iis
1354 1393 1368 1417 ,
1403 1374 1500 1423 quae
1536 1355 1899 1407 adroblationem
1933 1363 1947 1417 ''‚
1995 1356 2071 1404 vel

235 1364 379 1505 Q
416 1429 734 1498 eleemosynam
771 1429 969 1478 Ecclefiae
1004 1425 1222 1495 pertinent
1257 1463 1270 1486 ‚
1306 1427 1392 1476 five
1428 1425 1735 1494 sepulturam,
1791 1426 1881 1476 five
1918 1425 2073 1475 saltem

420 1504 595 1549 tertiam
633 1503 915 1547 Decimarum
952 1514 1124 1567 partem
1158 1495 1368 1566 poffidere
1403 1529 1416 1553 ‚
1464 1495 1652 1543 vendere
1686 1531 1700 1553 ,
1756 1511 1832 1543 aut
1879 1494 1957 1544 sub
1994 1513 2074 1544 no-

232 1574 353 1622 ‘mine
388 1568 589 1619 beneficii
625 1568 757 1618 alicui
792 1565 895 1617 dare
930 1559 1107 1616 ulterius
1159 1560 1470 1635 praesumpserit
1505 1601 1518 1624 ,
1565 1563 1884 1640 Αηεῑὼεῐηαῑίε,
1912 1565 2075 1628 ‘gladio

237 1643 419 1691 feriatur
435 1676 446 1688 .

428 1785 455 1830 S
493 1798 521 1828 C
557 1798 587 1827 H
624 1796 656 1828 Ο
692 1796 716 1827 L
750 1796 767 1827 Ι
804 1798 835 1827 0
871 1796 927 1826 N·
1179 1775 1219 1818 sti
1239 1784 1350 1820 gerunt
1372 1801 1382 1817 ‚
1410 1776 1620 1817 neceffitatibus
1644 1776 1844 1822 sublevandis
1869 1774 2047 1820 expensetur
2064 1800 2075 1816 ‚

1020 1839 1023 1842 ’
1188 1825 1339 1869 disponere
1351 1851 1361 1866 ‚
1389 1838 1446 1860 mm
1459 1831 1616 1861 Laicorum
1634 1855 1644 1869 ,
1669 1833 1747 1861 utin
1762 1826 1831 1870 ficos
1845 1826 2024 1871 suorumque
2042 1837 2077 1859 ex

1190 1875 1238 1908 bis
1249 1878 1412 1919 quidquam
1433 1886 1643 1920 retorqueatur
1652 1877 1738 1920 usus,
1765 1883 1899 1921 exigere.
1926 1881 1981 1911 Hoc
1997 1888 2077 1909 nem-

340 1930 520 1964 Amnatum
542 1927 597 1963 hic
608 1927 744 1963 abusum
767 1929 929 1972 exponit,
957 1926 998 1962 de
1016 1925 1121 1972 Pago·
1181 1927 1223 1968 pe
1242 1937 1337 1970 genus
1361 1933 1504 1960 avaritiae
1526 1933 1558 1960 in
1585 1929 1705 1961 tantum
1729 1926 1872 1971 quosdam
1893 1928 2078 1971 obligaverat

361 1991 433 2014 rum
445 1978 643 2015 Domicellis
655 1990 776 2023 agens,
796 1980 830 2012 in
846 1979 935 2013 libris
943 1978 983 2011 de
993 1977 1118 2011 Laicali
1186 1979 1291 2009 Laicos
1302 1999 1311 2015 ‚
1337 1985 1368 2008 ut
1380 1976 1431 2010 hoc
1448 1975 1567 2019 sejuste
1595 1981 1628 2013 (ν
1640 1978 1864 2012 rationabiliter
1876 2004 1887 2019 ,
1913 1981 1970 2011 imo
1985 1978 2081 2010 incul-

238 2031 446 2066 institutione
481 2031 580 2073 Jonas
623 2028 869 2063 Aurelianensis
917 2028 1119 2071 Episcopus:
1181 2026 1328 2068 pabilner
1347 2026 1459 2069 sellari
1495 2029 1572 2071 poffe
1606 2036 1749 2070 putarent
1789 2041 1798 2071 ;
1826 2029 1913 2061 donec
1935 2025 2079 2072 gloriosus

239 2085 315 2116 Sunt
335 2082 468 2124 plerique
487 2082 626 2114 Potentes
639 2103 650 2120 ,
675 2084 728 2121 qui
741 2079 823 2111 obliti
833 2079 961 2111 Ordinis
983 2079 1119 2112 &Mini
1187 2076 1378 2110 orthodoxus
1404 2080 1539 2111 Domnus
1568 2081 1739 2115 Ludovicus
1775 2083 1942 2122 Imperator
1965 2103 1975 2118 ‚
2002 2083 2080 2110 inter

234 2131 397 2175 steriisui,
423 2128 566 2174 Basilicas
576 2130 747 2172 posfidentes
765 2152 776 2167 ,
802 2129 888 2161 rebat
900 2138 1002 2161 tenues
1016 2152 1025 2166 ‚
1049 2127 1122 2166 fide-
1186 2134 1294 2158 caetera
1313 2131 1439 2166 pietatis
1459 2125 1522 2168 fitae
1550 2129 1708 2169 beneficia,
1739 2140 1807 2170 quae
1828 2128 1944 2171 sanc¹7ae
1957 2127 2081 2162 contulit

241 2185 316 2215 lium
335 2184 405 2213 vero
427 2181 588 2222 largiffimis
614 2182 744 2210 Decimis
769 2177 959 2206 abundantes
984 2197 995 2213 ‚
1020 2183 1121 2206 contra
1187 2173 1320 2214 Ecclefiae
1344 2197 1355 2213 ,
1380 2173 1419 2204 ab
1442 2173 1493 2206 boc
1524 2186 1633 2216 quoque
1657 2187 1721 2207 eam
1748 2183 1910 2209 immunem
1935 2178 2080 2217 effecerit.

237 2230 298 2271 fas
320 2228 385 2270 suis
405 2237 458 2260 aut
479 2229 603 2259 clericis
623 2233 676 2258 aut
698 2229 798 2258 Laicis
813 2223 993 2265 beneficiario
1004 2234 1124 2257 munere
1187 2225 1329 2256 caveant
1352 2225 1418 2265 ergo
1436 2221 1471 2264 se
1483 2227 1569 2256 Laiti
1594 2226 1694 2266 necesse
1708 2224 1745 2264 est
1757 2249 1768 2265 ,
1793 2226 1832 2257 ab
1841 2232 1980 2267 appetitu
1995 2230 2085 2261 Deci-

244 2277 419 2319 conferunt‚
444 2285 478 2309 ut
489 2277 527 2309 de
548 2273 745 2318 hujuscemodi
763 2273 959 2306 oblationibus
982 2275 1016 2306 Θ
1039 2276 1122 2306 Deci·
1188 2284 1306 2305 marum
1326 2272 1549 2306 &oblationum
1558 2273 1694 2314 fidelium
1706 2298 1716 2313 ‚
1744 2285 1778 2307 ne
1791 2276 1954 2317 quidquam
1969 2275 2027 2317 fibi
2041 2287 2082 2311 ex
2099 2304 2123 2335 L

243 2333 305 2361 mis
322 2326 378 2369 fibi
393 2325 548 2368 serviant.
577 2321 816 2367 ,Quodqueimfit
827 2323 1123 2360 extraordinarium,
1188 2321 1235 2353 his
1257 2330 1312 2362 per
1333 2332 1398 2353 eum
1414 2345 1423 2360 ,
1451 2320 1508 2362 nisi
1525 2323 1568 2354 ad
1583 2324 1748 2364 periculum
1767 2323 1856 2366 suum
1881 2349 1892 2364 5
1918 2328 2080 2361 vindicare
2130 2314 2245 2340 vac-19·

245 2373 624 2419 &Religionichrtstianae
643 2378 855 2417 incongruum,
881 2383 931 2404 nec
954 2383 1010 2403 non
1033 2371 1125 2413 &fh-
1184 2370 1260 2412 poffe
1278 2369 1376 2414 sciant
1399 2395 1408 2410 ,
1432 2369 1543 2413 suoque
1576 2379 1708 2407 comem,-
1725 2372 1787 2414 fint
1821 2374 1982 2414 Ministerio
2004 2402 2015 2418 ,
2045 2389 2080 2410 m,

245 2426 386 2460 cientibus
394 2422 607 2467 periculosum,
633 2429 683 2466 qui
694 2423 935 2460 animadvertit,
961 2423 1122 2466 intelligit.
1189 2422 1261 2454 dum
1284 2421 1407 2453 alterius
1429 2420 1600 2463 usurpant,
1621 2422 1694 2466 suo,
1721 2436 1778 2466 quo
1797 2431 1926 2458 contenti
1958 2427 2009 2470 effe
2032 2429 2083 2460 de.

248 2482 324 2510 Non
346 2481 425 2510 enim
444 2476 487 2507 ad
506 2477 683 2513 Laicorum,
702 2471 761 2515 sed
780 2473 823 2504 ad
841 2471 1016 2513 Pontificum
1038 2475 1124 2505 Mini-
1189 2471 1258 2504 bent
1272 2495 1281 2510 ‚
1308 2470 1467 2511 Minislerio
1489 2474 1703 2514 quodammodo
1719 2472 1753 2516 se
1777 2476 1916 2519 indignos
1933 2475 2055 2517 faciant
2070 2503 2081 2518 ,

245 2527 369 2568 sterium
382 2550 393 2565 ‚
413 2533 471 2567 pe,-
487 2535 559 2566 quos
581 2521 716 2565 Bafilicae
740 2526 800 2555 Deo
812 2523 1008 2562 dedicantur,
1032 2527 1125 2565 perti·
1191 2522 1357 2555 &aliorum
1379 2533 1492 2563 quoque
1513 2528 1570 2565 pia
1592 2533 1665 2557 vota
1680 2524 1737 2565 fibi
1754 2530 1786 2558 in
1796 2534 1948 2567 peccatum
1961 2537 2079 2562 conver-

249 2583 299 2611 net
309 2575 436 2618 qualiter
458 2573 615 2606 oblationes
634 2574 669 2606 <y
684 2576 815 2605 Decimae
825 2572 960 2613 fidelium
974 2576 1035 2604 Deo
1047 2572 1125 2605 obla·
1191 2579 1258 2604 tant
1271 2596 1281 2612 ,
1303 2573 1338 2604 ζ’)
1353 2570 1500 2615 sacrilegii
1528 2581 1628 2607 notam
1653 2580 1809 2609 incurrant
1823 2600 1831 2609 .
1859 2575 1937 2611 Post
1960 2578 2079 2611 exstin-

249 2635 290 2660 tae
311 2622 515 2668 dispenstntur
526 2624 679 2656 ordinare.
710 2621 887 2663 Pontificum
899 2620 975 2664 sane*
999 2622 1126 2662 Ministe-
1192 2623 1278 2656 stum
1302 2621 1414 2656 Caroli
1442 2622 1562 2668 Magni
1588 2635 1692 2668 genus
1719 2626 1875 2660 violentia
1900 2629 2075 2662 revixerat.

248 2682 328 2708 rium
349 2674 406 2716 est,
430 2675 574 2717 quantum
594 2685 632 2706 ex
653 2671 758 2715 eisdem
774 2672 908 2714 fidelium
934 2672 1126 2705 oblationibus
1193 2670 1338 2718 Qidarn
1351 2696 1361 2711 ,
1390 2671 1466 2705 licet
1491 2685 1555 2706 non
1571 2684 1676 2715 totas,
1703 2684 1812 2710 tamen
1840 2677 1969 2710 tertiam
1981 2678 2079 2711 Deci-

254 2732 287 2758 in
303 2724 430 2766 fabricis
449 2724 612 2766 applicetur
624 2721 774 2764 Ecclesia,
800 2723 985 2764 quantumin
997 2723 1127 2755 lumina·
1164 2712 1316 2882 fimarum
1343 2731 1438 2764 atque
1470 2722 1678 2758 oblationum
1705 2735 1829 2769 partem
1856 2725 2080 2765 invadebant,

251 2774 336 2808 ribus
355 2775 586 2814 concinnandis,
611 2774 760 2815 quantum
779 2778 812 2805 in
823 2770 984 2815 hospitibus
996 2774 1124 2817 colligen-
1189 2771 1416 2816 expendebant
1439 2772 1474 2805 in
1499 2774 1572 2807 suos
1598 2774 1695 2815 usus,
1721 2785 1778 2809 aut
1801 2775 1873 2809 aliis
1896 2775 2018 2812 dabant
2045 2778 2083 2812 in

253 2826 306 2858 dis
328 2847 338 2863 ,
365 2826 399 2858 ό*
416 2823 593 2864 pauperibus
622 2823 792 2857 recreandis
817 2848 827 2863 ,
852 2831 1055 2865 quantumque
1094 2829 1126 2856 in
1190 2822 1405 2859 beneficium.
1432 2823 1831 2868 lpsoscompescitnoster
1845 2824 1968 2861 Canon
1989 2852 1996 2861 .

254 2874 511 2915 presbyterorum,
537 2884 685 2916 eorumque
705 2878 755 2917 qui
764 2871 860 2916 secum
883 2874 1024 2906 militiam
1038 2873 1125 2907 Chri·
1164 2885 1172 2906 A

546 3103 622 3187 C
736 3105 830 3198 A
945 3106 1245 3214 Naeo
1362 3107 1461 3190 N
1633 3109 1799 3195 lx.

404 3292 659 3356 Uicumque
693 3290 1069 3356 consanguineam
1104 3290 1220 3342 suam
1255 3327 1269 3352 ,
1319 3306 1394 3342 aut
1429 3311 1563 3362 quam
1598 3293 1954 3357 Consanguineus
1989 3291 2083 3343 suus

441 3361 559 3430 prius
594 3377 854 3423 cognoverat
888 3401 902 3426 ,
953 3380 1029 3413 aut
1064 3368 1185 3429 cujus
1221 3360 1597 3426 Consanguineam
1632 3366 1863 3415 carnaliter
1898 3366 1945 3413 in
1979 3380 2084 3411 con-

442 3434 606 3499 jugium
644 3434 822 3501 accepit
856 3468 869 3491 ,
904 3435 976 3485 vel
1010 3434 1218 3503 deinceps
1253 3438 1472 3504 acceperit
1497 3473 1511 3497 ‚
1548 3437 1617 3485 vel
1651 3435 1880 3505 postquam
1916 3448 2081 3494 cogno-

322 3498 573 3571 ChristLupi
586 3502 868 3570 Oper.T0m.V.
1509 3509 1560 3556 M
1639 3523 1659 3567 3
1943 3504 2012 3554 vit
