2366 3756
77 2879 151 2916 Cap.
166 2881 212 2913 46.

79 3329 150 3367 cip.
173 3340 212 3359 ιι.

1096 164 1136 210 T

494 175 1025 218 CON01L1UM

250 259 435 294 mirabilium
462 264 603 297 operator
628 281 638 297 ,
663 256 760 288 clarus
788 251 914 286 babetur
941 276 948 283 .
975 247 1148 284 Clamiffei

249 311 386 343 affirmat
405 307 462 342 sub
491 306 633 350 Imperio
646 303 758 347 Justini
781 302 878 345 primi
902 326 909 333 .
939 301 982 334 Et
1004 311 1044 333 ex
1072 285 1147 332 300¹

247 360 416 393 Servitano
440 356 652 391 Monasterio
674 352 862 396 prodierunt
889 353 922 385 &
948 349 1078 394 plurimi
1100 348 1132 381 &

248 408 429 443 samstiffimi
456 406 693 449 Hispaniarum
721 401 876 444 Episcopi
901 426 911 442 ‚
938 411 1019 442 quos
1047 399 1132 433 inter

247 459 311 493 fuit
351 460 485 493 Sanctus
510 454 687 496 Eutropius
728 452 926 487 Valentinus
964 449 1126 486 Antistes‚

247 519 348 552 quem
374 506 482 543 laudat
511 505 547 537 in
581 505 722 537 virorum
761 501 939 536 illustrium
967 500 1131 543 Catalogo

247 561 377 593 Sanssus
412 556 555 592 Isidorus
595 552 794 596 Hispalensis
834 551 1131 594 Archiepiscopus‚

248 612 281 643 ὅ(
304 608 472 652 adjungit:
501 604 622 646 Scripfit
641 605 685 635 ad
708 606 830 635 Petrum
856 600 1033 644 Episcopum
1047 600 1130 632 Itali-

247 657 356 701 censem
367 658 403 690 de
415 655 599 696 distimfflone
608 653 817 686 Monachorum
828 676 839 692 ‚
861 651 978 695 salubri
999 651 1130 695 sermone

247 707 426 750 compofitam
456 705 629 746 epistolam,
655 706 689 737 Θ·
718 704 813 737 valde*
835 701 987 735 Monachis
1010 699 1129 742 neceffa·

246 764 324 791 riam
365 783 372 789 .
421 755 475 789 Ad
510 755 603 799 quod
629 754 758 787 Donati
795 753 998 793 Encomium
1035 749 1129 789 addit

248 808 412 842 Aubertus
438 805 572 838 Miraeus
597 817 605 837 ι
632 807 767 837 Donatus
785 802 899 845 scripsit
922 802 1065 844 Regulam
1088 801 1132 831 ad

247 863 380 901 Virgines
411 880 421 896 ‚
444 867 538 896 quam
563 867 600 888 ex
622 854 734 894 vetusto
752 855 845 886 codice
871 852 924 896 suo
949 850 1129 894 descriptam

246 912 389 939 Canonici
412 907 578 948 Regulares
601 904 769 944 Monastert’i
783 908 920 945 Corporis
942 901 1053 942 Christi
1076 904 1132 931 Co·

244 959 324 990 Ionia
335 957 379 988 ad
390 967 435 988 me
447 953 694 998 transmiserunt.
725 954 769 987 Et
780 954 879 987 edicit
893 953 982 986 istius
994 950 1129 995 Regulae

243 1005 414 1041 exordium
443 1019 453 1038 .·
493 1005 612 1037 stant‘iis
639 1007 658 1036 ὰ
684 1015 729 1036 me
760 1004 922 1046 plurimum
948 1001 1129 1035 venerandis

244 1056 354 1096 Christi
381 1054 555 1098 Virginibus
579 1054 768 1094 Gautstrudae
795 1078 806 1094 ,
832 1058 966 1095 omnique
983 1050 1047 1094 suae
1068 1061 1133 1083 con-

240 1111 405 1150 gregationi
425 1111 457 1138 in
485 1105 625 1138 Coenobio
638 1129 648 1145 ,
676 1106 696 1136 ἃ
710 1104 833 1145 famula
853 1108 911 1136 Dei
927 1104 1044 1137 Flavia
1064 1112 1129 1134 con-

238 1156 366 1197 stristo,
394 1159 533 1189 Donatus
548 1179 555 1187 .
586 1154 639 1188 Ex
661 1166 727 1198 quo
751 1155 839 1188 lucet
862 1153 1026 1194 utriusque
1041 1153 1130 1186 sexus

242 1206 444 1240 Monasteria
469 1205 488 1238 a
518 1206 637 1239 Sancto
678 1205 816 1238 Donato
843 1215 899 1247 per
934 1201 1129 1245 Hispaniam

244 1257 336 1298 fuisse
361 1255 475 1288 diffusa
513 1280 521 1289 .
553 1254 594 1289 Et
617 1255 690 1298 quis
714 1254 875 1288 inficietur
899 1262 954 1287 aut
982 1252 1129 1296 ambigat

244 1307 347 1349 ipsum
375 1305 468 1339 fuisse
500 1304 751 1349 Augustinianae
778 1305 913 1348 Regulae
938 1304 955 1335 ἔ
996 1304 1129 1336 Etenim

244 1356 354 1389 nullos
381 1356 439 1388 nisi
479 1356 592 1390 :Sandti
616 1354 795 1398 Augustini
822 1352 1012 1388 Monachos
1051 1362 1130 1385 tunc

244 1413 379 1439 noverat
403 1404 564 1438 Africana
590 1404 731 1436 Ecclesia
757 1426 764 1432 .
802 1402 980 1443 Eutropius
1019 1401 1130 1432 floruit

244 1453 302 1489 sub
325 1454 454 1496 Magno
480 1451 648 1495 Gregorio
669 1475 680 1490 ,
707 1462 804 1491 quem
828 1462 943 1484 omnes
957 1450 1086 1483 scimus
1101 1450 1131 1484 ὅ(

243 1502 461 1536 Benedictinae
474 1499 614 1541 Regulae
626 1498 850 1530 zelofiffimum
864 1521 873 1535 ,
900 1499 932 1528 ὅ(
948 1496 1132 1528 Richaredo

242 1549 434 1584 Gothorum
457 1547 495 1580 int
526 1546 686 1589 Hispania
712 1546 825 1590 Regi,
852 1557 889 1578 ac
900 1544 968 1586 ejus
993 1544 1131 1577 Dostori

241 1601 277 1635 &
298 1597 459 1633 Direstori
483 1597 603 1631 Sancto
628 1595 782 1630 Leandro
804 1594 987 1637 Hispalenfi
1013 1592 1133 1626 Archi-

240 1650 393 1694 episcopo
413 1647 508 1682 fuisse
531 1645 780 1680 amicissimum.
822 1645 968 1678 Forsitan
991 1642 1047 1677 ille
1072 1641 1133 1678 hos

241 1699 284 1735 ad
305 1696 544 1734 admittendam
565 1696 659 1730 istam
685 1695 849 1741 Regulam
877 1693 1015 1728 voluerit
1040 1692 1132 1726 indu-

241 1761 312 1785 cere
332 1774 343 1790 ,
375 1749 407 1782 δε
430 1748 566 1783 Sanstus
590 1746 771 1789 Eutropius
796 1770 805 1785 ‚
833 1745 945 1788 utpote
972 1743 1131 1783 Servitani

242 1797 441 1834 Monasterii
464 1807 568 1841 nuper
594 1795 706 1830 Abbas
727 1796 833 1838 &jam
846 1795 1035 1832 protector,
1062 1794 1133 1836 pos}

243 1850 282 1884 fit
309 1861 367 1893 pro
393 1848 503 1887 Sancti
532 1845 712 1890 Augustini
753 1846 880 1890 Regula
911 1844 1132 1879 intercessisse.

243 1898 319 1934 Scio
346 1897 403 1932 has
424 1897 617 1939 quaestiones
654 1897 716 1930 effe
741 1896 825 1934 rixas
865 1893 1068 1929 Monasticas
1096 1904 1133 1932 ac

243 1947 504 1983 interminabiles
523 1946 734 1991 genealogias
761 1971 772 1987 ,
800 1956 860 1981 nec
881 1946 952 1989 ipsis
974 1944 1072 1978 velim
1086 1943 1134 1977 in-

243 1999 371 2033 tricari:
398 2008 544 2031 attamen
567 1997 758 2041 arrogantia:
781 2008 850 2036 non
879 1995 925 2030 est
936 1994 1042 2029 dicere
1056 1994 1132 2028 veri-

243 2059 362 2084 tatem.
393 2046 606 2086 Benediaina
619 2046 748 2090 Regula
773 2046 818 2080 est
842 2057 897 2089 per
908 2046 1061 2080 Summos
1074 2044 1132 2078 Ec·

241 2099 339 2134 clefiae
348 2097 459 2132 Patres
471 2097 616 2140 judicata
632 2095 811 2131 Monachis
823 2098 942 2139 aptior,
954 2107 1051 2139 quam
1067 2094 1134 2128 Au-

241 2149 446 2194 gustiniana,
475 2157 575 2191 atque
590 2148 633 2181 ita
658 2148 748 2191 plura
760 2147 868 2180 Sancti
885 2145 1064 2188 Augustini
1081 2156 1135 2186 per

243 2200 412 2239 Europam
435 2197 636 2235 Monnsteria
658 2196 740 2230 olim
765 2196 911 2227 obtinuit
934 2195 1065 2225 Sanc‘tus
1077 2192 1134 2225 Be·

246 2246 413 2280 nedictus.
441 2243 631 2284 Praesentis,
658 2245 815 2286 inquam,
843 2241 1133 2283 Synoditempore

245 2296 369 2329 nullam
382 2294 605 2327 Monasticam
626 2293 683 2324 nili
711 2291 815 2325 sancti
831 2289 998 2323 Benedisti
1021 2289 1130 2332 Regu·

243 2347 309 2380 lam
337 2352 469 2377 noverat
503 2341 677 2375 Gallicana
706 2363 716 2379 ,
746 2339 858 2372 Italica
888 2362 898 2378 ‚
924 2338 1130 2381 Hispanica‚

244 2392 455 2439 Anglicam,
481 2390 636 2426 &omnis
662 2388 761 2424 ferme:
785 2389 942 2431 Europaea
966 2389 1127 2423 Ecclesia.

246 2445 339 2478 Hinc
354 2443 460 2476 noster
486 2442 607 2475 Canon
621 2440 754 2473 mandat
769 2438 949 2473 Monachis
961 2440 1083 2473 vistum
1097 2440 1130 2473 &

245 2493 398 2528 vestitum
412 2490 543 2536 praeberi
555 2490 646 2534 juxta
660 2489 826 2533 Regulam,
836 2488 939 2522 Sancti
952 2487 1128 2522 Benedicti.

299 2543 353 2577 Ad
375 2541 558 2576 evellendas
571 2540 695 2584 quasvis
718 2539 921 2583 proprietatis
942 2538 1064 2572 radices
1076 2538 1132 2572 ad·

247 2594 296 2627 dit
317 2594 357 2626 de
379 2590 580 2626 Monachis:
610 2589 885 2634 Absquewoluntate
910 2589 1033 2622 Abbatis
1047 2592 1128 2622 Prae-

244 2643 404 2686 posituram
427 2643 562 2684 aliquam
582 2653 639 2674 non
657 2649 801 2674 teneant.
832 2637 961 2678 Voces,
990 2639 1127 2681 Praepoſs-

249 2704 298 2727 tus
325 2705 358 2727 ac
387 2691 583 2734 Praepofimra
603 2717 612 2734 ‚
641 2690 727 2734 apud
755 2690 913 2733 antiquos
939 2689 1132 2723 Monachos

250 2742 433 2778 habuerunt
464 2741 740 2787 fignificationem
764 2740 883 2774 variam
907 2763 918 2779 ,
944 2739 985 2773 de
1008 2751 1071 2783 qua
1095 2740 1131 2773 in

251 2793 325 2827 data
336 2794 398 2827 suis
407 2792 589 2827 Canonicis
602 2791 730 2835 Regula
742 2791 877 2824 Sanctus
890 2789 1131 2834 Crodogangus

251 2844 404 2877 Metenfis
427 2842 630 2887 Episcopus:
657 2844 814 2884 ,Quamvis
836 2850 954 2879 omnes,
980 2845 1031 2882 qui
1050 2848 1131 2882 prae-

246 2892 341 2936 sunt,
368 2891 516 2935 Praepofitt
539 2894 596 2925 rite
616 2893 773 2931 dicantur,
800 2888 869 2934 usus
894 2899 993 2923 tamen
1005 2890 1131 2923 obtinuit

251 2955 296 2976 eor
321 2948 420 2976 vocari
435 2941 631 2985 Praepoſstos,
659 2947 710 2984 qui
734 2941 889 2983 quandam
913 2944 1070 2973 Prior-atus
1082 2951 1132 2973 cu·

253 3005 320 3025 ram
330 2991 383 3035 sub
396 2993 462 3024 aliis
467 3002 595 3035 gerunt.
619 2991 825 3034 Praepofitum
837 2990 917 3023 dicit
939 2990 1106 3025 effeillum
1121 3014 1131 3031 ,

255 3054 351 3086 quem
364 3042 453 3084 plura
465 3039 563 3077 hodie
581 3041 781 3076 Monasteria
795 3050 913 3075 vocant
927 3039 1130 3075 provisorem

255 3104 310 3126 aut
335 3092 579 3127 Procuratorem
605 3116 612 3124 .
641 3091 834 3134 Eodemque
861 3090 962 3125 modo
985 3084 1130 3134 loquitur

257 3144 291 3176 in
321 3143 375 3175 sua
390 3140 518 3185 Regula
544 3142 675 3176 sanctus
689 3140 889 3175 Pachomius
911 3152 917 3171 :
946 3140 1130 3186 Distinguit

255 3193 342 3226 enim
367 3190 562 3225 Monasterii
580 3191 707 3226 Patrem
723 3215 734 3232 ‚
758 3190 953 3224 Monasterii
966 3189 1132 3234 Principes

256 3244 309 3276 seu
332 3241 493 3284 Majores,
520 3241 712 3275 Monasterii
734 3241 940 3283 Praepositum
966 3252 1003 3274 ac
1016 3241 1120 3275 Secun

256 3292 358 3332 dum,
387 3289 419 3324 id
441 3291 485 3325 est
508 3313 519 3330 ‚
549 3290 710 3333 Praepoliti
739 3290 879 3331 absentis
904 3300 959 3322 aut
982 3290 1131 3334 impediti

255 3341 446 3375 Vicarium.
475 3339 576 3386 Qod
589 3340 692 3382 ipsum
714 3341 747 3374 in
760 3341 812 3376 sua
826 3340 953 3384 Regula
966 3340 1042 3374 facit
1057 3343 1132 3375 San-

255 3389 322 3424 stus
335 3392 529 3425 Fructuosus
541 3387 815 3432 Archiepiscopus
829 3391 1053 3424 Braccarenfis
1070 3392 1132 3424 Eo-

254 3442 330 3475 dem
354 3442 443 3475 sensu
464 3440 556 3484 loqui
579 3439 708 3474 videtur
734 3440 799 3474 vita
813 3440 921 3475 Sancti
939 3441 1130 3485 fulgentii:

1174 180 1734 211 HOLOSANUM.
1947 164 2007 221 35'

1200 250 1375 292 Fulgentius
1390 248 1453 290 fine
1469 248 1521 291 sito
1542 247 1650 290 confilio
1672 261 1723 281 nec
1747 259 1810 281 eum
1832 251 1969 280 Fratrem
1983 271 1994 288 ,
2019 250 2070 289 qui

1171 255 1184 971 ¹
1199 299 1351 340 Praepofitt·
1366 300 1490 343 gerebat
1511 300 1641 341 Officium
1652 323 1663 338 ,
1686 296 1797 338 sinebat
1824 297 1942 340 aliquid
1959 308 2045 340 agere
2058 322 2065 329 .

1196 349 1320 382 Lucide
1341 350 1386 381 ita
1401 349 1546 388 loquitur
1559 350 1593 381 in
1606 350 1713 383 Sansti
1729 348 1907 390 Augustini
1922 346 1984 381 vita
1998 346 2070 382 bea·
2087 356 2158 392 Cap.
2172 355 2215 388 27.¹

1195 409 1245 431 tus
1268 397 1495 430 Poffidonius.
1522 397 1682 439 Loquitur
1702 398 1742 431 de
1754 395 1957 430 Monasterio
1969 396 2069 430 Cleri·
2086 396 2157 433 Cap·
2176 405 2223 430 24·

1194 458 1325 480 corum.
1358 447 1401 481 Et
1414 445 1493 480 hinc
1517 447 1604 479 lucet
1615 447 1710 479 aliam
1723 446 1859 481 Clericis
1869 443 2046 490 Augustini
2058 472 2069 488 ‚

1193 496 1291 530 aliam
1312 495 1379 541 ejus
1400 494 1579 529 Monachis
1599 495 1692 529 fuisse
1713 497 1880 538 regiminis
1906 497 2045 530 sormam
2058 521 2070 538 ‚

1192 547 1402 591 &Regulam
1425 545 1498 586 his,
1526 556 1595 579 non
1618 545 1687 578 istis
1712 545 1883 586 scriptam.-
1911 546 1958 579 Ea
1979 546 2069 581 enim

1194 608 1246 639 per
1256 596 1464 640 Praepositum
1480 594 1637 639 intelligit
1652 605 1718 628 non
1731 594 1979 628 Procuratorem
1994 621 2004 635 ‚
2016 597 2071 631 sed

1194 647 1296 690 ipsum
1326 647 1457 680 Patrem
1485 646 1537 679 seu
1565 644 1760 679 Monasterii
1783 644 1972 677 Praefectum
1995 669 2003 676 .
2028 646 2069 680 In

1193 696 1384 738 Monastica·
1403 696 1481 730 item
1506 695 1635 740 Regula
1657 694 1765 728 scribit
1786 694 1920 728 Sanctus
1932 692 2070 728 Isidorus

1195 745 1470 790 Archiepiscopus
1490 745 1705 789 Hispalensis:
1733 745 1781 777 Ad
1794 742 1982 786 Praepofitum
2000 752 2068 786 per-

1192 802 1267 830 tinet
1274 795 1435 839 sollicitudo
1457 795 1687 835 Monasborum,
1714 794 1788 828 attio
1798 792 1950 836 causarum
1964 819 1974 834 ,
1999 805 2071 828 cura

1189 848 1263 891 posse
1284 858 1379 880 tonum
1402 871 1413 888 ‚
1435 845 1515 890 satio
1534 857 1672 891 agrorum
1698 869 1709 886 ,
1730 846 1883 887 plantatio
1904 845 1937 877 (εἰ
1959 845 2071 877 cultura

1194 904 1352 931 vinearum
1377 921 1388 936 ‚
1416 898 1574 941 diligentia
1598 897 1693 940 legum
1714 921 1724 936 ,
1752 893 1919 934 construc‘iio
1938 894 2071 935 aedificio-

1192 959 1259 980 rum
1271 944 1284 988 ‚'
1309 956 1379 990 opus
1390 952 1657 990 carpentariorum
1663 945 1716 989 seu
1730 945 1915 979 Fabrorum.
1944 944 2071 978 Omnia

1193 998 1384 1042 temporalia
1408 997 1604 1031 Monasserii
1629 996 1749 1031 Officia
1769 995 1849 1029 dicit
1861 993 2072 1028 ordinanda&

1192 1047 1312 1088 Patre,
1340 1049 1372 1086 ὃς
1398 1050 1535 1090 spectare
1557 1047 1598 1080 ad
1618 1058 1729 1081 curam
1752 1044 1932 1089 Praepositi.
1963 1044 2073 1078 Etiam

1192 1098 1233 1132 ad
1256 1099 1330 1132 suos
1365 1099 1473 1132 Sanni
1500 1099 1661 1143 Qintini·
1682 1097 1860 1141 Regulares
1881 1093 2073 1129 canonicos

1192 1148 1303 1183 scribit
1326 1148 1459 1183 Sanetus
1485 1148 1544 1181 lvo
1569 1148 1778 1180 Carnutenlis
1790 1146 1991 1190 Episcopus:
2020 1143 2076 1177 Ab·
2096 1159 2212 1196 [gp-32«.

1194 1200 1245 1232 has
1270 1198 1362 1240 vester
1376 1197 1481 1240 faciat
1496 1197 1554 1239 fibi
1567 1196 1778 1238 Praepofitum,
1804 1202 1855 1238 qui
1877 1201 1975 1227 omnia
1997 1201 2075 1228 exte-

1195 1256 1273 1281 riora
1298 1247 1454 1292 disponat.
1486 1248 1528 1282 Et
1542 1249 1574 1280 in
1589 1247 1787 1291 Augustano
1800 1244 1906 1281 Sancti
1920 1242 2076 1278 Udalrici

1197 1299 1399 1342 ⁴Nlionasterio
1422 1299 1521 1333 alium
1536 1298 1680 1336 Sveviae,
1711 1297 1813 1330 alium
1829 1295 1972 1328 Bavariae
1983 1293 2076 1327 fuiffe

1197 1349 1400 1391 Praepositum
1429 1373 1440 1388 ,
1467 1348 1599 1382 testatur
1626 1346 1766 1389 ejusdem
1796 1345 1944 1379 Ecclesiae
1972 1343 2078 1378 Chro-

1200 1399 1297 1431 nicon
1312 1411 1322 1429 .·
1347 1397 1450 1442 Qud
1472 1408 1590 1438 nempe
1613 1398 1693 1428 alter
1718 1396 1804 1438 apud
1828 1397 1971 1434 Svevos,
1999 1394 2079 1427 alter
2099 1393 2163 1422 1:2-
2184 1398 2251 1423 02·

1197 1446 1280 1488 apud
1306 1446 1447 1479 Bavares
1473 1446 1529 1478 fita
1544 1445 1738 1478 Monasterii
1766 1444 1854 1478 bona
1877 1443 2078 1488 gubernaret.

1199 1494 1265 1526 Uti
1288 1493 1433 1534 quaedam
1468 1492 1613 1533 Ecclesia:
1636 1493 1779 1524 diversos
1791 1492 2076 1534 Ammaia-conos,

1197 1542 1241 1574 ita
1265 1551 1383 1584 magna
1408 1539 1571 1574 Coenobia
1597 1540 1703 1574 varios
1715 1538 1856 1574 habuere
1869 1540 2080 1584 Praepositos3

1198 1590 1241 1624 Et
1262 1588 1511 1624 Monachorum
1526 1589 1692 1624 Coenobia
1713 1589 1963 1631 &Clericorum
1986 1616 1994 1623 .
2022 1591 2083 1624 Ea-

1195 1641 1271 1675 dem
1307 1640 1342 1674 in
1382 1639 1622 1685 significatione
1665 1651 1780 1679 vocem
1821 1642 1951 1684 usurpat
1978 1641 2082 1684 prima

1197 1689 1357 1735 Aquenfis
1381 1689 1554 1733 synodus.
1582 1690 1694 1725 Refert
1719 1690 1815 1727 verba
1827 1690 1970 1734 superius
1983 1691 2084 1726 addu-

1197 1744 1246 1777 ἂι
1269 1740 1377 1775 Sancti
1405 1740 1622 1785 Crodogangi
1651 1764 1658 1772 .
1685 1741 1730 1775 Et
1756 1740 1846 1776 hunc
1871 1740 2082 1785 Praepofiturn

1196 1793 1284 1836 leges
1307 1791 1483 1836 Justiniani
1507 1791 1673 1836 appellant
1695 1791 1891 1828 Monasterii
1914 1791 2085 1836 Apocrisa-

1196 1853 1281 1876 rium
1296 1866 1303 1874 .

1247 1891 1355 1927 Aliter
1378 1891 1503 1928 veroin
1519 1893 1668 1928 Ecclefiae
1689 1894 1749 1928 suae
1762 1893 1894 1929 historia
1920 1894 2027 1930 scribit
2040 1894 2083 1928 Si-

1197 1955 1294 1977 meon
1320 1942 1507 1978 Monachus
1530 1945 1761 1979 Dunelmenlis
1774 1959 1784 1979 .·
1811 1944 1937 1978 sanctus
1952 1946 2087 1979 Cudher-
2103 1966 2191 1996 L·4-c
2211 1967 2227 1994 ς

1196 2003 1246 2027 tus
1265 1992 1389 2036 succeffit
1404 2000 1437 2026 in
1463 1994 1638 2037 Praepolitt,
1665 1997 1701 2028 id
1712 1995 1773 2036 est,
1803 1999 1918 2028 Prioris
1941 1997 2080 2038 officium.
2194 1987 2200 1994 ’
2230 1983 2241 2002 q

1198 2048 1284 2077 Nam
1295 2051 1346 2086 qut·
1369 2056 1444 2078 nunc
1458 2047 1542 2077 Prior
1554 2070 1564 2085 ,
1591 2047 1610 2077 ᾶ
1623 2048 1720 2079 Beato
1731 2047 1893 2080 Benedic‘lo
1905 2045 2081 2088 Praepolt'tus

1197 2095 1368 2136 Monaflerii
1391 2096 1577 2137 appellatur.
1607 2097 1699 2130 Hinc
1726 2097 1812 2131 idem
1838 2097 2030 2130 BenediCtus
2051 2097 2080 2130 ei
2102 2084 2172 2120 (ΖΨ
2194 2086 2241 2111 ²¹³

1199 2145 1352 2186 supponit
1375 2155 1493 2178 omnes
1504 2146 1681 2185 Decanos,
1709 2158 1791 2188 quos
1815 2146 1914 2180 hodie
1939 2147 2099 2181 dicimus·

1197 2191 1382 2233 Superiores
1395 2214 1402 2222 .
1434 2191 1520 2223 Eum
1533 2192 1642 2225 statuit
1665 2193 1706 2225 ab
1724 2195 1853 2227 Abbate
1875 2208 1952 2229 cum
1967 2198 2079 2230 melio-

1197 2252 1268 2273 rum
1294 2240 1441 2278 Fratrum
1462 2240 1600 2272 confilio
1624 2241 1815 2284 eligendum
1829 2268 1838 2282 ‚
1866 2245 1899 2277 &
1914 2246 2078 2288 prosequi-

1196 2299 1248 2322 tur
1260 2302 1271 2321 .-
1297 2289 1413 2329 Saepius
1424 2294 1569 2331 contingit
1589 2298 1621 2320 ut
1631 2297 1686 2330 per
1696 2293 1910 2325 ordinationem
1926 2295 2077 2336 Praepositi

1189 2337 1338 2381 scandala
1356 2342 1469 2381 gravia
1493 2342 1525 2370 in
1551 2338 1736 2378 Monasteriis
1755 2348 1912 2383 oriantur,
1941 2346 2012 2377 dum
2016 2345 2077 2386 sint

1194 2389 1288 2430 aliqui
1299 2389 1427 2432 maligno
1433 2386 1544 2430 spiritu
1552 2387 1702 2430 superbiae
1727 2392 1824 2430 infiati
1832 2416 1841 2431 ,
1870 2400 1919 2436 qui
1931 2395 2076 2435 aesliman-

1197 2449 1242 2472 tes
1260 2436 1293 2481 se
1303 2437 1442 2481 secundos
1469 2438 1519 2480 effe
1542 2439 1693 2481 abbates,
1720 2440 1890 2484 affumentes
1910 2444 2075 2486 fibityran-

1197 2490 1319 2528 ntalem,
1340 2486 1485 2530 scandala
1506 2495 1664 2530 nutriunt,
1692 2493 1726 2525 <5
1746 2493 1923 2536 dissensiones
1945 2501 1977 2528 in
2001 2502 2076 2530 Con-

1190 2543 1361 2583 gregatione
1378 2537 1499 2580 faciunt
1520 2551 1529 2580 3
1557 2541 1590 2574 Θ·
1614 2544 1747 2577 maxime³
1769 2549 1801 2575 in
1823 2545 1881 2577 illi's
1905 2548 1972 2579 locis
1989 2572 1998 2586 ,
2025 2549 2075 2581 ubl

1195 2589 1341 2621 abeodem
1362 2590 1539 2630 sacerdote,
1561 2592 1612 2623 vel
1623 2591 1662 2623 ab
1687 2591 1794 2635 eisdem
1805 2595 1973 2629 abbatibus
1986 2623 1994 2636 ,
2022 2604 2073 2640 qui

1196 2638 1339 2672 Abbatem
1349 2639 1491 2671 ordinant
1503 2664 1512 2678 ,
1541 2640 1581 2673 ab
1604 2641 1671 2683 ipsis
1683 2650 1774 2676 etiam
1796 2647 1830 2678 (τ
1844 2647 2019 2688 Praepofitus
2030 2661 2073 2681 or·

1193 2691 1335 2722 dinatur.
1363 2690 1456 2731 ,Quod
1476 2692 1567 2731 quam
1589 2688 1622 2734 fit
1646 2691 1828 2733 absurdum,
1848 2695 1944 2735 facile=
1962 2699 2071 2730 adver„

1193 2746 1266 2772 titur
1277 2762 1284 2770 .
1312 2741 1399 2782 ,Quia
1409 2739 1447 2771 ab
1457 2739 1518 2780 ipso
1534 2747 1618 2772 initio
1628 2743 1826 2776 ordinationis
1838 2753 1964 2778 materia
1978 2754 2003 2780 ei
2017 2749 2072 2780 det-

1192 2800 1240 2822 tur
1261 2787 1470 2831 superbiendi,
1497 2791 1569 2823 dum
1590 2797 1616 2822 ei
1641 2790 2071 2838 suggerituratogitationibus

1186 2838 1271 2883 suis,
1297 2848 1418 2872 exutum
1439 2851 1504 2872 eum
1514 2841 1565 2882 effe
1585 2842 1604 2872 a
1612 2842 1755 2882 potestate
1770 2843 1973 2888 Abbatt'ssui‚
2002 2854 2071 2890 quia

1191 2890 1228 2922 ab
1248 2887 1312 2931 ipsis
1325 2889 1362 2929 est
1386 2891 1542 2923 ordinatur
1567 2914 1578 2930 ‚
1606 2893 1626 2922 a
1648 2892 1753 2934 quibus
1776 2895 1810 2926 Θ·
1834 2895 1932 2928 Abbas
1955 2921 1961 2927 .
1992 2904 2071 2932 Hinc

1186 2938 1366 2983 suscitantur
1385 2941 1513 2973 invidiae
1528 2965 1537 2980 ‚
1564 2947 1643 2974 rixae
1667 2967 1676 2981 ,
1706 2943 1895 2977 detraeitones
1917 2969 1926 2983 ‚
1952 2950 2072 2980 temula‘

1191 2996 1303 3030 tiones,
1330 2989 1506 3032 dissensiones
1520 3015 1530 3030 ‚
1556 2993 1818 3026 exordinationes.
1847 2997 1984 3028 Et'dum
2004 3009 2069 3030 con-

1191 3040 1349 3082 trariafiln’
1363 3045 1491 3073 invicem
1504 3041 1604 3073 Abbas
1618 3041 1990 3086 Praepofitusquefi’ntiunt
2004 3072 2012 3086 ,
2037 3050 2070 3081 Θ·

1192 3089 1317 3132 ipsorum
1335 3091 1434 3131 necesse
1460 3091 1496 3130 est
1504 3090 1561 3132 sub
1585 3090 1639 3123 bac
1653 3092 1815 3135 dissenfione
1826 3102 1943 3128 animas
1951 3099 2070 3137 pericli-

1193 3146 1252 3172 tari
1265 3164 1275 3180 ,
1301 3142 1430 3181 &iiqui
1445 3138 1577 3183 subipfis
1595 3139 1688 3184 suut,
1713 3144 1783 3175 dum
1803 3146 1967 3179 adulantur
1975 3154 2070 3188 parti-

1193 3189 1246 3222 bus
1259 3213 1269 3229 ,
1293 3199 1362 3224 eunt
1375 3196 1407 3222 in
1417 3192 1633 3231 perditionem.
1662 3194 1759 3233 Cujus
1768 3197 1891 3235 periculi
1903 3198 2011 3228 malum
2022 3199 2070 3232 illo

1194 3237 1306 3282 respicit
1317 3246 1348 3273 in
1361 3246 1458 3281 capite
1469 3266 1478 3281 ‚
1505 3247 1555 3282 qut·
1578 3241 1686 3274 talibus
1702 3249 1734 3275 in
1748 3245 1930 3278 ordinatione
1932 3245 2070 3287 fecerunt

1194 3289 1339 3323 aut‘lores.
1368 3293 1487 3331 Ideoque
1510 3303 1559 3323 nos
1569 3294 1776 3333 pra-videmus
1802 3296 1941 3335 exped1re
1949 3305 2070 3338 propter

1191 3345 1276 3380 pacis
1299 3339 1507 3383 charitatisque
1529 3341 1683 3381 custodiam
1711 3367 1720 3382 ,
1747 3349 1779 3375 in
1802 3344 1926 3378 Abbatis
1942 3348 2070 3387 pendere

1195 3390 1317 3421 arbitrio
1343 3393 1556 3425 ordinationem
1583 3392 1748 3431 Monasterii
1769 3392 1818 3435 sui
1844 3419 1849 3425 .
1878 3399 1924 3427 Et
1945 3418 1954 3433 ‚
1974 3393 2005 3434 fi
2019 3393 2074 3435 fie-

1194 3445 1220 3473 rt
1242 3438 1333 3481 potest
1370 3464 1381 3482 ‚
1415 3449 1469 3482 per
1507 3445 1642 3476 Decanos
1678 3444 1827 3483 ordinetur
1863 3449 1955 3475 omnis
1992 3445 2071 3478 utili-

1973 3501 2021 3526 tas

2098 2315 2171 2353 Cap.
2189 2319 2237 2352 65.
