2366 3756
390 99 496 152 “344

703 90 745 137 S·
781 81 1100 139 GERoontr
1136 106 1375 139 saprum
1410 77 1758 141 Ponrirlssls

325 176 361 213 in
379 173 639 211 Chalcedonenfi
659 175 796 216 synodo
819 177 904 212 reste
923 188 1142 221 provocarunt
1157 180 1205 215 -ad
1269 180 1331 215 lica
1346 181 1487 225 legatio:
1513 181 1593 216 Hoc
1612 181 1680 223 est,
1704 180 1793 224 quod
1817 180 1906 217 nulla
1923 180 2141 219 ProvincialIs

325 228 482 263 Nicaenos
503 224 678 259 Canones.
705 225 824 261 Hoece
845 227 934 262 enim
943 227 1135 265 Patriarehae
1155 230 1204 273 jus

323 276 373 315 cst
386 285 474 310 vetus
492 273 574 309 illud
586 299 597 315 ,
624 276 657 309 in
672 275 800 311 laudata
814 277 942 312 Arsenii
957 279 1112 324 Episcopi
1132 291 1204 324 pror

324 327 460 361 feffione
478 324 645 360 laudatum
658 350 669 365 ‚
692 325 924 362 Alexandrinae
947 330 1098 364 Ecclefiae
1109 330 1200 365 Insti-

323 385 459 417 tutum‚
486 375 526 410 de
546 386 613 419 quo
624 375 774 410 adversus
796 378 1003 413 laceratorem
1014 381 1082 422 ejus
1097 381 1201 415 Mele-

324 425 408 459 tium
428 425 534 460 edixit
556 427 663 460 sextus
676 425 794 462 Nicaeae
817 429 957 463 Canon:
987 436 1119 473 Antiqua
1139 441 1202 464 con-

318 474 441 518 suetudo
445 475 586 519 servetur
591 485 648 518 per
659 479 824 521 AEgyptum
835 504 846 519 ,
874 480 995 518 Lybiam
1005 506 1016 522 ‚
1043 481 1078 514 Θ
1090 484 1201 514 Penta-

315 527 428 567 polim,
457 533 502 560 ita
522 536 556 560 ut
579 527 803 565 Alexandrinus
826 528 991 572 Episcopus
1017 530 1122 564 horum
1140 543 1198 564 om·

319 582 402 608 nium
415 576 522 613 babeat
534 576 706 620 potestatem
717 602 724 610 .

369 627 413 661 Et
434 627 610 671 adjungit:
636 629 723 671 ,Quia
744 630 872 664 &urbis
883 635 987 664 Romae
1002 634 1114 674 parilis
1136 644 1199 664 mos

315 675 372 717 est.
389 677 431 711 Et
443 677 530 711 certe
542 678 805 714 Alexandrinam
824 680 997 717 Ecclesiam
1009 695 1046 717 ac
1061 683 1200 716 Patriar-

315 726 453 760 charum
475 728 583 761 Sancti
596 727 684 762 Petri
711 730 864 773 Apostoli
877 732 1069 776 Discipulus
1091 732 1196 766 Evan-

313 776 429 820 gelista
451 777 585 812 Marcus
607 777 774 813 fundavit.
808 781 900 829 Qin
917 782 1105 817 Romanam
1119 782 1200 816 Hie—

312 825 445 860 rarchiae
456 829 597 862 formam
626 828 694 863 illic
706 830 862 872 plantarit
873 856 882 871 ‚
909 841 979 866 non
991 832 1036 866 est
1050 831 1196 866 dubitan-

312 876 412 910 dum.
441 878 486 911 Et
513 879 601 922 quod
629 880 808 921 parilisiste
819 892 891 916 mos
904 883 998 926 plene
1011 883 1149 927 viguerit
1162 883 1197 917 in

311 926 467 962 omnibus
488 927 739 969 suburbicariis,
768 929 802 965 id
827 932 895 972 est,
922 933 963 966 ad
980 933 1087 967 Almae
1109 932 1197 967 urbis

310 976 595 1022 Metropoliticarn
622 981 817 1022 potestatem
843 983 1059 1027 spectantibus
1085 983 1197 1018 Eccle-

309 1027 363 1061 siis
375 1051 385 1067 ‚
411 1029 597 1065 aud-ivimus
620 1029 713 1073 supra
727 1030 745 1063 ὲ
757 1032 876 1067 Sansto
889 1033 989 1068 Petro
1016 1034 1196 1076 chrysolo-

309 1088 354 1121 go
367 1102 377 1117 ‚
405 1079 580 1123 firmatque
595 1079 770 1124 Presbyter
781 1082 936 1118 Ruffinus
948 1108 956 1116 .
983 1084 1116 1118 Etenim
1130 1083 1195 1118 lau-

309 1128 404 1160 datus
425 1127 542 1163 Petrus
564 1139 645 1164 tunc
666 1130 774 1165 adhuc
784 1144 851 1167 erat
871 1133 1108 1170 suburbicarius
1121 1133 1196 1176 Epi·

308 1178 420 1220 scopus
440 1203 451 1218 ,
477 1189 533 1213 aut
556 1181 642 1215 certe
662 1182 842 1217 retinuerat
866 1184 940 1216 ta-lis
965 1181 1120 1225 Episcopi
1141 1194 1194 1215 na-

308 1236 413 1260 turam
434 1253 441 1261 .
475 1228 606 1273 Nempe
633 1229 675 1263 ad
704 1230 933 1264 Valentiniani
967 1232 1053 1265 tertii
1084 1242 1192 1274 preces

304 1276 440 1311 Sanctus
462 1279 532 1312 Leo
546 1279 778 1314 Ravennatem
790 1280 964 1314 Ecclesiam
979 1282 1060 1325 erigi
1074 1282 1109 1314 in
1120 1282 1189 1315 Me-

305 1328 530 1369 tropoliricam
555 1327 742 1371 permiserat
770 1329 864 1363 salvis
885 1331 1047 1365 Romana}
1067 1330 1188 1375 Cathe-

303 1376 386 1410 derae
406 1375 550 1419 juribus:
581 1377 688 1413 Unde
707 1378 927 1414 &Ravennas
952 1382 1052 1415 etiam
1074 1379 1190 1415 Archi-

301 1427 472 1470 episcopus
485 1428 547 1460 fuit
558 1453 568 1468 ‚
596 1427 822 1463 suburbicario
843 1442 935 1465 more
947 1456 958 1471 ‚
988 1434 1109 1475 semper
1123 1432 1191 1465 Ro-

301 1488 362 1511 mae
384 1478 602 1512 consecratus.
631 1479 730 1526 Qin
756 1481 838 1513 &in
861 1482 984 1515 cunctis
1007 1481 1047 1516 ad
1066 1479 1190 1515 Rorna-

300 1538 379 1560 num
392 1526 649 1562 Patriarchatum
672 1529 887 1570 spectantibus
900 1531 1129 1574 Metropolitis
1151 1544 1188 1565 ac

299 1575 564 1611 provincialibus
589 1577 736 1620 Synodis
759 1580 894 1624 viguisie
931 1581 1029 1614 istum
1052 1580 1186 1624 parilem

298 1637 425 1661 morem
444 1653 455 1668 ,
482 1627 581 1662 docet
606 1628 761 1662 Romana
790 1627 990 1663 Melchiadis
1012 1653 1025 1669 ‚
1052 1642 1122 1664 non
1145 1642 1187 1664 ex

297 1677 377 1710 solis
388 1677 501 1716 Italis,
529 1677 582 1710 sed
598 1677 697 1711 etiam
709 1688 751 1710 ex
770 1677 880 1712 Gallis
894 1676 1064 1721 Episcopis
1080 1678 1192 1713 adver·

298 1726 370 1760 sum
398 1725 592 1760 Donatistas
618 1726 755 1761 collecta
780 1750 792 1768 ,
830 1728 863 1762 δε
885 1727 920 1761 in
945 1727 1049 1763 solum
1070 1727 1191 1771 Papale

298 1787 421 1812 nomen
437 1786 595 1820 concepta
606 1777 761 1820 synodus
772 1801 783 1817 ‚
804 1777 838 1811 in
852 1789 916 1822 qua
930 1779 1019 1813 solus
1033 1778 1190 1813 Pontifex

298 1827 397 1861 dicit:
427 1825 553 1869 Censeo.
581 1828 630 1861 Ita
650 1830 784 1862 testatur
796 1828 930 1863 Snnstus
951 1831 1094 1872 Optatus
1111 1829 1189 1873 Epi-

298 1879 412 1920 scopus
443 1877 663 1912 Milevitanus
689 1904 696 1912 .
723 1877 825 1925 Qo'd
850 1878 967 1922 nempe
994 1880 1028 1913 in
1052 1890 1189 1914 omnem

297 1928 388 1962 suam
410 1926 666 1963 Patriarchalem
692 1929 866 1971 Synodum
887 1955 897 1970 ,
928 1930 962 1963 δε
985 1932 1119 1963 cunctos
1147 1929 1187 1962 ad

297 1978 399 2022 ipsam
413 1980 593 2022 spectantes
608 1978 788 2023 Episcopos
802 1980 891 2021 Papa
903 1976 1037 2011 haberet
1050 1976 1189 2021 pleniffi’

297 2041 387 2063 marn
409 2029 626 2072 potestatem,
653 2029 796 2072 ideoque
817 2028 928 2061 nullus
951 2027 1003 2061 vel
1028 2028 1116 2060 intra
1136 2027 1187 2059 vel

298 2090 388 2112 extra
408 2080 509 2121 ipsam
532 2076 668 2112 haberet
694 2077 886 2120 suffragium
913 2076 970 2108 nifi
999 2075 1187 2109 consultati-

296 2140 377 2162 vum
392 2153 398 2160 .
426 2128 471 2160 Et
501 2126 581 2159 hinc
595 2127 737 2168 Ioannes
747 2124 916 2168 Launojus
934 2124 970 2158 in
986 2124 1133 2169 Epistola
1145 2126 1184 2160 ad
1250 2124 1323 2169 sunt
1335 2143 1343 2157 ;
1369 2125 1451 2160 Non
1461 2123 1875 2163 tantumaprovinciarum
1889 2153 1901 2170 ‚
1926 2128 1980 2164 sed
1998 2129 2130 2164 etiama
2147 2132 2179 2162 L.
2191 2138 2249 2168 7·c.
2260 2137 2273 2166 5
2278 2139 2308 2167 3.

295 2177 507 2215 Ludovicum
529 2175 707 2209 Marefium
730 2176 894 2210 affirmans
918 2174 1111 2219 Capuanam
1123 2178 1182 2219 Sy-

295 2227 424 2262 nodum
451 2237 520 2259 non
534 2224 628 2260 fuisse
640 2226 826 2271 generalem
837 2249 848 2265 ‚
872 2228 906 2260 ὅ(
920 2226 976 2269 ipsi
988 2236 1099 2261 tamen
1116 2227 1185 2260 sub·

293 2278 393 2312 fuisse
405 2277 557 2310 Siricium
570 2274 770 2310 Pontificem
781 2301 793 2318 ‚
803 2285 886 2310 errat
897 2285 970 2311 toto
982 2276 1068 2310 coelo
1078 2301 1087 2308 .
1101 2276 1186 2310 Ean-

299 2328 375 2363 dem
399 2329 582 2370 supremam
604 2323 961 2361 RomaniParriarchae
981 2326 1015 2359 in
1028 2328 1104 2360 suos
1113 2325 1191 2361 ubi—

300 2391 362 2423 que
374 2377 554 2421 Episcopos
565 2377 757 2419 potestatem
770 2386 979 2421 agnoverunt
987 2376 1093 2420 plures
1103 2376 1183 2410 olim

301 2428 468 2462 Gallicani
483 2427 659 2471 Episcopi,
684 2427 726 2462 de
740 2428 856 2471 quibus
868 2428 906 2461 in
925 2426 1009 2461 libro
1021 2427 1062 2461 de
1072 2427 1182 2461 Eccle—

301 2480 499 2514 fiasticarum
515 2488 622 2511 rerum
634 2477 1027 2521 dispensatione-Samius
1039 2475 1186 2522 Agebat-

301 2529 362 2564 dus
382 2528 611 2574 Lugdunensis
635 2526 935 2572 Archiepiscopus:
961 2530 1037 2561 Sunt
1052 2528 1185 2570 quiGnl-

301 2582 412 2615 licanos
437 2584 575 2612 Canones
594 2586 646 2611 aut
670 2579 801 2612 aliarum
825 2581 983 2621 Regionum
1000 2585 1111 2620 putent
1129 2589 1188 2611 non

301 2631 482 2673 recipiendos
497 2654 507 2670 ‚
533 2631 566 2664 εὸ
579 2630 660 2671 qued
671 2632 780 2674 Legati
793 2634 922 2662 Romani
939 2634 971 2660 in
981 2640 1078 2662 eorum
1091 2628 1190 2669 consti-

303 2687 414 2715 tutione
424 2691 482 2713 non
500 2677 699 2721 interfuerint
710 2704 719 2712 .
748 2680 791 2713 Et
806 2680 838 2712 in
856 2680 943 2713 libro
951 2689 1069 2712 contra
1081 2677 1191 2712 barba-

305 2744 353 2765 ras
366 2729 646 2776 Burgundionum
660 2729 746 2774 leges
760 2743 767 2763 :
796 2734 932 2764 Canones
944 2729 1097 2762 Gallicani
1113 2726 1198 2772 quast

302 2780 443 2825 superflui
465 2789 518 2813 aut
540 2781 659 2813 inutiles
678 2782 699 2812 ἆ
721 2779 899 2825 quibusdam
923 2778 1100 2821 respuuntur
1122 2803 1136 2819 ‚
1161 2780 1192 2812 εό

309 2832 388 2873 quad
419 2835 571 2862 Neoterici
593 2834 722 2862 Romani
746 2841 791 2864 eos
816 2841 875 2862 non
901 2831 1195 2867 commendaverint,

309 2882 372 2914 ciem
386 2884 503 2921 antiqui
527 2879 662 2921 religiosi?
682 2890 729 2912 eos
741 2879 946 2919 veneratisint
956 2903 967 2918 ‚
993 2884 1133 2921 quoniam
1143 2889 1193 2912 ve-

312 2931 440 2965 nerandi
467 2930 500 2961 (9¹
511 2926 612 2971 saanIi
624 2933 686 2962 virt·
705 2940 751 2962 eos
764 2930 943 2962 ediderunt.
970 2927 1031 2963 Per
1043 2928 1195 2963 Neoteri-

312 2993 368 3016 cos
392 2981 566 3013 Romanos
597 2977 757 3023 intelligit
790 2978 837 3012 sui
863 2977 969 3012 saeculi
990 2977 1193 3018 Pontifices,

313 3030 370 3074 qui
381 3030 500 3071 lapsam
512 3029 545 3062 in
561 3027 670 3062 Gallia
678 3027 962 3062 Christianitatem
974 3039 1030 3072 per
1041 3030 1195 3062 SanCium

313 3079 524 3115 Bonifacium
551 3089 731 3120 repararant
751 3104 758 3111 .
789 3079 833 3113 Et
859 3078 895 3112 hi
915 3080 948 3113 &
968 3078 1039 3122 ipfis
1060 3079 1194 3113 consen·

314 3132 433 3165 tientes
448 3127 602 3171 Episcopi
616 3139 682 3161 non
698 3128 788 3171 juxta
801 3128 1010 3169 Gallicanos,
1038 3129 1090 3162 sed
1102 3129 1194 3172 juxta

316 3180 403 3214 solos
416 3178 612 3213 universales
626 3175 772 3213 Ecclefiae
785 3179 940 3213 Canones
956 3177 1112 3212 volebant
1126 3190 1196 3222 pro-

1266 232 1442 274 Synodus,
1466 231 1555 275 juxta
1575 232 1680 266 Sansti
1704 231 1792 266 Petri
1804 231 2002 279 Chrysologi
2022 236 2139 278 profes-

1259 281 1413 323 nonem,
1438 281 1505 317 fine
1527 281 1674 316 Romani
1701 280 1857 324 Episcopi
1875 283 2033 318 consensu
2043 285 2140 328 poffit

1265 329 1447 367 Catholicae
1468 332 1546 367 fidei
1565 341 1619 366 aut
1629 331 1786 377 generalis
1808 330 1986 375 disciplinae
1998 334 2099 369 caufis
2109 335 2142 369 se

1264 382 1396 416 miscere
1419 407 1427 414 .
1454 380 1556 430 Qcid
1584 383 1784 417 Francorum
1807 382 1841 415 &
1862 380 2139 426 Burgundionum

1263 431 1298 465 in
1310 431 1419 465 Gallia
1438 431 1648 477 regnantium
1669 430 1821 466 adversus
1832 431 2023 467 Romanum
2035 433 2141 477 Impe-

1263 482 1347 514 rium
1367 481 1532 517 aemulatIo
1553 493 1616 518 nec
1635 483 1743 518 referri
1761 482 1964 527 permitteret
1987 482 2027 517 ad
2047 482 2138 526 Apo·

1262 531 1409 567 stolicam
1420 532 1554 574 Sedem,
1583 533 1775 576 queriturin
1787 532 1902 566 litteris
1922 532 1963 567 ad
1978 533 2136 568 Faustum

1262 592 1299 615 ac
1325 581 1563 625 Symmachum
1594 584 1767 618 Romanos
1801 584 1972 617 Senatores
2001 583 2137 617 Sanstus

1263 631 1383 668 Avitus
1406 631 1601 668 Viennensis
1623 634 1807 677 Episcopus
1829 645 1836 664 :
1863 633 1957 666 Hinc
1979 633 2138 668 servandae

1262 681 1330 715 illic
1342 681 1598 718 Christianitatis
1617 684 1689 718 zelo
1712 684 1868 727 majorem
1888 682 2137 718 Provinciarum

1261 732 1409 775 Synodis
1429 745 1504 766 cum
1527 734 1574 768 sui
1597 732 1809 768 patriarchici
1828 732 1905 777 juris
1927 733 2137 767 decremento

1260 783 1484 817 auctoritatem
1509 783 1701 828 Apostolica
1723 784 1821 819 Sedes
1845 783 2137 818 diffirnulandoin-

1259 833 1352 867 duliit
1374 857 1382 865 .
1412 833 1486 869 Nec
1507 835 1597 868 enim
1617 835 1773 878 fingulare
1801 834 1865 868 fuit
1885 833 1971 867 istud
1993 833 2137 868 Alexan-

1259 883 1343 916 drini
1368 883 1437 926 jus,
1467 884 1522 918 sed
1545 895 1722 919 commune
1743 883 1896 919 omnibus
1919 882 2135 917 patriarchis.

1259 935 1351 967 Hinc
1374 935 1524 971 meliores
1550 934 1584 968 in
1596 935 1703 970 Gallia
1726 947 1766 969 ex
1776 933 1896 978 Magni
1907 933 2020 967 Caroli
2039 933 2135 976 stirpe

1259 983 1367 1027 Reges
1389 985 1471 1017 nacti
1497 984 1675 1019 Pontifices
1708 986 1820 1020 conati
1845 985 1921 1018 sunt
1952 984 2055 1026 ipsum
2074 982 2136 1016 fibi

1258 1044 1416 1077 reparare.
1447 1033 1548 1078 Quod
1562 1045 1617 1077 per
1638 1037 1822 1077 praesentem
1834 1033 2010 1068 Canonem
2021 1031 2136 1067 denuo

1256 1084 1333 1118 fecit
1360 1083 1539 1125 Gregorius
1571 1085 1725 1125 septimus
1745 1110 1753 1117 .
1791 1083 1883 1132 Qid
1907 1084 1930 1117 fi
1955 1084 2027 1126 quis
2047 1083 2137 1116 dicat

1259 1131 1540 1165 Eminentiffimos
1550 1132 1717 1167 Dominos
1738 1146 1779 1168 ex
1792 1132 1845 1167 his
1867 1132 2137 1177 principiislocu·

1257 1183 1326 1215 tos?
1360 1180 1460 1214 Certe
1478 1180 1536 1215 ista
1550 1182 1713 1223 responsio
1727 1182 1881 1218 subvertit
1892 1193 2009 1219 omnes
2018 1192 2136 1216 contu·

1257 1231 1368 1265 melias
1378 1231 1515 1274 Joannis
1528 1231 1671 1266 Launoii
1685 1256 1692 1263 .

1305 1281 1464 1316 Attamen
1486 1281 1638 1315 existimo
1661 1281 1747 1324 ipsos
1759 1293 1827 1316 non
1847 1281 1888 1318 de
1901 1280 2136 1321 patriarchali,

1255 1331 1307 1366 secl
1320 1331 1361 1366 de
1372 1330 1486 1375 Papali
1503 1343 1540 1366 ac
1552 1331 1742 1365 universalis
1756 1330 1954 1375 Apostolicae
1975 1331 2068 1367 Sedis
2080 1341 2137 1375 po-

1255 1382 1367 1416 testate
1379 1382 1509 1416 locutos
1520 1408 1527 1414 .
1552 1381 1778 1416 Provinciales
1790 1383 1823 1417 in
1835 1382 2019 1418 Occidente
2030 1383 2138 1424 Syno-

1253 1430 1313 1466 dos
1336 1434 1440 1467 fateor
1452 1443 1493 1466 ex
1512 1432 1604 1466 avito
1616 1442 1707 1467 more
1718 1434 1805 1475 posse
1828 1433 1965 1468 statuere
1974 1432 2076 1467 etiam
2095 1428 2137 1464 de

1254 1482 1318 1516 fide
1330 1483 1364 1517 &
1377 1481 1523 1528 generali
1542 1482 1688 1517 Ecclefiae
1698 1483 1869 1526 disciplina
1883 1509 1890 1517 .
1917 1481 2046 1517 Verum
2057 1491 2136 1515 cum

1254 1533 1479 1566 moderamine
1493 1532 1627 1567 laudato
1636 1543 1692 1575 per
1702 1533 1854 1567 Sanctum
1866 1532 2091 1578 augustinum
2100 1531 2137 1565 in

1253 1581 1342 1615 libris
1356 1584 1396 1616 de
1408 1583 1578 1626 Baptismo
1589 1582 1755 1617 adversum
1769 1584 1981 1618 Donatistas:
2007 1584 2139 1627 Quomo-
2152 1598 2182 1628 L
2196 1607 2223 1628 2,
2238 1606 2263 1629 c,
2278 1606 2310 1637 4..

1251 1632 1289 1665 do
1295 1637 1392 1673 potuit
1409 1633 1463 1672 ista
1478 1630 1519 1663 de
1529 1643 1599 1665 non
1623 1633 1772 1668 iterando
1786 1634 1954 1676 Baptismo
1977 1644 2026 1665 res
2036 1635 2137 1664 tamis

1250 1681 1474 1715 altercationum
1486 1680 1602 1714 nebulis
1612 1682 1749 1713 involuta
1759 1684 1806 1714 ad
1806 1684 1938 1723 plenarii
1949 1681 2072 1713 concilii
2088 1681 2135 1714 lu-

1251 1731 1400 1762 culentam
1423 1728 1645 1767 illustrationem
1668 1731 1971 1772 confirmauonemque
1987 1730 2135 1770 perduci,

1253 1777 1414 1821 nifiprimb
1427 1778 1542 1810 diutins
1548 1785 1605 1819 per
1614 1776 1693 1809 orbis
1706 1782 1855 1812 'terrarum
1867 1783 2017 1823 Regiones·
2029 1779 2135 1811 mltis

1252 1829 1319 1862 hinc
1333 1839 1422 1871 atque
1432 1830 1503 1860 inde
1523 1826 1776 1870 disputationibus
1797 1831 1831 1863 (ς’
1842 1827 2046 1863 collationibus
2058 1831 2136 1869 Ep!-

1247 1877 1395 1921 scoporum
1401 1877 1594 1919 per-tradam
1603 1877 1766 1917 constaret?
1794 1880 1838 1914 Et
1852 1880 1889 1914 in
1910 1881 1977 1914 alio
1990 1876 2135 1921 ejusdem

1251 1929 1358 1971 operis
1368 1927 1453 1961 libro
1466 1928 1628 1963 scribit·de
1639 1929 1701 1963 alia
1714 1930 1797 1963 circa
1809 1928 1895 1964 hanc
1905 1940 1973 1965 rem
1988 1927 2136 1974 quaestio-

1254 1989 1295 2012 ne
1309 1990 1316 2009 :
1344 1982 1380 2010 N
1382 1977 1444 2010 obis
1454 1986 1552 2011 tutum
1570 1977 1615 2019 est
1623 1984 1655 2012 in
1662 1982 1702 2012 ed
1720 1989 1778 2011 non
1782 1982 1925 2023 progredi
1936 1981 2038 2021 aliqua
2047 1988 2136 2012 teme-

1253 2032 1342 2060 ritate
1361 2027 1511 2072 sententis
1528 2052 1539 2068 ,
1566 2039 1622 2070 quq
1647 2030 1724 2061 nullo
1747 2033 1779 2061 in
1805 2029 1958 2062 Catholico
1977 2028 2133 2072 Regmalt

1255 2077 1382 2109 Comata
1398 2085 1494 2117 carpta
1504 2104 1508 2106 ,
1517 2100 1529 2116 ,
1555 2078 1635 2114 nullo
1655 2081 1793 2118 plenario
1813 2081 1942 2113 Concilio
1967 2083 2132 2112 termnaeta

1257 2175 1447 2220 Regionum
1461 2177 1512 2208 seu
1525 2176 1717 2213 Dioecefium
1732 2177 1874 2220 synodis
1890 2178 2043 2215 adfirmat
2052 2177 2137 2222 dog*

1255 2229 1391 2263 maticas
1400 2225 1594 2270 quaestiones
1612 2227 1712 2271 incipi
1726 2242 1747 2269 ,⁸
1762 2227 1942 2274 disputari,
1969 2226 2139 2270 confusia

1256 2277 1405 2316 wadiari,
1430 2275 1595 2320 praeparari
1616 2301 1628 2318 ,
1656 2277 1768 2313 verum
1788 2280 1807 2314 a
1830 2280 1907 2314 solis
1926 2277 2139 2325 generalibus

1257 2327 1352 2369 plene
1390 2326 1540 2361 illustrari
1563 2331 1585 2367 ,ἴ
1610 2330 1810 2363 confirmari·
1823 2353 1834 2369 ‚
1867 2342 1906 2364 ac
1943 2328 2135 2365 terminari.

1256 2376 1386 2420 Nempe
1414 2378 1448 2411 ὅ(
1471 2377 1694 2416 provinciales
1722 2379 1757 2412 δι
1780 2379 1983 2415 Dioecefanae
2003 2377 2135 2421 Synodi

1258 2427 1457 2471 porera‘ntde
1479 2427 1549 2461 istis
1557 2428 1789 2471 quaestionibus
1799 2432 1967 2468 conferre,
1992 2428 2138 2471 disputa·-

1258 2489 1314 2518 re,
1336 2476 1535 2518 interloqui,
1561 2478 1672 2512 voerurn
1685 2479 1913 2515 nondefinires
1936 2477 2140 2524 Judicabaau

1258 2529 1439 2561 enimcum
1461 2538 1559 2561 onere
1579 2527 1731 2562 faciendae
1753 2553 1763 2569 ,
1782 2540 1860 2574 quai
1880 2528 2138 2566 devolvebat-ne

1259 2577 1471 2622 suspendebat
1492 2578 1625 2618 omnia,
1651 2579 1693 2612 ad
1714 2579 1907 2614 Romanum
1929 2579 2137 2623 Epist-opum

1259 2627 1425 2662 relationis
1449 2645 1461 2667 9
1478 2627 1629 2670 ideoque
1654 2626 1824 2661 dumtaxat
1845 2626 2139 2663 interlocutorimb

1258 2689 1324 2711 erat
1336 2678 1478 2721 ipsarum
1491 2675 1668 2718 judicium,
1688 2675 1971 2712 non-definitivum
1989 2701 1997 2709 .
2021 2674 2138 2722 Quor}

1260 2729 1364 2771 ipsum
1384 2727 1515 2761 valuifl'e
1535 2727 1570 2760 in
1593 2727 1807 2761 universalem
1819 2726 1966 2761 Ecclefiae
1988 2725 2137 2770 discipli-1

1260 2790 1336 2812 nam
1359 2787 1416 2811 aut
1436 2778 1534 2811 etiarn
1545 2788 1656 2821 pacem
1666 2776 1936 2811 concernentibus
1947 2774 2138 2821 quaestionit-

1259 2826 1339 2868 bus,
1364 2827 1493 2861 ostendi
1515 2828 1610 2870 poffit
1632 2825 1746 2861 lucidis
1764 2826 1974 2861 documentis
1993 2850 2006 2867 ‚
2031 2834 2139 2869 atque*

1261 2877 1391 2912 abunde
1411 2888 1544 2921 patetex
1564 2876 1706 2921 superius
1726 2875 1856 2911 laudata
1878 2877 1999 2922 Magni
2021 2875 2132 2910 Ba‘fflii

1262 2927 1410 2972 Epistola
1443 2926 1483 2962 ad
1508 2927 1653 2971 AEgypti
1687 2926 1894 2961 Confeffores
1920 2927 2098 2970 Episcopos
2117 2946 2130 2963 ,

1261 2978 1430 3012 exulantes
1451 2977 1535 3021 apud
1560 2977 1727 3019 Palestinae
1749 2977 1987 3019 Dioecesaream
2009 3000 2015 3007 .
2040 2975 2139 3010 Dua—

1262 3038 1342 3062 tunc
1359 3027 1545 3072 graviffimae
1559 3028 1749 3070 quaestiones
1759 3027 1920 3061 vexabant
1931 3025 2107 3060 Ecclesiam
2120 3047 2140 3063 .,

1262 3078 1373 3112 Prima
1396 3087 1487 3116 erant
1498 3087 1583 3111 nova
1595 3078 1625 3110 A
1630 3076 1793 3120 pollinarii
1802 3074 2011 3114 'Laodicenfis
2022 3076 2057 3109 in
2069 3073 2132 3117 pri-

1263 3140 1316 3162 ma
1336 3127 1429 3172 Syria
1441 3128 1593 3171 Episcopi
1613 3127 1769 3171 dogmata
1781 3151 1793 3168 ,
1818 3127 1918 3161 altera
1939 3135 2006 3160 erat
2044 3124 2136 3158 inter.

1262 3178 1512 3213 Occidentalem
1533 3178 1567 3211 &
1577 3176 1968 3212 OrientalemrEcclefiam
1989 3175 2029 3208 de
2040 3174 2133 3209 Mat-

318 3230 409 3275 gredi
434 3230 467 3263 &
491 3226 600 3271 perfici
625 3228 864 3270 reparationem
890 3252 902 3269 ,
930 3230 1095 3264 afferentes
1118 3229 1215 3273 istos!
1260 3229 1335 3262 celli
1357 3227 1694 3271 AncyraniEpiscopi
1714 3227 1890 3272 dogmate,
1913 3236 2011 3269 quem
2022 3222 2131 3258 adven·

318 3280 380 3314 effe
393 3279 513 3311 nullius
527 3276 700 3320 ponderis,
726 3277 813 3320 quod
839 3279 982 3322 ipsorum
1005 3277 1216 3313 austricibus'
1259 3277 1312 3312 sus
1337 3277 1524 3312 Eusebianae
1544 3277 1936 3313 factionisaccusationes
1960 3272 2131 3310 orthodo-

320 3327 583 3369 Proviucialibus
609 3327 753 3375 Synodis
769 3339 838 3363 non
860 3327 1047 3373 praesediffet
1060 3328 1200 3374 Aposto·
1259 3339 1339 3364 xum
1359 3327 1573 3364 declaraverat
1594 3328 1747 3371 synodus
1769 3324 1960 3364 Sardicenfis
1973 3349 1981 3358 .
2006 3323 2061 3358 De
2083 3321 2132 3366 hi}

2030 3374 2082 3409 sce
