2366 3756
95 321 168 358 Cap.
185 328 228 350 12·

96 432 158 466 zib.
178 443 204 468 4.

97 481 163 511 cap·
176 481 221 505 27-

97 515 150 550 Ep·
166 522 176 541 ι
187 521 227 547 ι9,

95 560 160 590 cap.
185 561 228 580 η.

96 591 168 630 eap-
177 598 226 628 43-

93 746 159 784 Cap
174 747 202 773 6.
220 754 245 781 9<

96 787 171 824 Cap.
182 792 208 820 ς.
218 789 247 814 6·

95 864 182 895 Hom·
201 873 247 893 22.

93 1142 167 1182 Cap.
185 1151 227 1180 13.

93 1489 185 1521 Hom.
206 1498 251 1524 17.

92 1796 180 1827 Hom.
195 1802 220 1832 5·

562 116 1095 162 Concrttum
1166 109 1812 162 Tuotosrnun.

262 204 291 242 (e
307 198 446 234 auidum
458 222 470 239 ‚
488 199 561 239 jam
581 199 733 242 intellige,
758 199 843 238 cujus
864 193 1066 229 cohibitionem
1081 195 1145 237 post

262 251 438 289 idololatriae
447 249 605 282 ordinavit
615 273 623 280 .
646 248 764 282 Eidem
778 246 909 280 lectioni
925 245 1059 280 innixus
1070 246 1143 280 scri-

263 300 314 336 bit
332 300 369 335 in
380 300 449 337 alio
468 298 612 342 ejusdem
622 297 696 332 libri
717 298 843 340 capite:
870 298 1015 330 servatus
1028 295 1065 336 est
1077 307 1145 330 ηιατ-

261 350 338 386 cbiae
357 351 394 385 6*
406 349 597 392 fornicationi
615 350 692 381 locus
711 346 828 379 honoris
848 343 898 388 sui
924 352 1004 379 inter
1025 347 1146 379 idolola-

260 405 356 437 triam
375 399 602 434 &homicidium
616 421 623 428 .
652 396 784 439 Utique
800 395 894 430 locus
907 396 1050 431 medius.
1069 396 1145 435 *Eo-

260 442 343 487 dem*
350 450 466 485 ordine
484 448 563 493 legit
577 446 779 490 Apostolicis
801 446 1003 490 temporibus
1015 446 1143 481 vicinus

261 501 397 538 sanctus
406 502 541 536 Iteuaeus
552 522 559 529 .
574 497 685 531 Etiam
697 497 730 530 in
743 495 884 531 secunda
897 497 937 531 ad
953 497 1144 540 Ianuarium

262 550 411 595 Epistola
423 550 475 591 ,&
486 549 522 583 in
535 548 693 593 vigesimo
704 546 848 581 secundo
859 557 975 582 contra
987 546 1142 582 Faustum

264 601 351 637 libro
360 601 493 634 Sanstus
505 598 725 643 Augustinus:
754 601 827 631 Non
838 596 1028 631 moechaberis
1044 621 1055 637 ‚
1081 598 1143 631 esse

262 649 442 686 &undum
473 646 619 685 secundae
643 647 759 685 tabulas
785 647 991 691 Praeceptum
1016 647 1142 682 disertis

264 700 370 735 verbis
389 698 488 735 tradit
508 699 544 733 in
564 697 648 732 libro
662 697 702 732 de
726 697 842 733 decem
854 696 998 733 Chordis
1010 722 1020 738 ,
1046 708 1085 732 ac
1107 696 1141 730 in

264 749 408 785 secundo
427 751 616 784 sermonum
637 748 840 793 fragmento.
868 748 907 783 ln
930 748 1143 783 Commenta·

263 801 321 836 siis
341 801 421 834 item
442 800 535 842 super
545 797 776 842 Apostolicam
789 798 830 832 ad
847 795 1002 842 Ephesios
1015 796 1140 842 Episto-

262 850 330 885 lam
340 848 450 894 quaerit
459 850 592 884 Sanctus
600 850 740 893 loannes
752 847 1007 892 chrysostomus
1020 860 1028 881 ι
1053 848 1145 892 ,Quod

262 900 302 941 est
316 904 450 942 prinum
470 899 680 933 mandatum?
710 898 844 943 Utique
865 898 936 943 post
964 897 1050 933 illud
1071 909 1140 940 quo

202 962 210 972 ·
262 949 412 994 jubemur
429 949 567 984 revereri
590 949 763 984 Parentes.
794 950 839 983 Et
850 948 1041 992 respondet:
1070 953 1142 982 Non

262 999 454 1036 mcbaberis
467 1022 478 1039 ,
502 1009 560 1038 non
569 1001 694 1033 occides.
723 999 766 1035 Et
778 998 814 1033 in
825 998 1084 1036 Commentariis
1095 1000 1142 1032 su-

264 1061 320 1094 per
328 1048 472 1094 ejusdem
484 1048 636 1094 Apostoli
657 1050 780 1085 litteras
791 1048 832 1086 ad
844 1051 1019 1085 Romanos
1036 1049 1139 1083 Deca-

263 1100 380 1145 logum
399 1098 516 1136 eodem
536 1100 654 1135 ordine
675 1100 847 1144 profitetur
882 1098 1138 1136 Theodoretus.
1161 1106 1163 1108 '

262 1148 396 1193 thuid
407 1149 506 1186 miri?
533 1149 798 1194 Ipseinlaudatis
819 1150 936 1185 litteris
959 1149 1140 1196 Apostolus

261 1201 366 1244 ipsum
386 1198 533 1236 traditae
556 1200 726 1244 profitetur
737 1200 855 1236 eodem
864 1200 1000 1236 ordine.
1028 1200 1139 1235 Etiam

260 1250 405 1294 Scriptor
424 1250 502 1291 ille,
526 1251 584 1294 qui
595 1250 681 1294 apud
692 1250 851 1286 Isidorum
876 1251 1096 1286 Mercatorem
1107 1251 1140 1286 se

259 1300 373 1335 titulat
381 1299 589 1335 Clementem
601 1301 793 1337 Romanum
803 1324 813 1341 ,
837 1302 873 1335 in
885 1301 987 1345 prima
1000 1303 1053 1335 sua
1066 1302 1140 1345 Epi-

261 1348 344 1385 stola
364 1349 462 1386 docet
473 1351 617 1394 primum
638 1361 809 1393 peccatum
821 1353 883 1385 effe
895 1350 1116 1384 idololatriam
1128 1374 1139 1390 ‚

259 1400 439 1434 secundum
460 1400 524 1433 esse
543 1398 717 1433 moechiam
740 1423 748 1431 .
775 1397 1008 1443 Nihilominus
1028 1400 1063 1433 in
1077 1399 1140 1434 alia

262 1449 355 1492 super
365 1447 595 1491 Apostoiieam
614 1448 656 1481 ad
667 1446 822 1490 Ephesios
834 1448 1014 1489 Epistulam
1034 1447 1142 1482 homi-

261 1497 307 1530 lia
325 1496 436 1529 scribit
456 1495 609 1528 laudatus
627 1493 902 1536 chrysostomus:
933 1494 1143 1535 AudiMoysism
1163 1492 1166 1496 ’

260 1545 425 1584 dicentem,
444 1543 600 1586 primum,
628 1546 700 1575 Non
713 1543 843 1582 occides,
867 1542 1040 1583 eminae,
1067 1547 1141 1576 Non

259 1594 468 1629 moecbaberis.

259 1645 344 1680 alios
365 1643 497 1684 Patres,
523 1641 664 1686 ideoque
674 1640 779 1687 rigida
791 1641 851 1676 ista
865 1642 985 1686 opinio
1013 1642 1140 1678 nonest

258 1694 391 1739 penitus
409 1695 521 1729 firma.
548 1694 658 1728 Firma
679 1693 810 1727 interim
835 1692 880 1726 est
902 1691 970 1727 haec
993 1692 1139 1736 ejusdem

258 1742 491 1789 chrysostomi
511 1743 545 1778 in
558 1743 669 1787 primae
689 1742 730 1777 ad
741 1741 1049 1788 Thessalonicenses
1064 1742 1139 1786 Epi-

259 1795 350 1830 stolae
368 1794 626 1830 Commentariis
653 1792 812 1828 sententia
833 1804 841 1825 :
868 1797 1030 1836 Unicuique
1057 1796 1140 1826 Deus

259 1845 365 1878 tribuit
385 1856 527 1885 uxorem,
553 1852 674 1877 naturae
694 1842 839 1882 constituit
850 1849 1012 1884 terminos,
1039 1851 1142 1885 nempe

260 1906 324 1929 eum
333 1906 394 1928 una
403 1894 585 1928 concubitum
600 1918 608 1927 .
632 1893 838 1937 ,Quamobrem
848 1899 899 1936 qui
918 1892 957 1933 est
967 1904 1035 1929 cum
1043 1896 1140 1927 altera

259 1944 427 1981 concubitus
439 1969 450 1986 ,
460 1943 498 1985 est
507 1941 687 1987 transgreffla
702 1969 713 1985 ,
741 1945 973 1978 &latrocinium
986 1968 998 1985 ,
1023 1945 1143 1986 &quod

255 2003 316 2038 per
324 2000 490 2029 avaritiam
510 1995 544 2028 (π
551 1994 642 2036 plura
652 1993 782 2027 habendi
804 1995 999 2036 cupiditatem
1011 1993 1141 2035 infertur

259 2046 406 2078 damnum
419 2070 426 2076 .
451 2047 516 2078 Imo
536 2047 608 2078 vero
633 2043 672 2085 el}
688 2048 815 2089 gravior
833 2048 941 2086 quovis
966 2045 1135 2078 latrocinio.

260 2098 336 2129 Non
354 2101 433 2128 enim
452 2101 498 2128 ita
518 2095 647 2127 dolemus
663 2118 674 2134 ,
693 2092 724 2136 fi
742 2092 845 2133 nossrae
868 2092 1078 2136 exspatientur
1086 2101 1134 2135 pe-

259 2150 356 2178 cuniae
377 2169 391 2185 ,
414 2153 448 2178 ut
462 2143 493 2186 fi
508 2144 632 2187 noſtrum
651 2144 870 2176 matrimoniale
887 2143 1081 2183 perfodiatur
1096 2153 1139 2174 cu-

261 2193 340 2225 bile.
366 2193 520 2226 Affirmat
543 2204 613 2226 non
634 2192 698 2225 esse
717 2191 992 2233 qualemcumque
1005 2213 1016 2229 ,
1042 2189 1143 2223 sedil-

261 2241 330 2274 lam
350 2241 519 2275 avaritiam
531 2263 542 2280 ,
568 2240 609 2275 de
628 2250 691 2283 qua
705 2238 886 2282 Apostolus
896 2239 936 2272 ad
963 2237 1139 2281 Ephesios:

203 2323 210 2332 ‚
262 2291 369 2323 Scitote
390 2290 586 2331 intelligentes
609 2311 620 2327 ,
644 2287 728 2329 quod
750 2291 846 2319 omnis
863 2286 1031 2327 fornicator
1052 2311 1063 2327 ,
1089 2295 1141 2319 aut

262 2340 436 2373 immundus
450 2363 461 2379 ‚
485 2345 540 2370 aut
558 2346 672 2370 avarus
690 2360 701 2377 ‚
724 2335 809 2378 quod
823 2334 861 2375 est
883 2337 1028 2375 idolorum
1045 2333 1140 2378 servi-

263 2396 314 2423 tus
333 2413 344 2430 ,
374 2399 433 2422 non
455 2386 543 2422 babet
563 2386 771 2421 haereditatem
796 2391 830 2418 in
849 2390 948 2430 Regno
972 2385 1083 2425 Christi
1106 2387 1141 2419 ὁ·

264 2440 338 2471 Dei.
366 2437 443 2472 Ubi
462 2447 518 2480 per
535 2436 703 2470 avaritiam
725 2435 868 2479 intelligi
891 2447 962 2470 non
985 2447 1135 2470 nummo-

266 2498 339 2522 rum
364 2484 576 2530 cupiditatem
600 2511 611 2527 ,
636 2485 690 2521 sed
713 2486 829 2519 cunila
849 2494 907 2522 aut
934 2494 1056 2519 naturae
1083 2497 1139 2519 aut

266 2538 367 2573 etiam
388 2535 647 2581 soliusconjugii
666 2533 824 2570 adulteria
846 2558 857 2574 ‚
883 2535 1070 2571 constanter
1081 2535 1139 2569 do-

267 2597 321 2625 cet
338 2587 374 2621 &
384 2586 518 2626 nervose
527 2585 726 2621 demonstrat
737 2586 870 2620 Sanctus
891 2585 1120 2629 Hieronymus
1132 2610 1139 2619 .

268 2636 353 2682 Agit
364 2638 454 2672 enim
475 2635 654 2681 Apostolus
673 2636 707 2669 in
720 2635 889 2670 avaritiam
909 2635 1022 2679 iiiam,
1049 2636 1141 2679 cujus

267 2687 363 2722 causa
383 2687 502 2723 venisse
521 2685 613 2722 addit
640 2686 721 2720 iram
742 2685 809 2720 Dei
835 2686 928 2730 super
953 2686 1041 2721 filios
1060 2684 1141 2720 diffi-

268 2736 385 2772 dentiae
406 2762 416 2778 ‚
443 2737 478 2771 id
496 2735 543 2771 est
559 2761 571 2777 ,
598 2737 690 2780 supet
726 2735 906 2771 Sodomam
941 2737 975 2771 &
1000 2736 1141 2772 Gomor-

268 2786 381 2822 tham.
407 2786 508 2821 Foeda
518 2787 607 2821 enim
627 2786 686 2820 ista
705 2786 840 2821 avaritia
864 2785 910 2820 est
928 2786 963 2820 dc
983 2797 1087 2821 mater
1108 2786 1140 2820 ὅ(

267 2836 337 2871 filia
358 2835 547 2872 diffidentiae
565 2838 600 2871 in
611 2836 801 2871 Dominum
812 2837 943 2875 Deum,
970 2838 1024 2872 seu
1036 2836 1141 2880 despe-

266 2886 423 2921 rationis.
448 2885 532 2921 Non
554 2887 662 2921 solum
683 2887 701 2921 ὲ
725 2886 833 2921 nostra
854 2886 962 2920 anima
981 2887 1140 2932 &corpo-

267 2947 305 2970 re
324 2959 336 2977 ‚
364 2935 419 2969 sed
437 2937 536 2971 etiam
556 2936 597 2971 ab
617 2947 674 2971 ore
700 2937 735 2971 δε
757 2936 887 2971 auribus
912 2936 1140 2981 proscribenda

267 2986 344 3021 sunt
365 2985 425 3019 ista
443 2984 585 3031 flagitia:
613 2987 657 3022 Et
678 2986 914 3031 turpiloquium
937 2987 972 3021 in
997 2987 1059 3022 isto
1071 2988 1139 3031 ipso

267 3033 425 3079 Epistolae
445 3035 519 3070 loco
537 3036 707 3072 damnavit
726 3036 906 3082 Apostolus
924 3062 932 3070 .
959 3037 1053 3072 Hinc
1082 3037 1139 3072 do-

266 3084 402 3119 Rrinam
426 3085 515 3119 suam
531 3097 711 3128 executus,
735 3097 784 3122 res
804 3087 879 3122 istas
900 3086 1139 3124 honestioribus

264 3134 437 3170 vocabulis
446 3134 672 3172 circumvolvit
687 3161 698 3178 ‚
708 3146 806 3184 atque
816 3139 862 3173 ita
872 3137 919 3173 est
930 3138 1062 3173 effatus.
1086 3137 1137 3171 Ex

266 3183 320 3219 his
340 3185 473 3220 interim
492 3183 582 3220 vides
593 3186 788 3223 adulterium
806 3189 988 3232 comparari
1003 3188 1139 3223 idolola-

266 3235 338 3269 trias
354 3259 362 3267 .
388 3235 482 3269 Hinc
505 3235 595 3270 enim
614 3236 836 3274 idololatriam
860 3238 955 3274 Sacra
976 3239 1138 3283 Scriptura

266 3284 379 3329 passim
397 3294 494 3320 vocat
514 3283 688 3321 moechiam
708 3298 765 3323 aut
783 3289 1057 3324 fornicationem.
1085 3288 1139 3323 Et-

266 3335 335 3369 iam
354 3335 505 3370 Gentiles
527 3336 760 3372 Romanorum
770 3338 938 3382 Principes
959 3339 1062 3384 ipsum
1076 3350 1138 3384 per-

266 3385 432 3421 cusserunt
452 3384 585 3432 gladIo,
610 3386 774 3435 &Magni
795 3387 1139 3426 Constantinisucces-

496 1592 567 1641 Qi
589 1592 693 1626 varius
717 1592 801 1627 ordo
823 1592 980 1636 reperitur
1003 1593 1038 1627 &
1056 1590 1141 1636 apud
1163 1586 1166 1600 ³

1408 68 1490 123 ἐξ
1966 118 1968 120 ,

1972 129 2033 174 59

1211 198 1297 231 sores
1319 207 1357 230 ac
1377 195 1436 231 filii
1449 195 1666 243 Constantius
1687 198 1721 232 dt
1734 196 1899 234 Constans
1918 195 1955 232 in
1975 199 2031 234 sua
2053 200 2097 237 ad

1209 246 1415 282 Catullinum
1441 246 1560 282 Africae
1585 246 1759 283 Vicarium
1782 249 1855 293 lege
1877 247 2095 284 addiderunt:

1205 298 1365 341 sacrilegos
1387 303 1585 339 nuptiarum,
1608 305 1766 342 tamquam
1789 297 1957 340 manifestos
1966 305 2101 342 parrici-
2118 315 2178 347 Lib·
2204 326 2253 345 H·

1206 347 1262 379 das
1293 370 1303 387 ‚
1328 344 1443 388 insuere
1467 348 1543 380 culeo
1570 352 1661 382 vivos
1684 373 1696 389 ,
1722 349 1775 382 vel
1798 359 1923 383 exurere
1946 358 2061 391 oportet
2081 375 2089 383 .
2116 357 2273 394 tit-36.c.4,

1208 395 1322 429 Exstat
1342 396 1395 429 lex
1421 396 1457 429 in
1487 395 1616 430 Codice
1637 398 1878 433 Theodosiano
1904 424 1913 433 .
1940 397 2097 436 Affirmat

1206 445 1403 480 adulterium
1420 444 1483 479 este
1508 445 1543 478 δε
1571 445 1776 489 sacrilegium
1800 447 1836 482 δε
1858 448 2096 492 parricidium:

1206 495 1297 544 Qia
1323 494 1441 538 nempe
1471 505 1608 529 omnem
1631 496 1798 538 parentelas
1822 497 1857 529 δε
1881 499 2098 543 cognationis

1208 546 1410 586 securitatem
1430 545 1536 579 aufert
1548 568 1560 585 ‚
1585 544 1620 578 &
1633 544 1735 579 violat
1748 542 1973 581 Christianum
1986 549 2080 585 Sacra
2092 565 2107 575 ·

1207 606 1372 630 mentum.
1401 594 1507 643 Qod
1519 606 1589 629 non
1615 594 1723 629 solum
1738 594 1859 629 domos
1881 596 2096 640 &familias,

1207 644 1261 680 sed
1282 644 1385 680 'etiam
1408 644 1600 679 Provincias
1621 644 1657 679 δε
1686 645 1803 690 Regna
1826 654 1972 686 evertat,
1998 649 2097 689 possit

1209 695 1301 730 variis
1312 694 1529 730 demonstrari
1550 694 1730 739 exemplis.
1757 694 1941 731 Imitandus
1953 695 2000 729 est
2014 696 2097 731 Isaa-

1206 745 1275 780 cius
1287 745 1481 780 Comnenus
1491 744 1670 789 Imperator
1681 770 1692 785 ‚
1718 755 1816 788 quem
1832 745 2098 788 periculofiffime

1207 795 1410 831 laborantem
1434 796 1518 830 mori
1538 794 1708 836 maluisse,
1734 795 1836 837 quam
1850 795 1993 830 absentis
2017 807 2098 830 uxo-

1207 847 1248 880 ris
1268 847 1465 892 conjugium
1489 844 1631 886 violare,
1660 843 1794 880 laudant
1822 844 1942 881 merito
1952 845 2097 888 Ioannes

1207 895 1386 940 Schylitzes
1403 897 1439 931 δε
1453 893 1597 930 Michael
1612 895 1755 939 Glycas.
1784 895 1899 929 Etiam
1926 894 1968 929 de
1984 895 2100 931 Ludo-

1207 947 1282 980 vico
1301 947 1441 990 septimo
1459 947 1665 981 Francorum
1681 946 1775 991 Rege
1788 944 1935 981 scribunt
1950 944 2098 988 Joannes

1206 997 1429 1040 Bromptonus
1450 997 1484 1031 &
1497 996 1663 1031 Henricus
1679 994 1911 1041 Knyghtonus
1928 1007 1936 1029 z
1961 995 2097 1030 Rediens
2124 997 2153 1027 Ι..
2164 1005 2222 1029 2.c.
2238 1006 2282 1027 ιο-

1203 1050 1270 1082 Rex
1292 1047 1463 1081 Ludovicus
1488 1048 1527 1080 de
1549 1054 1634 1081 terra
1653 1044 1762 1090 sanc'la
1790 1070 1802 1087 ,
1827 1047 1893 1080 cs'im
1911 1056 1951 1079 ex
1974 1046 2098 1080 diutina

1204 1102 1390 1131 continentia
1413 1122 1425 1139 ,
1446 1104 1536 1139 prout
1561 1097 1671 1130 Medici
1691 1095 1828 1130 dicebant
1849 1120 1861 1137 ‚
1887 1097 2101 1141 aegritudinem

1208 1153 1390 1187 incurreret,
1410 1144 1590 1191 suasumque
1595 1145 1653 1188 fibi
1656 1144 1739 1187 foret
1745 1154 1802 1188 per
1815 1147 1947 1180 Medicos
1969 1147 2107 1180 &Prae-

1206 1200 1301 1239 latos,
1328 1207 1362 1232 ut
1381 1198 1415 1231 ob
1428 1203 1555 1231 nimiam
1580 1199 1707 1241 Reginae
1729 1195 1907 1237 distantiam
1928 1196 2035 1238 puella
2044 1195 2104 1228 ali·

1204 1260 1268 1292 qua
1290 1255 1443 1289 uteretur,
1471 1246 1641 1292 respondit:
1672 1247 1751 1280 Malo
1761 1250 1832 1279 mori
1854 1243 1949 1285 castus
1967 1268 1978 1286 ,
2005 1245 2100 1288 quam

1206 1304 1312 1333 vivere
1335 1299 1456 1332 adulter
1481 1323 1488 1329 .
1517 1302 1563 1331 Et
1580 1296 1620 1339 fic
1642 1304 1737 1329 totum
1760 1298 1821 1330 Deo
1829 1301 2015 1329 committens
2039 1296 2099 1328 cito

1204 1349 1372 1382 convaluit.
1399 1349 1433 1381 Si
1447 1347 1607 1389 praesentis
1632 1346 1759 1388 Synodi
1784 1355 1932 1388 tempore
1958 1354 2099 1380 omnem

1206 1397 1378 1431 Franciam
1399 1406 1496 1439 atque
1518 1395 1717 1438 Hispaniam
1740 1393 1916 1428 decorasset
1936 1403 2031 1429 tanta
2045 1404 2099 1428 ca-

1207 1445 1361 1479 stimonia
1382 1468 1393 1485 ,
1421 1444 1518 1486 hujus
1544 1443 1695 1478 Canonis
1730 1445 1833 1478 fraeno
1871 1454 1943 1478 nou
1978 1442 2092 1480 fuisset

1207 1503 1308 1535 opus.

1255 1541 1430 1589 Qantum
1443 1538 1570 1583 perjurii
1594 1538 1762 1574 horrorem
1775 1538 1926 1574 Gentiles
1943 1539 2095 1576 Romani

1207 1589 1399 1629 habuerint,
1427 1590 1514 1624 lucet
1535 1601 1578 1624 ex
1602 1590 1731 1624 famoso
1756 1589 1961 1631 fastoMarci
1976 1589 2093 1625 Attilii

1207 1641 1330 1686 Reguli
1348 1665 1356 1672 .
1394 1639 1520 1675 Verum
1561 1639 1742 1675 Manichaei
1764 1652 1803 1675 ac
1840 1639 2095 1675 Priscillianistae

1207 1690 1292 1725 hanc
1303 1691 1410 1736 legem
1421 1700 1621 1725 tenuerunt.-
1640 1693 1753 1735 Jura,
1774 1691 1924 1732 perjura,
1945 1688 2095 1733 secretum

1203 1742 1329 1784 prodere
1340 1742 1416 1775 noli.
1447 1740 1491 1774 Et
1502 1740 1543 1775 de
1555 1740 1758 1775 Messalianis
1778 1739 1939 1774 scribitin
1952 1739 2038 1775 libro
2051 1740 2094 1775 de
2123 1756 2159 1787 c,
2179 1759 2225 1787 13,

1206 1791 1307 1826 Sestis
1330 1790 1570 1825 Constantinus
1592 1790 1882 1833 Harmenopulus:
1911 1791 2093 1832 impuneju-

1205 1851 1277 1877 rant
1298 1842 1519 1883 &perjuranh
1546 1840 1591 1875 Et
1612 1840 1653 1875 de
1679 1839 1728 1875 sui
1751 1839 1857 1874 saeculi
1879 1839 1969 1874 vitiis
1982 1840 2093 1875 scribit

1206 1892 1245 1927 ad
1258 1891 1415 1926 isidorum
1428 1890 1619 1925 Diaconum
1634 1890 1771 1925 Isidorus
1786 1890 1950 1925 Pelusiota
1964 1902 1973 1922 :
2001 1890 2092 1924 Multi
2123 1911 2152 1941 L·
2162 1922 2187 1940 ι.
2197 1909 2283 1950 Epist,

1201 1951 1255 1984 per
1278 1945 1374 1975 Deum
1378 1943 1523 1981 jurantes
1543 1943 1670 1984 perjurii
1690 1946 1818 1975 crimine
1830 1938 1864 1984 se
1886 1941 2092 1982 devinciunt,
2125 1954 2195 1982 188.

1199 2001 1257 2035 per
1262 1992 1391 2035 filiorum
1402 2000 1503 2025 autem
1513 2000 1601 2033 caput
1619 2016 1629 2032 ,
1658 2002 1694 2025 ne
1699 1993 1805 2032 jurare
1823 1992 1943 2034 quidem
1953 1991 2069 2025 audent
2081 2016 2091 2025 .

1205 2042 1391 2090 Qomsdo
1412 2039 1648 2076 The-odoricus
1671 2042 1874 2076 Francorum
1888 2041 1962 2076 Rex
1978 2042 2093 2076 fastio-

1207 2094 1276 2126 sum
1297 2092 1408 2136 Regni
1429 2092 1647 2126 affectatorem
1673 2091 1913 2127 Mundericum
1939 2091 2091 2127 studiosis

1207 2142 1347 2181 perjuriis
1371 2141 1404 2172 in
1418 2151 1559 2173 mortem
1571 2142 1879 2182 circumscripserit,
1906 2143 2001 2176 refert
2013 2143 2093 2177 San·

1204 2190 1272 2222 stus
1300 2187 1482 2233 Gregorius
1516 2187 1695 2231 Episcopus
1723 2188 1929 2222 Turonensis
1951 2214 1958 2221 .
1987 2192 2091 2234 Supra

1206 2237 1428 2280 Evangelium
1449 2247 1487 2268 ae
1498 2236 1692 2270 sanctorum
1723 2238 1894 2280 prasertim
1918 2239 2091 2284 Reliquias

1203 2284 1308 2328 jurare
1327 2284 1373 2319 est
1395 2283 1615 2327 antiquissima
1639 2285 1842 2321 Francorum
1862 2288 2087 2324 consuetudo.

1203 2334 1304 2382 Qud
1332 2334 1492 2379 perjurare
1529 2334 1675 2369 volentes
1713 2335 1805 2380 supra
1833 2347 1951 2372 vacuas
1975 2341 2086 2383 capsas

1203 2386 1346 2428 jurarent
1365 2410 1375 2425 ,
1402 2385 1560 2419 testantur
1587 2385 1734 2420 laudatus
1761 2387 1944 2432 Gregsrius
1966 2414 1978 2430 ,
2003 2389 2087 2432 ejus-

1204 2435 1280 2470 dem
1299 2435 1583 2478 supplementum,
1610 2435 1847 2482 Fredegarius‚
1874 2438 1975 2473 &alii
2003 2439 2088 2474 Scri-

1204 2496 1311 2529 ptores
1337 2497 1344 2516 :
1376 2484 1619 2520 Existimabam
1644 2497 1714 2521 non
1740 2486 1804 2521 esse
1829 2487 2004 2530 perjurium
2028 2498 2086 2525 aut

1206 2545 1372 2578 peccatum
1394 2559 1402 2568 .
1429 2534 1523 2570 Hinc
1560 2536 1653 2570 enim
1683 2536 1863 2580 Capitulari
1891 2539 1949 2572 suo
1977 2540 2090 2575 Hatto

1205 2584 1389 2620 Basileensis
1416 2585 1597 2629 Episcopus
1623 2586 1746 2622 indidit
1772 2586 1861 2622 hunc
1888 2589 2087 2624 articulum:

1203 2636 1411 2670 admonendus
1437 2635 1475 2678 est
1495 2638 1625 2679 populus
1646 2661 1657 2677 ,
1681 2647 1714 2671 ut
1738 2640 1871 2679 perjurii
1891 2646 2004 2673 crimen
2026 2651 2088 2672 om-

1204 2690 1273 2720 nino
1299 2687 1436 2720 devitent
1467 2711 1474 2718 .
1504 2689 1590 2731 ,Quia
1615 2698 1674 2720 non
1693 2685 1789 2730 solum
1818 2693 1852 2720 in
1887 2690 2062 2731 Evangelio
2077 2711 2090 2729 ,

1203 2738 1254 2770 vel
1276 2738 1423 2779 Reliquiis
1444 2737 1619 2770 sannorum
1644 2742 1753 2771 crimen
1780 2739 1908 2778 periurii
1932 2762 1943 2779 ‚
1965 2736 2026 2781 sed
2049 2744 2085 2773 in

1202 2792 1331 2820 veritate
1350 2810 1360 2825 ‚
1386 2798 1453 2828 quae
1480 2790 1561 2820 Deus
1587 2786 1627 2827 est
1646 2812 1658 2827 ,
1678 2785 1709 2829 fi
1729 2792 1872 2820 mentitur
1893 2810 1904 2826 ‚
1930 2796 2093 2830 perpetra·

1207 2847 1238 2870 re
1270 2834 1463 2884 dignoscitur.
1494 2837 1538 2872 Et
1563 2836 1599 2870 in
1627 2836 1721 2872 libris
1745 2834 1787 2872 de
1810 2836 1936 2873 Laicali
1961 2837 2094 2873 institu-

1202 2886 1293 2921 tione
1318 2888 1417 2931 Jonas
1453 2886 1635 2930 Episcopus
1674 2885 1915 2922 Aurelianensis
1948 2900 1956 2919 :
1995 2891 2092 2923 Puta·

1202 2944 1252 2970 tur
1275 2939 1296 2970 ἃ
1331 2935 1507 2980 quibusdam
1532 2962 1543 2977 ,
1580 2937 1664 2980 quid
1693 2935 1874 2980 solummodo
1902 2938 1952 2971 ille
1982 2961 1994 2978 ‚
2032 2943 2087 2981 qui

1195 2985 1362 3029 saffiratem
1381 2990 1474 3031 fiaper
1497 2987 1554 3031 effa
1579 2988 1705 3028 alicuius
1723 2985 1822 3029 san&
1840 2992 1927 3027 viri,
1955 2995 2010 3020 aut
2031 2988 2083 3031 su-

1198 3044 1254 3078 per
1275 3038 1448 3080 Reliquias,
1475 3045 1529 3071 aut
1543 3034 1636 3079 super
1660 3038 1764 3071 Altare
1787 3061 1799 3077 ,
1828 3045 1882 3071 aut
1902 3039 2081 3082 Evangelia

1195 3088 1284 3126 jurat
1311 3111 1323 3129 ,
1344 3089 1474 3130 perJ‘urii
1497 3091 1617 3121 crimine
1646 3092 1783 3122 teneatur
1816 3086 1958 3121 obnoxius
1981 3099 1995 3128 ;
2021 3089 2073 3121 ille

1201 3139 1272 3170 vero
1292 3160 1304 3178 ,
1328 3143 1379 3181 qui
1396 3146 1453 3180 pro
1471 3137 1604 3180 qualibet
1630 3148 1662 3171 re
1683 3162 1694 3178 ,
1719 3149 1831 3183 magna
1854 3146 1908 3171 aut
1942 3146 2050 3179 parva
2063 3160 2076 3177 ,

1203 3189 1299 3220 Deum
1315 3187 1413 3228 testem
1432 3193 1572 3229 invocat,
1598 3188 1697 3230 &per
1712 3185 1854 3232 sanilam
1876 3190 2080 3228 Trinitatem,
2102 3210 2124 3243 L
2145 3221 2159 3240 ι
2176 3219 2194 3243 c
2213 3220 2258 3248 ις.

1197 3234 1389 3282 supernosque
1412 3241 1506 3271 Cives
1528 3240 1638 3280 jurare
1657 3249 1717 3272 non
1742 3239 1875 3280 trepidat
1895 3261 1907 3277 ‚
1932 3242 2078 3271 immunis
2126 3230 2137 3242 ⁰
2163 3232 2170 3240 ”
2195 3232 2203 3241 '

1201 3285 1344 3321 habeatur
1352 3290 1373 3322 a?
1379 3290 1512 3330 perjurio
1523 3313 1530 3320 .
1558 3288 1603 3322 Et
1617 3287 1659 3323 de
1679 3287 1740 3323 suis
1753 3287 1874 3333 Anglis
1885 3287 1995 3322 scribit
2009 3287 2074 3321 Ra-

1203 3335 1343 3380 dulphus
1362 3338 1404 3372 de
1424 3338 1563 3373 Diceto:
1591 3337 1703 3372 Diebus
1724 3336 1939 3373 sabbatborum
1958 3335 2073 3378 praesti-

1203 3396 1236 3423 ta
1260 3388 1454 3423 sacramenta
1474 3412 1487 3432 ,
1503 3387 1577 3432 ficut
1599 3388 1789 3425 arbitrantur
1811 3388 1944 3424 nonnulli
1962 3388 2073 3470 ghraro

1945 3446 1962 3471 r
1997 3446 2034 3470 ur

2123 2221 2286 2257 1.3.c.14.
