2366 3756
912 155 1414 203 Dic-rarus.

255 257 330 284 rum
351 246 420 281 fine
440 242 554 289 praevia
574 242 617 278 ad
639 243 671 278 se
694 241 853 278 relatione
862 235 1158 302 degradationem!

253 295 476 343 Metropolitis
497 293 623 338 dudum
635 293 845 338 permiserunt
859 288 1007 325 Romani
1020 286 1138 343 Ponti·

253 349 332 382 sices
352 359 361 380 z
387 345 491 396 Qod
511 346 619 391 ipsum
639 341 836 379 indulserant
862 340 897 374 &
919 339 974 372 alii
1000 336 1135 393 Pati-iar-

254 395 340 431 chae.
366 397 411 432 Et
426 396 501 431 ⁴hoc
522 397 737 430 reformarunt
762 402 800 425 ac
821 389 1014 434 potestatem
1036 387 1131 422 istam

254 446 450 486 Patriarchis
467 442 838 484 reservaruntNicolaus
848 441 971 488 primus
997 440 1033 479 ὅς
1044 439 1131 477 otta·

1920 173 2019 223 177

1475 235 1580 286 Qod
1603 235 1697 272 enim
1720 235 1764 274 de
1774 238 2000 285 Metropolitis
2022 240 2085 278 fibi

1204 287 1370 322 reservavit
1391 287 1526 322 Sanetus
1547 287 1733 330 Damasus,
1757 288 1800 324 de
1824 290 2083 327 Provincialibus

1203 247 1244 271 va
1267 234 1422 280 Synodus
1440 259 1448 269 .

1172 277 1301 480 letiam
1322 336 1495 383 Episcopis
1518 339 1679 377 reservare
1704 340 1816 388 potuit
1841 340 1999 378 Pontifex
2016 342 2080 387 Ni,

1198 388 1311 425 colaus
1320 412 1330 423 .

535 751 619 837 c
731 750 821 836 ‘A
937 748 1036 834 N
1153 713 1458 834 ΟΝ
1626 746 1798 838 1V.

403 936 511 990 uod
547 942 678 1007 Papae
711 940 902 1002 Legatus
934 933 1139 987 omnibus

1177 933 1407 1003 Episcopis
1441 934 1579 1004 praefit
1623 935 1671 983 in
1707 934 1926 984 Conciliis
1957 971 1972 997 ‚
2019 940 2088 986 et‘-

419 1011 527 1061 iam
562 1009 782 1060 inferioris
815 1003 973 1074 gradus
1019 1042 1034 1070 ‚
1078 1009 1124 1058 δε
1156 1003 1363 1060 adversus
1398 1023 1476 1058 eos
1510 1005 1769 1058 sententiam
1802 1004 2087 1077 depositionis

435 1078 564 1152 possit
597 1078 702 1132 dare
714 1115 730 1129 .

440 1255 940 1301 Scuotlon.

298 1400 355 1436 Ta
368 1399 531 1436 servatum
539 1401 604 1436 fuit
616 1400 653 1436 in
663 1400 760 1436 omni
771 1401 895 1447 semper
909 1398 1055 1447 generali
1080 1399 1139 1442 Sy-

325 1450 415 1485 nodo
437 1475 446 1483 .
472 1450 609 1485 Etenim
632 1452 778 1486 Nicaenae
799 1450 937 1494 synodo
963 1451 1137 1484 Romanos

249 1498 460 1543 Presbyteros
484 1499 619 1535 adfuisse
640 1502 776 1535 testatur
797 1501 901 1543 Julius
919 1500 1079 1532 Pontifex
1103 1499 1139 1531 in

248 1549 366 1584 litteris
387 1548 428 1583 ad
452 1549 628 1585 fastionem
641 1550 860 1585 Eusebianam
872 1575 879 1582 .
909 1547 1059 1582 Adfuisse
1073 1546 1141 1578 Ro·

1206 1261 1259 1285 re.
1286 1249 1359 1286 Im&
1384 1250 1419 1285 &
1437 1249 1558 1290 tertiae,
1583 1249 1618 1284 &
1642 1257 1782 1294 quartae,
1806 1248 1988 1293 &quintae
2011 1246 2090 1282 rela-

1204 1301 1307 1336 tionis
1327 1301 1377 1345 jus
1390 1300 1448 1335 fibi
1473 1299 1582 1344 postea
1597 1300 1785 1344 assumpsit,
1810 1298 1900 1333 idest
1913 1321 1924 1338 ‚
1951 1297 2092 1343 potestn-

1205 1361 1271 1384 tem
1293 1360 1435 1395 quatuor
1460 1350 1512 1384 vel
1536 1347 1693 1393 quinque
1711 1349 1868 1392 negotia,
1892 1349 1927 1382 &
1954 1348 2090 1393 quidem

1206 1412 1282 1435 cum
1305 1399 1447 1445 suffragii
1475 1400 1689 1444 praerogativa
1716 1396 1925 1441 proponendi
1946 1421 1953 1428 .
1978 1400 2090 1441 Magno

1205 1449 1316 1494 assensu
1330 1475 1342 1491 ,
1369 1448 1476 1492 inquit
1487 1450 1521 1482 in
1534 1447 1719 1481 Annalium
1732 1447 1823 1481 libris
1836 1446 2014 1482 Cornelius
2023 1447 2092 1481 Ta-

1205 1500 1314 1538 citus,
1339 1498 1484 1530 celebrata
1503 1495 1745 1537 PetiThraseae
1761 1495 1939 1538 sententia,
1966 1507 2024 1529 non
2046 1505 2094 1529 ta-

1205 1557 1272 1579 men
1282 1543 1565 1587 senatuftonsultum
1571 1544 1641 1586 fieri
1647 1548 1745 1585 potuit
1757 1567 1768 1584 ,
1793 1544 1995 1578 abnuentibus
2014 1547 2092 1578 Con-

247 1599 339 1632 mani
351 1599 507 1643 Episcopi
523 1599 691 1639 Dii-esim,
705 1609 803 1642 atque
813 1597 854 1631 ab
866 1598 938 1639 ipsis
948 1596 1135 1629 confectum
1200 1593 1316 1639 susibus
1328 1606 1365 1629 ea
1378 1595 1416 1628 de
1426 1604 1458 1627 re
1466 1595 1595 1628 relatum
1607 1619 1614 1626 .
1644 1597 1717 1627 Mox
1730 1594 1848 1628 auctore
1862 1597 2003 1637 Principe
2019 1593 2091 1638 san-

249 1646 469 1688 Concilium,
488 1647 606 1681 'scribit
626 1649 662 1680 in
690 1646 867 1691 publicatis
878 1642 1137 1689 nuperaDomi-

249 1708 296 1732 no
309 1697 399 1731 Luca
412 1696 595 1732 Holstenio
609 1695 728 1732 litteris
741 1696 782 1731 ad
796 1695 1003 1731 orientalem
1026 1694 1136 1728 Eccle-

248 1748 326 1781 siam
336 1748 445 1782 Sanffi
461 1748 594 1782 Damasi
616 1747 792 1781 Pontificis
803 1745 956 1788 synodus
967 1746 1135 1779 Romana.

249 1797 294 1832 Et
315 1796 357 1831 de
368 1796 476 1831 Hofio
490 1796 692 1831 Cordubensi
707 1797 872 1841 Episcopo
897 1794 995 1829 habet
1017 1794 1052 1828 in
1081 1795 1135 1828 sua

247 1847 291 1881 ad
304 1846 541 1881 Constantium
562 1848 794 1890 Imperatorem
810 1845 978 1891 Apologia
989 1845 1136 1889 Magnus

249 1897 448 1932 Athanasius
471 1911 482 1931 .·
508 1902 546 1930 In
569 1908 628 1939 qua
647 1898 756 1937 synodo
779 1908 837 1931 non
855 1898 903 1930 ille
926 1899 999 1929 Dux
1024 1895 1059 1928 ὀ·
1079 1898 1135 1926 Δη-

248 1945 412 1990 tefiJgnanus
420 1945 485 1986 fult
495 1947 511 1980 ?'
534 1948 635 1989 ‚Quem
646 1950 763 1981 nonille
775 1947 857 1981 reHa
882 1947 991 1979 tuendo
1014 1950 1046 1977 in
1068 1942 1134 1986 sen-

246 2002 377 2030 tentiam
396 1994 486 2039 suam
506 1998 690 2038 pertraxit?
715 1999 798 2041 ,ραι
825 1995 953 2037 Ecclefia
978 2005 1035 2028 non
1054 1994 1135 2027 illius

241 2045 446 2089 praefidentiae
466 2045 670 2089 pulcherrima
696 2055 887 2080 monumenta
911 2050 1021 2079 retinet
1043 2046 1055 2078 ἓ
1092 2043 1134 2076 Et

246 2097 283 2131 in
297 2096 444 2140 Epistola
467 2097 509 2131 ad
531 2097 724 2131 Solitarios:
752 2101 809 2129 Hic
829 2099 971 2136 Princeps
996 2093 1034 2132 est
1053 2096 1135 2131 syno-

246 2147 351 2179 dorum
374 2171 385 2187 ‚
411 2149 445 2180 (5
460 2146 490 2187 fi
507 2147 584 2188 quid
602 2145 708 2187 scribit
732 2169 743 2184 ,
768 2146 873 2185 ubique
893 2144 1020 2174 audttur·
1040 2165 1047 2172 .
1081 2145 1135 2172 Hic

241 2194 402 2237 formulam
418 2194 490 2235 fidet
519 2201 552 2226 tn
567 2198 697 2226 Nicaena
708 2194 814 2227 Srnodo
825 2196 954 2233 concepit
969 2214 979 2230 ‚
1003 2191 1038 2224 (ν
1053 2193 1135 2222 Aria-

249 2255 303 2276 nos
321 2244 428 2285 ubique
446 2251 502 2284 pro
518 2248 670 2277 Haerettcis
686 2244 826 2275 traduxit
840 2266 847 2273 .
876 2241 920 2274 Et
933 2241 966 2274 in
980 2239 1136 2273 Ecclefia-

249 2294 327 2327 stica
345 2292 480 2326 historia
493 2293 652 2335 Sulpitius
674 2294 828 2326 Severus:
854 2294 986 2323 Nicaena
1011 2290 1134 2328 synodus

250 2342 364 2376 auctore
383 2341 460 2384 Hofio
472 2341 603 2383 confec‘la
614 2341 742 2374 habetur
753 2365 760 2373 .
788 2341 826 2374 ln
841 2340 904 2373 suis
920 2339 1007 2373 notis
1033 2339 1135 2372 Geor-

251 2393 324 2438 gius
336 2393 486 2427 Hornius
499 2403 553 2434 per
564 2402 681 2426 vocem
693 2416 704 2431 ,
733 2390 853 2424 Audiore
868 2413 879 2430 ‚
905 2389 1031 2423 suasum
1042 2388 1133 2422 dum·

250 2452 344 2476 taxat
369 2444 401 2476 &
420 2441 594 2476 confilium
616 2441 784 2484 importari
809 2439 974 2473 existimat
991 2463 1002 2479 ,
1027 2439 1060 2472 &
1074 2436 1134 2473 hac

251 2493 287 2526 in
313 2491 449 2535 Synodo
477 2492 621 2525 Hofium
649 2501 717 2524 non
744 2490 843 2535 egisse
869 2488 959 2523 aliud
987 2499 1048 2531 prae
1060 2489 1133 2522 aliis

251 2540 424 2585 Epistopis
439 2564 450 2581 ,
473 2541 572 2584 quam
594 2539 682 2584 quod
704 2539 897 2584 Imperatori
911 2538 1133 2572 Constantino

249 2592 349 2628 suerit
371 2590 527 2634 impulsor
547 2590 640 2633 ipsius
658 2589 856 2623 indicendae.
887 2588 1049 2622 Romanae
1074 2588 1133 2622 Le-

250 2641 394 2686 gationis
405 2640 636 2685 praesidentiam
650 2638 754 2673 homo
775 2639 992 2674 Calvinianus
1012 2639 1057 2672 ita
1079 2651 1133 2673 co·

250 2702 348 2725 natur
360 2702 513 2725 evacuare
525 2716 533 2723 .
561 2688 691 2733 Nempe
702 2689 721 2723 ὲ
733 2690 887 2723 Romana
900 2688 1080 2732 Republica
1092 2688 1131 2722 ad

250 2740 505 2775 Ecclesiasticam
527 2738 756 2775 Hierarchiam
770 2739 932 2773 translatae
947 2740 1038 2772 vocis
1063 2750 1129 2773 non

250 2791 339 2833 capit
365 2791 519 2824 virtutem
536 2815 547 2832 ,
572 2790 613 2825 de
639 2800 702 2835 qua
727 2790 763 2824 in
791 2789 874 2823 libro
902 2788 1129 2834 Apologetico

251 2840 500 2876 Tertullianus:
529 2844 619 2873 Vetus
643 2851 710 2875 erat
731 2839 817 2884 apud
842 2840 1012 2874 Romanos
1026 2841 1130 2873 Decre-

252 2901 339 2930 tum,
367 2902 403 2924 ne
429 2897 495 2933 quis
522 2893 601 2923 Deus
615 2891 653 2923 ab
676 2895 854 2933 Imperatore
889 2888 1127 2933 consecraretur,

254 2941 336 2982 nist'd
349 2944 368 2974 5
370 2950 463 2975 enatu
470 2940 613 2983 probatus
625 2965 632 2972 .
656 2941 792 2975 Tiberius
805 2942 870 2984 erg&
882 2965 891 2981 ‚
916 2942 1000 2981 cujus
1021 2949 1129 2982 tempo-

253 2991 339 3024 ribus·
351 3002 454 3024 nomen
476 2989 676 3031 Christianum
696 2989 875 3033 insaeculum
891 2995 1022 3023 intravit
1036 3014 1047 3030 ,
1072 2991 1128 3023 ad-

255 3046 427 3074 nunciatum
436 3038 489 3080 fibi
500 3052 537 3074 ex
550 3043 629 3079 Syria
641 3040 801 3079 Palaestina
815 3042 920 3074 detulit
932 3042 977 3073 ad
987 3042 1128 3074 Senatum

254 3103 319 3124 cum
337 3095 544 3134 praerogativa
552 3088 691 3133 suffragii
709 3088 775 3133 sui.
801 3093 927 3125 senatus
941 3116 952 3132 ,
977 3096 1046 3134 quia
1068 3102 1124 3123 non

254 3139 317 3184 ipse
327 3140 516 3182 probaverat
529 3164 539 3179 ,
565 3138 691 3182 respuit.
722 3140 853 3176 Relatio
866 3153 933 3175 erar
954 3142 998 3175 re'i
1014 3151 1067 3185 per
1077 3142 1126 3174 Se·

255 3201 370 3225 natum
392 3190 560 3224 tractandae
586 3191 620 3223 &
644 3190 818 3224 sanciendae
842 3192 1041 3236 propositio,
1068 3191 1127 3226 suf·

253 3241 349 3285 fragii
367 3240 574 3284 praerogativa
587 3240 649 3273 fuit
662 3241 801 3282 primum
814 3253 888 3275 cum
906 3241 1053 3286 Augusta
1073 3253 1125 3276 au-

254 3291 403 3325 &oritate
415 3291 602 3335 suffragium
618 3302 627 3321 τ
653 3289 758 3335 AEgre
773 3291 849 3325 tulit
861 3293 998 3326 Senatus
1022 3292 1123 3336 ipsum

255 3341 425 3376 {Tiberio
446 3340 480 3373 in
503 3352 536 3374 re
556 3350 691 3382 excepta
708 3341 851 3384 usurpari
872 3367 880 3374 .
907 3342 1123 3377 Postmodum

255 3399 365 3425 tamen
378 3391 460 3427 illud
483 3391 623 3425 inomni
643 3391 929 3426 Senatusconsulto
949 3394 1126 3436 Imperator

256 3439 369 3475 habuit
381 3466 392 3482 ‚
418 3441 555 3486 ideoque
568 3440 669 3476 hocce
681 3440 748 3476 fieri
759 3439 926 3478 dicebatur
936 3442 1006 3487 ipso
1016 3446 1119 3479 aucto·

1204 1655 1314 1679 xerunt
1326 1669 1333 1677 .
1363 1644 1572 1688 Nemperem
1582 1644 1701 1688 justam
1720 1643 1875 1689 Princeps
1891 1656 1968 1679 cum
1988 1643 2095 1679 suffra·

1205 1696 1252 1739 gii
1265 1694 1475 1739 prerogativa
1487 1706 1566 1729 mox
1580 1695 1692 1729 retulit
1704 1719 1715 1735 ,
1741 1705 1840 1740 atque
1850 1696 1896 1730 ita
1908 1695 1970 1730 fuit
1981 1697 2093 1730 auctor

1205 1745 1485 1780 Senatusconsulti
1499 1771 1507 1779 .
1533 1744 1646 1790 Pergit
1669 1746 1703 1778 in
1717 1744 1784 1779 alio
1807 1746 1884 1780 loco
1906 1746 1994 1780 idem
2010 1746 2095 1780 Scri-

1205 1806 1300 1840 ptor:
1333 1794 1485 1836 Considius
1498 1795 1628 1838 AEquus
1655 1797 1689 1830 Θ
1701 1796 1815 1830 Caelius
1838 1794 1945 1839 Cursor
1960 1821 1971 1837 ‚
1997 1799 2095 1840 Equi·
2108 1808 2272 1846 [aspa-33(

1202 1854 1246 1878 tes
1274 1849 1424 1884 Romani,
1451 1845 1568 1879 auc‘lore
1596 1849 1736 1888 Principe
1761 1848 1796 1880 ό·
1818 1849 1941 1880 Decreta
1963 1848 2092 1882 Senatus

1199 1900 1321 1938 puniti.
1352 1894 1480 1929 Eodem
1502 1895 1546 1929 ibi
1561 1896 1652 1929 sensu
1679 1895 1788 1929 scribit
1799 1896 1998 1940 Pompejum
2015 1901 2091 1931 Con-

1198 1943 1293 1988 sulem
1302 1946 1398 1989 legum
1405 1943 1531 1988 suarum
1558 1947 1593 1979 ἐν
1608 1946 1758 1980 auctorem
1770 1945 1862 1990 furffe
1887 1949 1921 1981 ὁ·
1939 1945 2092 1992 subverso·

1202 2006 1281 2029 rem.
1312 1996 1354 2029 Et
1366 1995 1407 2029 de
1432 1997 1536 2040 seipso
1550 1994 1695 2030 Consule
1707 1996 1793 2030 dixit
1805 1998 1840 2031 in
1854 1998 2019 2033 Oratione
2032 2010 2091 2041 pro

1203 2045 1362 2079 Cornelio
1379 2045 1484 2079 Balbo
1502 2046 1636 2080 Marcus
1649 2047 1788 2081 Tullius
1803 2061 1814 2081 .·
1841 2051 1957 2081 Harum
1966 2059 2014 2092 ego
2024 2046 2092 2092 sen-
2108 2050 2168 2085 L.3.
2179 2058 2204 2080 c·
2217 2053 2266 2087 3⁷³

1201 2101 1366 2127 tentiarum
1386 2099 1531 2135 Princeps
1557 2098 1592 2129 ό·
1614 2097 1714 2129 αιιδῖον
1735 2097 1807 2138 fui.
1836 2098 1879 2131 Et
1891 2097 1933 2132 de
1945 2098 2092 2133 Antoni-

1202 2153 1248 2174 no
1271 2142 1635 2186 Augusto'Ulpianus:
1661 2148 1802 2177 Oratione
1824 2146 1930 2179 habtta
1952 2171 1964 2187 ‚
1990 2148 2089 2182 auHor

1193 2191 1263 2233 fuit
1284 2194 1405 2225 Senatui
1428 2190 1580 2233 censendi.
1610 2192 1813 2227 Consulibus
1839 2194 1979 2237 primum
1998 2208 2088 2231 com·
2103 2204 2136 2235 C.
2150 2207 2179 2235 8.

1202 2241 1295 2285 petiit
1310 2242 1456 2284 suprema
1469 2239 1536 2274 haec
1547 2241 1707 2283 potestas,
1740 2243 1775 2277 &
1787 2244 1963 2287 postmodo
1985 2246 2026 2280 ab
2047 2248 2088 2282 il-

1203 2291 1242 2324 lis
1251 2288 1291 2323 ad
1306 2290 1491 2333 Principem
1503 2290 1626 2323 transiit
1638 2315 1648 2330 ,
1676 2300 1732 2325 aut
1743 2293 1829 2327 certe
1841 2295 1984 2338 utrisque
1997 2308 2087 2332 man·

1201 2340 1237 2374 sit
1251 2341 1440 2374 communis
1452 2365 1460 2372 .
1486 2338 1657 2385 Qidquid
1669 2341 1707 2375 fit
1721 2366 1731 2382 ‚
1758 2344 1895 2378 eandem
1908 2346 1940 2378 in
1953 2357 2086 2390 genera·

1199 2390 1285 2424 libus
1296 2388 1439 2433 synodis
1453 2389 1567 2424 habuit
1580 2391 1754 2426 Romanus
1767 2392 1968 2438 Episcopus,
1996 2398 2084 2432 ideo-

1199 2451 1262 2484 que
1273 2440 1312 2473 ad
1328 2442 1480 2474 Sanstum
1494 2441 1640 2475 Leonem
1652 2441 1818 2487 Magnum
1839 2443 1879 2478 de
1900 2457 2084 2482 convocan-

1198 2491 1249 2524 dis
1273 2502 1315 2523 ex
1342 2499 1416 2524 toto
1440 2489 1518 2525 orbe
1530 2491 1568 2524 ad
1586 2490 1892 2529 Chalcedonensem
1909 2496 2081 2540 synodum

1199 2540 1347 2574 Patribus
1362 2540 1480 2585 scripsit
1494 2540 1664 2576 pulcheria
1675 2541 1825 2588 Augusta
1837 2558 1848 2578 .·
1875 2549 1919 2579 De
1949 2547 2082 2581 Catholi-

1197 2602 1231 2624 ca
1254 2590 1437 2632 confefflonss
1463 2591 1498 2624 δε
1525 2590 1618 2635 lapsis
1644 2593 1680 2627 in
1709 2593 1877 2637 Ephefino
1904 2597 2081 2633 latrocinio

1199 2641 1367 2684 Episcopi,
1391 2640 1463 2682 ficut
1480 2639 1558 2683 fides
1584 2643 1618 2676 &²
1643 2642 1816 2684 Christiana
1837 2652 1936 2688 pietas
1958 2654 2079 2691 exigit,

1196 2691 1349 2725 teauc‘lore
1361 2692 1538 2724 decernant.
1566 2692 1761 2736 Exponitin
1786 2694 1850 2728 suis
1874 2696 1914 2730 ad
1937 2699 2078 2732 eundem

1195 2741 1313 2774 litteris
1326 2742 1501 2785 Imperator
1514 2741 1717 2776 Martianus:
1745 2747 1825 2778 sicut
1848 2747 2001 2780 Sanc‘litas
2023 2758 2079 2781 tua
2095 2741 2123 2784 L,-
2140 2751 2161 2769 ¹·
2178 2742 2212 2771 Ε·

1175 2787 1179 2832 Ι
1189 2790 1348 2834 [εειιηᾰὶηι
1372 2790 1587 2833 Ecclesiasticus
1613 2795 1745 2837 Regulat
1784 2794 1952 2837 definiverit
1977 2822 1987 2838 ‚
2022 2800 2077 2832 seu
2094 2780 2154 2817 last.
2173 2790 2221 2817 35.

1193 2853 1269 2875 cum
1293 2840 1341 2876 sui
1363 2842 1506 2886 suffragii
1532 2844 1744 2887 praerogativa
1770 2855 1868 2890 atque
1884 2847 2077 2882 austeritate

1192 2892 1393 2935 proposuerit
1415 2918 1426 2934 ‚
1449 2891 1508 2936 sua
1533 2891 1713 2936 dispofitione
1739 2895 1908 2936 declarent,
1937 2898 1989 2931 scu
2017 2899 2077 2932 suo

1191 2942 1288 2975 etiam
1300 2943 1455 2987 suffragio
1467 2943 1684 2978 confirment.
1709 2945 1804 2979 Hinc
1825 2948 1930 2991 pergit
1952 2947 1988 2980 in
2012 2949 2075 2994 alia
2093 2935 2175 2974 Epist.
2200 2947 2245 2974 34·

1193 2992 1336 3036 Epistola
1355 3006 1366 3026 .·
1392 2996 1452 3026 Per
1479 2993 1686 3027 celebrandam
1712 2997 1854 3034 synodum
1880 3005 1909 3030 te
1936 2996 2072 3032 auctore.

1191 3043 1284 3076 Hinc
1310 3043 1389 3077 item
1410 3042 1573 3086 Ephefino
1600 3045 1795 3078 Latrocinio
1822 3057 1891 3079 non
1919 3047 2072 3082 Sanctum

1192 3092 1339 3127 Leonem
1362 3093 1558 3127 Pontificem
1581 3118 1592 3134 ‚
1617 3094 1674 3128 sed
1701 3094 1902 3130 Dioscorum
1929 3095 2073 3131 Alexan·
2090 3091 2174 3130 Epist·
2196 3102 2241 3130 33-

1192 3140 1268 3175 driae
1280 3141 1502 3178 Patriarcham
1514 3154 1589 3177 cum
1599 3144 1766 3178 relationis
1792 3146 1824 3179 ὅ(
1836 3147 1978 3190 suffragii
2001 3158 2074 3189 prae-

1195 3192 1343 3236 rogativa
1358 3193 1515 3236 praefidere
1527 3194 1640 3228 volens
1652 3192 1862 3230 Theodosius
1875 3195 2045 3239 Augustus
2059 3222 2070 3238 ‚

1195 3242 1239 3276 ita
1268 3240 1307 3274 ad
1324 3241 1411 3277 hunc
1432 3244 1574 3287 scripsit.-
1602 3244 1812 3279 Auc‘loritatem
1837 3248 1871 3279 (5
1899 3248 2070 3280 Primatum

1192 3300 1251 3325 tuae
1271 3293 1441 3334 praebemus
1460 3296 1669 3327 Beatitude'm.
1698 3295 1827 3329 Eodem
1846 3295 1951 3330 modo
1964 3296 2072 3340 loqui-

1175 3331 1179 3411 Ι
1193 3353 1245 3377 tur
1258 3342 1409 3385 Sulpicius
1421 3345 1552 3379 Severus
1566 3370 1576 3385 ,
1604 3345 1737 3388 vultque
1751 3345 1893 3380 Hofium
1910 3357 1978 3379 non
2003 3347 2068 3379 sua-

1193 3394 1298 3426 sorem
1321 3393 1412 3427 fuiffe
1438 3395 1565 3429 Na'caeni
1595 3395 1742 3428 Concilii
1765 3419 1776 3435 ,
1804 3396 1857 3429 sed
1884 3394 2069 3429 Praefidem.

1192 3443 1276 3491 Qae
1287 3443 1399 3478 omnia
1412 3443 1580 3487 insigniter
1593 3443 1757 3479 intellexit
1770 3468 1782 3486 ‚
1808 3444 1843 3477 δε
1863 3445 1898 3478 iu
1923 3443 2070 3479 Catholi-

1984 3506 2022 3530 ca
