2366 3756
369 147 464 187 292«

295 214 422 254 natistae
442 213 625 246 habuerunt
647 210 734 246 hanc
761 212 943 257 Regulam:
974 214 1002 248 51·
1014 214 1176 249 traditores

288 263 392 313 sumus
405 288 415 304 ,
441 272 531 304 quare
550 272 602 297 nos
620 267 757 305 quaeritis
780 264 814 299 (π’
837 265 994 306 recipitis?
1020 263 1176 301 Errarunt

293 314 471 351 Ecclesiam
495 311 530 346 in
553 313 697 358 praesenti
718 314 818 350 etiam
829 314 944 352 ‚saeculo
955 315 1019 352 esse
1031 315 1097 348 fine
1109 325 1173 350 ma·

291 364 363 398 cula
377 362 412 395 ὅ(
432 372 535 411 ruga,
561 362 703 408 ideoque
722 363 895 403 traditores
916 376 985 399 non
1009 366 1097 408 posse
1110 365 1174 400 fine

291 412 393 447 totius
414 412 676 452 Communionis
697 414 855 460 contagio
875 415 910 449 &
929 414 1079 451 Ecclefiae
1093 415 1172 450 inte·

289 464 353 501 ritu
380 463 579 500 intromitti.
607 464 682 500 Nec
694 464 734 499 de
750 466 819 501 sola
842 465 1021 502 traditione
1036 489 1046 505 ‚
1066 463 1119 499 sed
1130 464 1171 502 de

288 513 404 554 quovis
427 513 571 558 graviori
586 513 724 551 crimine
744 515 894 553 videntur
914 515 1003 551 idem
1026 515 1168 553 sensisse.

286 563 422 602 Etenim
443 565 585 609 ipsorum
607 564 795 600 universalis
805 566 891 609 apud
902 566 1068 601 Cavernas
1083 565 1168 602 susis

284 613 445 651 celebrata
475 614 631 660 Synodus
662 614 831 653 damnavit
854 616 1019 663 proprium
1046 615 1167 652 Prima-

282 674 353 704 tem
379 664 588 701 primianum
610 687 622 704 ,
657 666 739 707 quod
771 665 896 706 incoestos
921 676 1024 702 contra
1051 666 1165 711 Iegem,

280 717 467 757 Decretaque
484 720 615 752 omnium
634 717 820 753 sacerdotum
829 715 947 754 sanda.-
958 721 1165 754 communioni

277 765 476 812 adjunxiffit.
504 763 636 808 Nempe
657 775 772 803 contra
793 765 882 803 hanc
903 767 1032 805 Donati
1056 766 1165 812 Regu-

277 815 344 852 lam
365 828 373 849 :
414 816 532 858 ,Quales
544 814 663 857 fuerint
681 828 746 854 cum
767 818 874 862 quibus
884 817 984 864 fuerit
1006 823 1163 851 communi-

275 874 395 907 catum,
416 864 579 908 talesfiunt
589 877 688 905 omnes
700 891 711 908 ,
733 866 920 910 &universa
931 866 1041 910 maffa.
1060 866 1162 904 Dam-

275 925 396 952 narunt
407 914 614 952 Primianum
627 942 636 957 ‚
664 918 746 959 quod
757 926 850 953 totam
864 920 978 954 Donati
991 926 1111 960 partem
1111 917 1159 958 fe-

274 967 354 1009 cffit
376 965 540 1007 incoestam.
566 966 616 1000 lta
637 965 735 1002 habes
758 967 845 1013 apud
869 968 1024 1005 Sanstum
1046 969 1159 1013 Augu·

274 1016 396 1052 stinum
417 1016 454 1053 in
475 1016 618 1052 secunda
635 1017 814 1056 Concione
825 1020 917 1061 super
929 1018 1093 1055 Psalmum
1106 1021 1158 1055 tri-

272 1066 431 1113 gefimum
453 1066 599 1101 sextum.
628 1067 685 1102 Est
706 1067 985 1106 Montanistarum
998 1079 1036 1103 ac
1048 1068 1157 1105 Nova·

271 1116 468 1154 tianenlium
487 1127 595 1154 error,
625 1117 670 1152 Et
689 1119 795 1162 ipsum
817 1129 857 1153 ex
881 1119 966 1155 fasto
978 1119 1076 1162 ipsius
1088 1120 1156 1153 Do-

270 1166 373 1206 mini,
400 1167 458 1210 qui
478 1178 548 1202 non
571 1169 736 1203 sacrorum
757 1167 914 1206 codicum
936 1178 991 1205 aut
1004 1170 1155 1203 vasorum

269 1216 439 1255 traditori,
466 1217 520 1252 sed
547 1217 595 1251 sui
616 1217 860 1262 MagistriDei
884 1220 1033 1262 negatori
1055 1216 1154 1255 Petro

267 1278 338 1301 non
361 1265 467 1301 solnm
485 1269 761 1303 communionem
786 1267 928 1303 credidit
950 1279 989 1303 ac
1009 1267 1153 1311 Aposto-

267 1317 392 1358 latum,
419 1316 472 1351 sed
498 1317 629 1360 insuper
651 1315 782 1350 caelestis
808 1316 922 1362 Regni
941 1319 1047 1352 claves
1060 1318 1153 1353 tradi-

265 1365 340 1406 dit,
359 1365 495 1401 revincit
515 1365 651 1401 Sanctus
662 1368 820 1409 optatus:
848 1368 984 1403 Gravius
995 1367 1034 1407 est
1044 1379 1153 1413 negare

264 1428 327 1453 eum
348 1421 401 1463 qui
420 1417 532 1450 locutus
547 1414 587 1456 fit
599 1439 610 1458 ‚
631 1418 724 1458 qucim
736 1417 891 1460 tradidiffe
912 1418 1010 1454 verba
1020 1430 1088 1463 quae
1113 1419 1151 1452 lo·

264 1475 348 1504 tutus
362 1465 400 1508 fit
412 1491 419 1500 .
446 1469 493 1497 Et
512 1466 578 1501 cum
601 1465 665 1499 haec
676 1472 722 1502 ita
736 1465 855 1511 scripta
857 1466 919 1509 sint
931 1492 941 1508 ,
962 1477 1064 1503 tamen
1081 1469 1152 1503 bono

265 1522 397 1552 unitatis
419 1515 523 1550 beatus
544 1518 673 1555 Petrus,
698 1522 743 1550 cui
758 1515 836 1558 satis
858 1526 946 1558 erat,
963 1516 1150 1560 fipofiquam

265 1572 412 1610 negavit,
434 1564 529 1609 solam
548 1570 670 1601 veniam
688 1564 908 1611 consequeretur
921 1591 932 1607 ,
959 1568 994 1605 (5
1014 1567 1151 1609 preferri

264 1621 369 1661 ceteris
403 1615 542 1658 apostolis
564 1622 691 1657 meruit,
715 1618 751 1650 ὁ·
774 1617 877 1652 claves
897 1620 994 1660 Regni
1006 1619 1151 1654 Coelorum

264 1667 524 1702 communicandas
548 1671 656 1708 ceteris
675 1664 755 1707 solus
785 1671 898 1707 accepit
917 1689 924 1699 ,
965 1666 1009 1701 Et
1045 1666 1149 1702 infra.-

264 1721 380 1758 Ceteris
408 1714 546 1757 Apostolis
573 1725 624 1748 nec
645 1713 740 1758 Jeme!
762 1715 938 1760 negantibus
966 1718 1077 1751 Petrus
1103 1725 1149 1751 ter

259 1766 340 1809 solus
366 1769 510 1809 negavit.
537 1767 584 1798 Et
609 1772 710 1800 tamen
735 1764 809 1799 bono
832 1769 961 1799 unitatis
987 1767 1024 1800 de
1032 1777 1151 1801 numero

86 1865 167 1901 1⁰7⁶

263 1815 458 1859 Apostolorum
479 1813 618 1859 separari
644 1826 703 1850 non
728 1820 835 1852 meruit
856 1841 865 1849 .
904 1817 990 1851 Unde
1014 1817 1151 1862 intelligi-

263 1877 314 1902 tur
342 1871 442 1899 omnia
466 1866 610 1902 ordinata
639 1865 690 1909 effe
724 1866 921 1911 providentia
958 1868 1148 1908 salvatoris,

263 1926 297 1951 ut
319 1915 381 1960 ipse
411 1921 551 1960 acciperet
575 1917 696 1951 claves.
725 1919 817 1952 stant
838 1922 1090 1955 totiinnocentes‚
1116 1918 1150 1950 6*

256 1976 394 2012 peccator
421 1972 530 2009 accipit
555 1968 657 2002 claves
676 1988 685 1998 .
712 1966 767 2000 De
793 1965 980 2002 Donatistis
1002 1990 1014 2006 ‚
1048 1966 1149 2001 etiam

91 2736 175 2769 θεῖαι·
199 2742 225 2773 3·
254 2775 255 2778 Ἴ

261 2017 302 2052 ad
330 2017 483 2051 Sanctum
510 2018 672 2059 Optatum
699 2015 735 2050 in
762 2013 1014 2061 Carthaginensi
1050 2013 1151 2050 colla-

261 2068 355 2103 tione
381 2065 662 2111 provocantibus,
688 2064 800 2101 scribit
826 2066 863 2100 in
889 2065 973 2100 libro
994 2064 1151 2108 posteau·

261 2116 338 2151 dem
365 2116 583 2152 collationem
621 2116 754 2150 Sanetus
790 2112 1032 2157 Augustinus:
1069 2115 1150 2156 ,Quae

261 2167 343 2203 let‘lio
368 2176 434 2200 cum
470 2169 568 2209 magis
602 2172 703 2198 contra
740 2173 788 2198 eos
824 2167 996 2198 recitaretur
1016 2187 1027 2205 ,
1066 2174 1150 2197 nemo

262 2215 354 2260 risum
373 2219 476 2260 potuit
501 2219 663 2248 continere.
691 2212 796 2260 Qod
823 2213 930 2257 ipsum
955 2213 1095 2249 evenisse
1106 2214 1150 2247 vi·

261 2267 324 2302 deo
347 2264 469 2312 Joanni
491 2263 663 2307 Launojo.
700 2263 838 2299 Etenim
873 2263 974 2297 sacras
999 2262 1149 2298 Coelestis

261 2316 375 2363 Regni
402 2315 508 2351 claves
535 2324 603 2347 non
629 2313 691 2347 toti
718 2312 867 2348 Ecclefiae
886 2336 898 2355 ,
923 2312 978 2348 sed
1004 2313 1065 2349 soli
1092 2312 1150 2348 Pe-

262 2378 314 2403 tro
339 2366 430 2401 datas
455 2362 540 2400 adeo
562 2363 731 2407 profitetur
753 2363 890 2399 Sanetus
911 2365 1054 2407 Optatus
1077 2388 1088 2404 ,
1113 2375 1148 2397 ut

264 2415 372 2453 lucide
396 2414 616 2461 pronunciet:
645 2414 915 2448 communicandas
942 2419 1048 2455 ceteris
1070 2412 1150 2456 j‘olus

262 2472 390 2510 accepit.
418 2464 583 2500 Adfirmat
608 2464 784 2508 nequidem
804 2464 901 2505 aliis,
934 2463 1012 2499 licet
1037 2462 1150 2499 funda-

268 2516 468 2554 mentalibus
491 2515 642 2551 Ecclefiae
664 2514 819 2556 membris
840 2538 851 2554 ,
879 2513 1071 2556 Apostolis‚
1097 2512 1148 2550 sed

263 2569 325 2602 soli
335 2567 436 2601 Petro
454 2565 567 2605 datas,
605 2565 639 2599 δε
660 2563 749 2606 istis,
769 2565 961 2608 &ipsorum
983 2566 1084 2608 usque
1109 2564 1148 2598 ad

263 2617 370 2655 saeculi
391 2617 491 2652 finem
511 2613 752 2651 Succefforibus
771 2625 826 2657 per
846 2613 941 2647 illum
966 2616 1148 2650 communi-

263 2668 384 2704 candas
395 2691 402 2699 .
424 2667 464 2702 ln
474 2665 697 2702 anniversariis
707 2664 748 2698 de
762 2665 816 2700 sua
830 2665 1078 2701 consecratione
1091 2666 1148 2699 ser·

264 2717 421 2755 monibus
443 2715 655 2761 infigniterid
666 2716 773 2751 firmat
794 2714 940 2759 Magnus
965 2715 1054 2749 Leo:
1083 2719 1148 2749 Ma-

261 2767 546 2815 gnum&mirabile
558 2765 624 2800 huic
643 2771 729 2806 viro,
756 2764 868 2808 utique
888 2763 986 2800 Petro
1007 2763 1148 2808 Aposto-

266 2821 301 2852 lo
312 2842 323 2857 ,
343 2815 516 2859 consortium
522 2820 658 2857 potentie
663 2814 728 2857 suae
739 2814 844 2850 tribuit
857 2818 976 2848 Divina
987 2816 1123 2859 dignatio
1138 2841 1144 2848 .

267 2872 314 2902 Et
332 2865 359 2909 fi
375 2866 452 2911 quid
468 2876 532 2899 cum
542 2876 573 2897 eo
583 2875 729 2898 commune
739 2869 841 2905 ceteris
853 2865 948 2898 voluit
958 2864 1009 2906 effe
1030 2867 1144 2899 Princi-

264 2917 354 2962 pibus
365 2940 377 2959 ,
402 2926 566 2959 numquam
575 2913 632 2956 nisi*
632 2922 687 2956 per
700 2912 795 2956 ipsum
806 2914 891 2949 dedit
903 2938 914 2954 ,
928 2915 1073 2957 quidquid
1080 2916 1147 2949 aliis

268 2980 326 3002 non
335 2971 475 3011 negavit.
501 2964 664 2999 Etinfra:
691 2968 728 2999 In
741 2966 832 3000 Petro
853 2970 982 2999 omnium
998 2964 1148 3009 fortitudo

268 3024 407 3051 munitur
417 3041 429 3057 ‚
454 3018 488 3050 Θ
499 3018 625 3049 Divinae
633 3020 745 3059 gratiae
754 3021 799 3050 ita
810 3016 970 3049 ordinatur
982 3016 1128 3050 auxilium
1139 3041 1149 3057 ,

268 3076 301 3103 ut
313 3066 445 3110 firmitas
457 3089 468 3106 ,
493 3077 560 3108 quae
568 3073 621 3106 per
633 3064 781 3106 Christum
793 3067 885 3099 Petro
909 3065 1052 3099 tribuitur
1063 3090 1073 3106 ‚
1097 3074 1150 3110 per

271 3121 398 3151 Petrum
419 3114 558 3158 apostolis
568 3115 739 3157 conferatur
751 3141 758 3149 .
786 3115 951 3165 roirca
963 3115 1069 3150 claves
1080 3128 1149 3151 non

270 3167 385 3202 Petrus
407 3177 462 3210 per
485 3164 664 3199 Ecclesiam
690 3176 745 3200 aut
756 3165 941 3210 generalem
953 3166 1126 3209 Synodum
1141 3191 1150 3209 ‚

273 3216 327 3252 sed
350 3216 490 3251 Ecclesia
515 3215 548 3251 &
575 3213 703 3259 Synodi
729 3224 922 3260 acceperunt
948 3216 1048 3259 usque
1064 3214 1151 3257 huc,

273 3278 312 3302 ac
331 3267 452 3310 semper
471 3264 630 3309 accipient
649 3275 703 3308 per
724 3264 860 3300 Petrum
880 3290 887 3298 .
914 3264 1017 3312 Qod
1045 3266 1151 3310 ipsum

273 3319 415 3360 Optatus
441 3316 538 3350 tradit
564 3316 600 3349 in
627 3314 734 3359 primo
768 3314 853 3350 libro
878 3328 888 3351 ,·
923 3322 1060 3351 Haeretici
1095 3329 1152 3351 non

276 3366 385 3402 babent
408 3367 531 3406 claves,
555 3376 631 3407 quas
652 3362 732 3409 solus
758 3367 868 3399 Petrus
893 3370 1018 3407 accepit.
1047 3367 1091 3400 Et
1116 3367 1151 3402 in

277 3416 418 3454 secundo
443 3416 527 3453 libro
553 3413 663 3452 laudat
689 3416 877 3452 Romanam
911 3414 998 3454 Petri
1035 3415 1154 3454 Cathe-

692 133 734 175 S.
774 130 1091 178 Gnnoonu
1126 144 1362 177 sevum
1397 132 1769 181 Ponrlmcls

1235 213 1327 249 dram
1351 238 1364 255 ,
1395 214 1430 249 δε
1453 214 1658 262 prosequitur
1680 226 1688 247 ε
1726 219 1763 250 In
1785 227 1847 259 qua
1871 229 1933 254 una
1956 220 2114 259 Catbedra

1234 271 1337 300 unitas
1357 264 1396 298 ab
1415 264 1547 301 omnibus
1554 263 1753 309 servaretur,
1777 277 1815 300 ne
1825 273 1913 309 ceteri
1927 270 2114 315 Apostolifin-

1229 317 1318 358 gulas
1331 314 1388 359 fibi
1408 313 1528 362 quisque
1548 315 1762 358 defenderent,
1790 325 1825 350 ut
1829 318 1901 359 Jam
1908 316 2114 361 schismaticus

1234 368 1269 403 Θ
1286 374 1420 408 peccator
1429 367 1495 409 effer
1505 389 1516 406 ‚
1543 373 1594 410 qui
1607 374 1707 400 contra
1712 365 1889 410 singularem
1904 366 2114 416 Gathar-am,-

1231 418 1358 453 alteram
1378 417 1527 453 collocaret
1547 440 1556 448 .
1584 416 1642 453 Est
1662 417 1832 461 singularis
1854 418 1888 454 δε
1909 429 1975 455 una
1997 443 2010 460 ‚
2044 431 2115 458 non

1231 466 1320 510 quod
1343 467 1440 501 unica
1458 467 1495 504 fit
1509 491 1520 508 ‚
1545 467 1600 502 sed
1624 467 1715 512 quod
1737 466 1779 504 ab
1803 467 1871 512 ipsa
1893 479 2010 505 omnes
2036 481 2116 513 pen·

1230 517 1351 557 deant,
1377 518 1411 552 δε
1431 517 1467 553 in
1492 517 1557 563 ipsa
1574 519 1750 558 uniantur,
1777 518 1828 554 uti
1845 519 1926 553 rami
1937 519 1973 554 in
1985 519 2115 565 radice,

1230 567 1262 603 in
1283 569 1377 601 fonte
1397 567 1478 610 rivi,
1503 567 1630 602 &radii
1652 569 1685 602 in
1699 568 1765 602 sole
1778 581 1790 603 .·
1814 567 1916 615 Qod
1925 571 1993 613 ipsa
2005 570 2042 605 fit
2059 582 2116 615 per

1230 616 1399 654 Christum
1421 619 1455 652 in
1478 617 1579 654 Petro
1592 620 1737 667 plantata
1761 618 1853 655 radix
1876 620 1981 659 totius
2000 621 2116 661 Eccle-

1230 667 1357 702 fiasticae
1379 667 1562 712 potestatis.

1277 718 1321 754 Et
1335 717 1414 753 hinc
1427 719 1607 754 Bafileense
1619 720 1813 756 Concilium
1824 721 2015 767 acJoannes
2032 722 2116 758 Ges-

1226 768 1285 803 son
1312 779 1371 813 pro
1391 781 1498 805 errore
1510 771 1568 804 suo
1581 782 1651 806 non
1662 771 1908 806 Tertullianum
1919 797 1932 815 ,
1958 772 2116 808 Sanstum

1224 818 1387 862 Optatum
1401 844 1413 861 ‚
1438 830 1495 855 ant
1515 821 1616 857 alium
1629 822 1780 857 Ecclefiae
1791 822 1924 859 Patrem
1937 845 1948 862 ,
1974 821 2028 856 sed
2039 823 2115 857 San-

1223 869 1310 905 stum
1330 869 1503 906 dumtaxat
1516 869 1745 917 Augustinum
1755 871 1876 908 merito
1887 871 2093 907 adduxerunt
2104 898 2112 908 .

1225 918 1276 952 Ex
1300 918 1364 955 hoc
1381 921 1472 956 enim
1495 922 1567 956 solo
1587 921 1715 957 extrahi
1726 923 1822 967 poffit
1838 921 1912 966 quis
1924 920 2017 957 istius
2030 932 2112 958 erro·

1223 969 1263 1005 ris
1279 971 1392 1004 fucus.
1420 971 1465 1004 Et
1487 982 1555 1006 non
1578 972 1637 1007 nifi
1661 974 1775 1009 fucus.
1804 971 2013 1018 Augustinus
2032 982 2113 1016 ergo

1221 1018 1262 1053 ad
1284 1020 1488 1057 Generosum
1504 1018 1574 1056 haec
1589 1022 1704 1059 scribit
1716 1036 1729 1057 .·
1757 1026 1848 1059 Petro
1871 1027 1962 1057 totius
1975 1020 2113 1064 Ecclefiae
2130 1015 2256 1053 EP·165·

1216 1067 1343 1115 figuram
1359 1077 1485 1113 gerenti,
1500 1074 1644 1106 Dominus
1665 1078 1712 1106 ait
1726 1097 1738 1113 ‚
1762 1074 1859 1116 Super
1876 1072 1956 1107 banc
1985 1074 2113 1108 Petram

1220 1118 1371 1159 aedificabo
1393 1119 1551 1160 Ecclefiam
1571 1133 1686 1156 meam.
1713 1122 1758 1159 Et
1778 1123 1815 1157 in
1837 1122 1924 1158 libro
1936 1122 1977 1158 de
1988 1122 2112 1167 Agone
2127 1134 2198 1170 Cap·
2218 1135 2263 1170 304

1221 1166 1429 1201 Christiano:
1458 1172 1531 1205 Non
1539 1168 1602 1210 fine
1623 1169 1714 1214 causa
1733 1178 1811 1206 inter
1840 1185 1940 1208 omnes
1965 1172 2111 1216 Apostolos

1219 1216 1355 1260 Ecclefiae
1366 1217 1531 1252 Catholicae
1547 1216 1706 1262 personam
1716 1217 1840 1262 sustinet
1871 1226 1982 1256 Petrus
1997 1247 2006 1255 .
2034 1227 2112 1269 quic

1218 1272 1299 1300 enim
1315 1267 1441 1311 Ecclefie
1460 1270 1563 1303 claves
1595 1272 1692 1314 Regni
1726 1267 1874 1304 calorum
1896 1272 1980 1305 datae
2011 1269 2086 1314 suut
2099 1294 2112 1313 ,

1216 1328 1282 1349 cum
1304 1320 1395 1354 Petro
1412 1319 1485 1362 date
1501 1317 1592 1362 sunt.
1619 1323 1743 1354 Etcum
1754 1325 1781 1355 ei
1792 1321 1924 1361 dicitur,
1950 1321 1998 1354 ad
2010 1332 2113 1355 omnes

1217 1368 1328 1401 dicitur
1345 1393 1351 1402 .
1381 1372 1471 1402 Amas
1481 1381 1550 1411 me,
1572 1368 1664 1413 pasce
1679 1381 1751 1406 oves
1770 1382 1856 1406 meas
1867 1396 1875 1406 .
1906 1371 1951 1406 Et
1970 1371 2008 1406 in
2020 1369 2113 1406 libris

1215 1415 1256 1452 de
1278 1418 1448 1462 Baptismo
1459 1419 1570 1455 laudat
1581 1420 1727 1456 Domini
1739 1421 1782 1457 ad
1793 1420 1978 1466 Apostolos
1990 1419 2089 1456 verba
2100 1445 2112 1463 ,

1217 1471 1343 1511 Accipite
1364 1472 1512 1513 spiritum
1539 1470 1681 1505 sananim
1689 1496 1700 1513 ,
1726 1480 1851 1516 quorum
1862 1470 2113 1516 remisermspec·
2128 1476 2187 1509 Lib.
2196 1488 2224 1517 3·
2236 1487 2262 1510 c-

1214 1528 1284 1551 cata
1294 1543 1305 1558 ,
1329 1526 1525 1556 remittuntur
1535 1526 1580 1555 eis
1593 1545 1604 1562 ,
1625 1532 1724 1566 atque
1733 1523 1876 1567 exponit
1887 1520 2113 1567 „Ergofiper-
2133 1522 2174 1549 18·

1212 1565 1319 1611 finam
1343 1569 1465 1613 Apostoli
1479 1571 1628 1614 gerebant
1650 1571 1772 1615 Ecclefif
1784 1596 1795 1612 ²
1820 1574 1856 1607 δ’
1870 1570 1965 1615 fictis
1990 1570 2044 1607 boc
2064 1572 2111 1607 ll·

1212 1616 1291 1650 tium
1313 1617 1351 1657 est
1372 1641 1383 1658 ,
1429 1629 1586 1663 tamquam
1606 1621 1665 1662 ipſs
1683 1622 1807 1665 Ecclefie
1826 1624 1973 1657 diceretur
1994 1644 2011 1660 ,
2040 1628 2110 1662 pax

1214 1666 1340 1711 Ecclefie
1366 1669 1494 1702 dimittit
1527 1677 1655 1711 peecata
1667 1694 1675 1702 .
1702 1671 1743 1705 In
1783 1670 1944 1714 trigefimi
1981 1668 2109 1705 Psalmi

1213 1714 1465 1753 Commentario
1487 1718 1598 1752 laudat
1624 1719 1754 1753 Divina
1773 1718 1817 1755 ad
1830 1719 1966 1755 Petrum
1988 1717 2108 1759 verba,

1215 1764 1318 1798 Madia
1328 1766 1363 1801 ὃ·
1373 1766 1522 1799 manduca
1537 1790 1549 1806 ,
1575 1767 1610 1802 &
1621 1767 1825 1813 prosequitur
1837 1781 1849 1803 .-
1869 1771 1926 1800 Hoc
1936 1771 2001 1811 agis
2008 1769 2108 1803 Eccle-

1207 1814 1252 1856 fia
1259 1823 1317 1858 per
1338 1815 1460 1851 Sanaos
1475 1839 1484 1848 .
1510 1814 1617 1859 Esurit
1639 1828 1713 1860 quos
1732 1819 1842 1851 lucrari
1856 1818 1923 1851 vult
1936 1840 1949 1857 ‚
1973 1818 2008 1852 Θ·
2033 1827 2107 1860 quos

1213 1864 1330 1899 lucrata
1345 1865 1445 1909 fuerit
1456 1868 1556 1910 aliquo
1565 1868 1650 1900 modo
1661 1891 1673 1907 ,
1699 1869 1864 1902 manducat
1874 1867 2106 1910 quodammodo.

1213 1916 1311 1955 cujus
1332 1914 1490 1959 personam
1505 1916 1631 1960 gerebat
1646 1919 1778 1959 Petrus,
1804 1918 1925 1959 quando
1933 1922 1962 1950 ei
1972 1917 2009 1951 dc
2021 1919 2104 1953 Coelo

1208 1962 1364 2006 submiffus
1386 1965 1424 2004 est
1445 1965 1544 2010 discus
1576 1969 1686 2009 plenus
1720 1966 1855 2000 omnibus
1894 1967 2103 2008 animalibus,

1213 2015 1457 2057 quadrupedibus
1470 2039 1482 2056 ,
1506 2016 1683 2058 reptilibus,
1711 2012 1949 2050 omninibus.
1979 2015 2102 2059 ,Quibus

1210 2064 1370 2108 generibus
1389 2076 1488 2099 omnes
1505 2074 1610 2109 gentes
1626 2065 1831 2110 significantur
1851 2089 1859 2097 .
1887 2065 2101 2111 Prffgurabat

1215 2115 1359 2147 Dominus
1371 2112 1530 2153 Ecclefiam
1546 2136 1558 2154 ,
1574 2116 1658 2158 qiiod
1665 2125 1763 2148 omnes
1771 2123 1875 2159 gentes
1887 2125 1953 2149 erat
1963 2114 2104 2159 transvo-

1213 2171 1323 2196 ratura
1332 2188 1344 2205 ,
1371 2163 1408 2197 Θ
1416 2167 1449 2195 tn
1460 2170 1563 2205 corpus
1571 2161 1660 2206 suum
1670 2163 1850 2207 conversura
1863 2187 1875 2206 ‚
1891 2166 1980 2199 &ait
1991 2167 2101 2200 Petro:

1214 2212 1540 2248 Madaomanduca.
1566 2218 1593 2247 0
1614 2212 1764 2255 ΕεεΙεΙῐα,
1790 2213 1844 2250 hac
1864 2212 1925 2254 est,
1952 2216 1969 2248 ὃ
1990 2216 2104 2256 Petro,

1212 2268 1283 2305 quia
1290 2259 1384 2305 super
1397 2261 1476 2296 banc
1498 2265 1623 2296 Petram
1643 2262 1785 2306 edificabo
1806 2262 1965 2305 Ecclefiam
1987 2275 2105 2304 meam,

1214 2311 1318 2346 Mada
1340 2314 1376 2348 et
1396 2313 1567 2347 manduca.
1595 2313 1640 2347 Et
1653 2312 1695 2347 ad
1706 2312 1874 2348 Psalmum
1886 2309 2102 2349 centesimum

1212 2363 1366 2396 ostavutn
1380 2375 1392 2397 .-
1417 2363 1500 2396 sicut
1523 2363 1654 2404 quedam
1672 2363 1813 2396 dicantar
1834 2385 1847 2403 ,
1883 2373 1940 2406 que
1964 2363 2010 2397 ad
2029 2367 2104 2407 Apo·

1205 2411 1310 2452 stolum
1333 2414 1458 2446 Petrum
1475 2414 1599 2454 proprie
1627 2417 1783 2454 pertinere
1804 2413 1971 2447 videantur
1993 2437 2006 2455 ,
2050 2424 2103 2448 noc

1212 2472 1312 2496 tamen
1335 2461 1446 2496 babent
1466 2461 1605 2502 illustrem
1625 2462 1805 2498 intellectum
1825 2486 1837 2503 ‚
1863 2461 1920 2504 nisi
1939 2473 2005 2497 cum
2029 2463 2104 2508 refe·

1212 2522 1317 2546 runtur
1338 2513 1384 2546 ad
1404 2511 1562 2553 Ecclesiam
1580 2536 1592 2553 ,
1618 2514 1702 2554 cnjus
1722 2513 1771 2547 iile
1782 2510 1949 2558 agnoscitur
1959 2518 1993 2546 in
1997 2513 2101 2557 figura

1207 2562 1324 2606 gestaffe
1346 2560 1506 2605 personam
1527 2585 1538 2602 ,
1572 2570 1699 2604 propter
1734 2565 1907 2597 Primatum
1941 2573 2030 2604 quem
2065 2567 2100 2597 in

1213 2612 1375 2656 Discipulis
1401 2610 1507 2644 babuit
1529 2635 1542 2652 ,
1573 2610 1660 2652 ficuti
1684 2611 1724 2652 est
1746 2634 1757 2649 ‚
1799 2611 1868 2643 Tibi
1893 2610 1971 2645 dabo
1996 2612 2100 2647 claves

1212 2667 1307 2707 Regni
1331 2662 1478 2695 calorum
1491 2684 1502 2701 ‚
1528 2663 1563 2695 <a
1578 2659 1608 2702 fi
1622 2672 1690 2703 quae
1714 2657 1900 2703 hujusmodi;
1930 2664 1977 2693 ita
1988 2661 2100 2704 ‚ludas

1208 2711 1367 2756 personam
1385 2711 1600 2756 quodammodo
1626 2709 1750 2754 sustinet
1780 2714 1965 2743 inimicorum
1988 2709 2101 2752 Christi

1205 2764 1412 2810 Judaeorum,
1438 2763 1495 2796 (uc.
1520 2761 1631 2795 Etiam
1654 2760 1690 2794 in
1714 2758 1987 2804 quinquagesimo
2011 2760 2100 2797 Tra·

1213 2815 1297 2848 statu
1318 2814 1413 2855 super
1434 2811 1544 2847 Sansti
1558 2810 1694 2856 Joannis
1707 2809 1930 2854 Evangelium
1941 2810 2047 2855 pergit
2057 2809 2100 2848 de

1212 2863 1313 2909 Juda:
1342 2867 1425 2896 Unus
1447 2862 1544 2897 malus
1572 2868 1675 2903 corpus
1685 2858 2002 2905 malorumfignificat,
2028 2871 2098 2903 quo·

1213 2914 1294 2947 modo
1318 2916 1430 2949 Petrus
1453 2919 1558 2953 corpus
1586 2911 1722 2944 bonorum
1739 2933 1749 2949 ,
1770 2911 1860 2944 immb
1884 2918 1988 2952 corpus
1997 2911 2098 2944 Ereta·

1207 2964 1280 3008 fiae,
1301 2961 1360 3008 sed
1383 2969 1416 2999 in
1437 2962 1540 2998 bonis.
1567 2965 1655 2996 Nam
1670 2961 1737 3004 fiin
1749 2963 1839 2997 Petro
1850 2970 1909 2993 non
1921 2960 1985 3005 cffet
1997 2962 2098 2996 Eccle-

1205 3013 1258 3060 fiae
1271 3016 1491 3050 Sacramentum
1500 3036 1511 3052 ,
1537 3022 1594 3044 non
1605 3017 1632 3045 ei
1651 3013 1760 3049 diceret
1772 3014 1916 3046 Dominus
1927 3034 1938 3051 ,
1963 3009 2032 3042 Tibi
2041 3010 2098 3044 da·

1215 3066 1249 3100 bo
1270 3065 1369 3098 claves
1396 3067 1490 3106 Regni
1509 3062 1675 3102 culorum,
1702 3064 1905 3106 ,Quacumque
1924 3058 2053 3104 solveris
2063 3065 2100 3103 iu

1213 3125 1316 3154 terra,
1342 3111 1532 3160 eruntsbluta
1550 3117 1583 3144 in
1605 3114 1700 3147 calo,
1724 3114 1757 3147 δὲ
1778 3110 1830 3145 boc
1866 3113 1957 3145 Petro
1977 3111 2099 3144 tantum

1214 3165 1324 3200 didam
1343 3163 1380 3205 est
1393 3188 1405 3204 ,
1429 3173 1487 3196 non
1500 3161 1582 3205 facit
1602 3161 1654 3195 boc
1678 3160 1823 3203 Ecclefia:
1851 3162 1882 3195 51·
1895 3162 2043 3197 autem&
2063 3165 2099 3196 tn

1216 3213 1341 3256 Ecclesia
1356 3214 1416 3257 fit,
1440 3214 1547 3246 Petrus
1567 3214 1687 3255 quando
1709 3212 1813 3246 claves
1833 3216 1944 3253 accepit
1961 3233 1972 3250 ‚
1998 3211 2098 3246 Eccle-

1209 3264 1284 3308 fiam
1296 3264 1436 3299 Samiam
1443 3260 1625 3305 fi‘gnificavit
1638 3289 1646 3296 .
1672 3265 1693 3296 5
1694 3268 1705 3295 i
1718 3269 1751 3296 in
1764 3264 1851 3297 Petri
1858 3256 2097 3304 persbnafignifi·

1214 3321 1274 3350 cati
1284 3312 1399 3357 suntin
1411 3311 1537 3353 Ecclefia
1548 3312 1616 3347 boni
1629 3339 1639 3355 ,
1665 3320 1698 3346 in
1701 3316 1732 3359 J
1735 3313 1806 3346 udae
1810 3307 1935 3353 persona
1941 3307 2096 3353 fignificati

1215 3365 1285 3410 sunt
1293 3368 1324 3396 in
1339 3361 1465 3405 Ecclefia
1494 3364 1588 3397 mali.
1615 3362 1687 3406 Ipfis
1711 3362 1823 3397 diHum
1840 3359 1898 3400 est:
1926 3363 1977 3394 Me
1996 3369 2096 3395 autem

1216 3427 1274 3450 non
1282 3412 1398 3462 semper
1408 3412 1555 3450 babebitis
1570 3437 1577 3446 .
1591 3414 1635 3449 Et
1646 3414 1682 3450 in
1694 3412 1851 3448 Tractatu
1863 3410 2043 3494 cent-effic
2054 3409 2098 3446 vi-

1926 3470 1968 3505 ge
2025 3469 2048 3496 o
