2366 3756
102 268 139 297 A.
151 274 167 305 ,ί
174 266 239 301 0³5⁶·

107 309 190 341 1060·

78 2104 165 2147 Epist.
190 2109 235 2139 86.

78 2159 107 2181 c„
130 2157 157 2178 ι.

84 2528 171 2570 Epist.

88 2580 103 2610 3
112 2580 157 2607 19.

354 134 445 184 108
519 126 929 183 NIGOLAI

274 219 379 254 annis
403 221 520 260 Secti,
547 217 601 254 sed
621 220 769 264 proprios
788 222 888 255 etiam
913 219 1015 255 libros
1028 221 1165 265 propriis

278 269 352 310 illic
372 269 522 308 manibus
556 266 738 314 incenderit
758 293 771 309 ,
804 270 944 308 affirmat
965 269 1164 310 Bettholdus

279 319 454 362 Presbyter
474 318 750 356 constantiensis.
778 319 824 360 Et
846 316 981 359 Sanetus
1003 321 1163 357 Lanfran·

277 380 352 404 eus.
380 370 427 403 Et
435 363 543 404 caete'ra
554 370 672 412 ⁴quidem
683 377 758 410 tua,
785 367 975 415 Berengari,
1002 374 1122 415 Scripta
1141 375 1162 406 ἃ

277 418 374 456 beatae
395 425 543 454 memoriae
571 420 697 456 Nicolao
727 425 819 458 totius
840 420 1005 463 Christiani
1032 428 1161 457 nominis

276 472 393 506 Summo
415 468 577 511 Pontifice,
603 471 638 505 ἐν
662 472 683 503 ἃ
704 480 822 504 centum
841 473 981 506 tredecim
1002 467 1160 517 Episcopis

275 525 378 556 Romae
400 520 508 552 audita
526 543 537 559 ‚
562 526 761 562 examinata,
786 531 876 565 atque
897 523 1048 557 damnata
1064 522 1158 567 fimt-

273 574 320 603 Tu
341 579 451 612 quoque
474 571 615 604 inclinato
640 579 777 613 corpore,
798 570 925 616 sednon
936 573 1163 608 humiliatae-or·

271 622 332 661 de,
358 626 456 666 ignem
476 619 644 663 accendisti,
665 620 812 665 librosque
818 622 954 665 perversi
968 620 1174 668 dogmatista

270 672 370 707 medio
392 670 496 704 Samii
516 673 640 707 Concilii
662 677 694 705 in
704 684 769 706 eum
789 673 933 719 conjecisti
946 698 957 715 ,
973 676 1086 716 jurans
1105 681 1160 719 per

269 722 307 754 id
313 723 394 763 quod
412 721 499 755 rebus
521 722 658 756 omnibus
681 723 955 766 incomparabiliter
976 727 1076 767 majus
1100 724 1159 767 est,

265 772 357 816 fidem
367 772 386 803 ἃ
400 771 545 806 Patribus
558 797 570 813 ‚
596 779 648 815 qui
654 773 823 818 praesentes
835 775 965 808 aderant
976 799 986 814 ,
1014 776 1159 809 traditam

267 821 480 862 inviolabilem
499 831 529 858 ¹0
543 821 741 866 fi’rvaturum
752 849 764 865 ,
790 834 980 870 veteremque
991 826 1158 860 doe‘i'rinam

265 879 352 907 tuam
372 874 410 909 de
430 877 559 915 Corpore
569 874 604 907 Θ
615 877 764 919 Sanguine
778 878 899 908 Domini
911 872 950 907 ab
962 876 1016 908 illa
1028 877 1076 910 die
1086 878 1156 912 aliis

265 925 588 968 nonpraedtcaturum.
617 925 662 958 Et
683 920 816 959 Sanetus
839 924 1067 961 Guitmundus
1079 927 1158 971 Epi-

264 973 598 1017 scopusAvetsanus:
626 973 776 1019 Reversus
801 976 955 1018 aliquanto
976 976 1039 1018 post
1050 978 1154 1011 advo.

263 1029 369 1057 mitum
385 1023 473 1067 filum
486 1027 688 1070 Rerengarius
704 1051 714 1066 ‚
740 1026 968 1070 agentesant‘lae
977 1028 1153 1063 recordatio-

261 1080 312 1110 nis
325 1077 449 1109 Nicolao
471 1072 602 1118 Papain
611 1077 746 1120 generali
769 1077 896 1110 Concilio
917 1080 1020 1111 Romae
1043 1083 1152 1112 iterum

260 1124 454 1167 confutatur,
480 1136 571 1168 atque
581 1128 708 1160 eundem
719 1138 817 1159 coram
841 1125 902 1169 ipso
920 1127 1076 1160 venerabli
1097 1133 1154 1161 Or-

259 1175 306 1208 bis
324 1185 475 1213 terrarum
496 1182 657 1219 conventu
678 1182 711 1209 in
723 1178 817 1213 verba
830 1186 912 1210 certa
921 1178 1030 1217 jurare
1043 1202 1053 1217 ‚
1070 1187 1153 1219 prae-

258 1224 412 1269 diHasque
434 1225 569 1268 insanias
585 1233 708 1272 proprio
729 1238 777 1261 ore
801 1227 963 1267 abjurare,
991 1238 1024 1258 ac
1039 1227 1151 1262 libellos

253 1274 345 1319 suos)
371 1278 513 1322 quos'ad
532 1278 660 1309 tuendas
672 1275 790 1319 easdem
801 1274 1001 1319 blasphemias
1007 1276 1129 1318 fecerat
1140 1302 1150 1317 ,

252 1322 394 1368 propriis
410 1326 550 1358 manibus
560 1323 741 1362 concremare
751 1332 839 1371 coegit
850 1350 858 1361 ,
887 1325 1020 1370 Utique
1034 1325 1147 1363 Ponti-

254 1375 311 1415 fex
332 1375 512 1422 Nicolaus·
595 1402 599 1410 ,
708 1404 711 1412 ,,

307 1425 423 1471 Pergit
434 1426 473 1460 Sa
479 1425 570 1460 ustus
580 1425 784 1460 Lanfrancus
796 1438 807 1459 .·
827 1427 981 1462 Sacrorum
991 1429 1147 1460 canonum

256 1477 430 1510 auc‘i‘oritate
442 1475 609 1515 instruimur
617 1501 627 1516 ,
655 1485 688 1507 ut
701 1487 783 1508 nemo
794 1475 832 1506 ab
845 1475 960 1515 Haerefi
964 1483 1117 1508 revertens
1138 1500 1149 1516 ,

256 1526 460 1568 Ecclefiasticae
482 1530 689 1560 communionis
695 1529 852 1567 particeps
864 1525 915 1566 effe
922 1529 1122 1566 permittatur
1134 1548 1145 1564 ,

256 1588 313 1622 quo
333 1577 377 1611 ad
397 1575 487 1622 usque
503 1573 678 1619 perversum
689 1569 794 1618 dogma
808 1575 926 1607 vinculo
937 1572 1145 1607 anathematis

254 1629 405 1660 damnare
425 1627 617 1668 compellatur
637 1650 644 1657 .
673 1623 729 1658 Ut
749 1623 889 1667 scripto,
918 1624 952 1657 &
972 1623 1012 1657 ad
1035 1634 1145 1667 perpe·

254 1687 346 1711 tuam
369 1676 565 1710 memoriam
586 1675 622 1708 in
650 1672 802 1707 Ecclefiae
826 1672 980 1706 Archivis
1002 1672 1146 1713 conden-

254 1726 301 1766 do
330 1750 341 1766 ‚
381 1724 585 1770 profeffionis
607 1722 722 1758 libello
744 1722 800 1757 fiat
823 1722 1067 1757 Haereticorum
1091 1721 1145 1755 ab·

254 1777 399 1821 juratio,
424 1777 468 1810 est
494 1774 615 1809 Canon
637 1771 853 1816 Apostolicus
873 1796 884 1812 ,
922 1772 957 1806 dc
990 1781 1144 1815 perpetua

254 1825 461 1862 consuetudo
481 1824 635 1858 omnium
656 1822 874 1856 Ecclefiarum
897 1847 903 1854 .
932 1821 976 1855 Et
997 1821 1077 1856 hinc
1102 1821 1144 1855 de

255 1877 403 1922 praesenti
422 1875 613 1921 Berengarii
635 1872 830 1917 profeffione
851 1871 980 1919 addidit
1008 1871 1143 1906 Sanstus

255 1927 505 1965 Guitmundus:
533 1929 570 1957 In
590 1924 694 1958 multis
715 1922 841 1957 babetur
863 1919 1017 1961 Ecclest‘is.
1046 1922 1090 1955 Et
1101 1921 1143 1955 de

254 1978 429 2015 scribendo
450 1974 659 2018 dolofiffimis
687 1973 881 2007 mentalium
901 1971 1141 2006 restristionum

254 2028 438 2063 architectis
459 2025 646 2071 Pelagianis
678 2023 793 2060 libello
823 2023 953 2057 instruit
983 2021 1142 2058 Nicetam

256 2078 420 2122 Aquilejae
440 2075 697 2120 Metropolitam
721 2075 858 2109 Sanctus
879 2073 950 2107 Leo
969 2072 1139 2117 Magnus:

255 2129 352 2164 Nihil
371 2135 404 2161 in
425 2127 529 2161 verbis
547 2136 648 2159 eorum
671 2122 831 2166 absonum,
866 2122 944 2155 nihil
966 2126 1141 2155 inveniatur

255 2179 444 2227 ambiguum.
470 2179 624 2220 ,Quoniam
644 2178 780 2207 novimus
801 2170 879 2205 hanc
889 2171 1006 2213 istorum
1016 2172 1067 2216 effe
1077 2183 1142 2206 ver.

252 2229 387 2276 sutiam,
412 2236 446 2261 ut
468 2220 501 2260 in
526 2237 709 2269 quacumque
725 2225 879 2269 particula
902 2224 1051 2268 dogmatit
1062 2221 1142 2266 exse-

255 2281 365 2316 crandi
386 2304 397 2321 ,
433 2289 493 2322 qua
509 2276 542 2320 se
569 2279 590 2310 ἃ
611 2278 819 2309 damnatorum
832 2273 973 2318 societate
995 2271 1141 2316 discreve-

257 2337 343 2372 rint,
371 2329 449 2364 nihii
461 2327 518 2371 fibi
541 2325 678 2371 lbnsuum
695 2324 815 2370 suorum
830 2324 997 2365 existiment
1015 2323 1066 2366 effe
1086 2333 1142 2355 non

252 2381 374 2428 salvum
393 2407 400 2414 .
431 2378 558 2414 Eadem
579 2380 614 2412 in
638 2386 706 2412 arte
726 2375 882 2411 excelluit
903 2373 1119 2418 Berengarius
1133 2398 1143 2414 ,

258 2433 401 2476 ideoque
424 2431 459 2465 &c
477 2429 572 2474 ipsius
584 2426 811 2472 professionem
833 2425 897 2459 esse
917 2423 1143 2462 lucidiffimis,

257 2494 330 2528 quae
353 2480 465 2526 postea
484 2479 629 2515 cavillari
650 2489 719 2512 non
742 2477 863 2520 poffet,
890 2474 997 2510 verbis
1009 2474 1146 2508 circum·

258 2533 412 2577 scriptam
431 2531 518 2575 juffit
539 2529 700 2564 Pontifex
713 2528 893 2562 Nicolaus.
923 2526 967 2559 Et
992 2524 1032 2559 ad
1046 2524 1142 2558 Inno-

258 2583 406 2619 centium
430 2582 540 2616 scribit
559 2581 705 2625 Magnus
725 2576 862 2612 Basilius
882 2588 890 2608 ε
920 2579 1115 2619 Hermogenes
1129 2598 1140 2614 ,

259 2633 504 2670 Caesarienfium
527 2632 561 2665 in
574 2627 782 2674 Cappadocia
795 2625 1090 2669 Archi-episcopus,
1115 2629 1148 2659 in

262 2697 373 2729 magna
394 2683 446 2717 illa
457 2687 577 2723 Nicqna
588 2681 697 2720 synodo
703 2678 776 2721 fidei
786 2676 869 2717 istam
878 2676 1042 2719 formulam
1053 2700 1063 2715 ,
1086 2686 1148 2710 ma-

263 2740 340 2768 ximi
360 2735 425 2768 cum
435 2729 589 2771 momenti,
600 2740 665 2764 tum
676 2729 787 2763 roboris
800 2752 812 2770 ,
836 2724 1015 2771 conscripsti.
1044 2727 1148 2760 Suum

263 2785 355 2819 enim
383 2782 426 2816 de
446 2780 510 2816 fide
521 2782 726 2821 Decretum,
753 2777 899 2822 adeoque
919 2773 1148 2810 &faciendam

264 2834 284 2868 ὲ
305 2831 516 2867 redeuntibus
534 2829 707 2862 Haereticis
730 2829 961 2871 professionem
982 2850 995 2866 ‚
1032 2825 1146 2859 doctis-

264 2884 347 2919 fimo
368 2880 470 2915 alicui
490 2876 656 2923 Episcopo
684 2877 835 2921 delegare
854 2875 1124 2912 conscribendam
1136 2898 1148 2915 ,

265 2932 552 2975 conscriptamque
570 2927 723 2965 omnium
735 2927 889 2971 suffragio
901 2925 1043 2960 stabilire
1053 2950 1064 2966 ,
1091 2936 1151 2959 no·

266 2984 337 3018 strae
347 2983 469 3025 semper
491 2978 620 3022 Synodi
640 2978 900 3012 consueverunt.
929 2976 1025 3010 Hinc
1047 2975 1146 3009 etiam

267 3031 458 3077 Berengarii
479 3028 707 3074 profeffionem
732 3039 774 3062 ex
806 3026 941 3061 Nicolai
976 3025 1150 3060 Pontificis

266 3085 350 3132 jussu
369 3080 554 3124 composuit
565 3078 769 3113 Humbertus
782 3077 886 3121 Sylvae
908 3075 1054 3111 candidae
1072 3076 1150 3110 Car-

266 3133 387 3170 dinalis
406 3131 610 3175 Episcopus,
635 3129 679 3163 de
701 3140 769 3172 quo
781 3128 915 3162 Sanstus
927 3126 1148 3160 Lanfrancus:

268 3183 465 3219 Humbertum
487 3185 590 3214 virum
601 3178 690 3222 fuiffe
700 3176 864 3222 religiosum
876 3201 886 3217 ,
902 3178 963 3220 fide
975 3176 1148 3217 Christiana

269 3236 304 3270 ό*
322 3233 507 3278 sanc‘liffimis
526 3228 658 3271 operibus
665 3227 950 3271 perseveranttffime
962 3229 1129 3260 decoratum
1139 3252 1149 3268 ,

267 3283 392 3333 scientia
413 3286 598 3315 Divinarum
620 3291 657 3312 ac
682 3277 871 3321 saecularium
902 3279 1069 3311 litterarum
1099 3286 1150 3320 ap·

269 3335 366 3379 prime
374 3333 544 3370 eruditum,
569 3327 714 3369 testantur
740 3339 852 3367 omnes,
878 3334 928 3369 qui
955 3329 1006 3362 vel
1024 3334 1149 3372 propria

273 3388 456 3426 experientia
493 3392 559 3415 eum
594 3387 739 3414 noverunt
758 3403 770 3420 ,
817 3380 870 3411 vel
902 3378 941 3410 ab
976 3380 1067 3420 aliis,
1099 3384 1150 3421 qui

275 3428 367 3481 ipsmn
388 3436 507 3481 experti
524 3429 597 3478 sunt
620 3454 632 3475 ‚
657 3431 723 3473 ejus
736 3433 931 3476 ,cognitionem
957 3437 1150 3473 acceperuut.

1003 149 1394 186 SECUNDI

1466 136 2031 190 Pourrrxcls

1210 236 1213 238 ·
1232 226 1320 260 Hunc
1339 235 1397 258 non
1417 224 1455 257 de
1479 225 1657 267 Burgundia
1671 247 1683 265 ‚
1701 222 1762 267 sed
1787 227 1824 259 de
1836 227 2034 275 Lotbaringia
2043 231 2064 266 5
2064 239 2119 265 am

1231 272 1298 308 iius
1320 277 1380 308 Leo
1402 285 1512 309 nonus
1533 274 1559 308 P
1567 275 1697 309 ontifex
1707 278 1834 308 Romam
1845 279 1985 313 traduxit
1993 305 2006 322 ,
2030 282 2064 315 θ
2075 281 2120 315 ad

1227 324 1458 366 praedicandum
1467 326 1571 360 siculis
1582 350 1594 367 ‚
1619 324 1810 361 Graecorum
1820 324 1962 370 Imperio
1969 328 2005 364 Bt.
2014 329 2121 372 Senis-2

1227 433 1302 467 pum
1324 426 1480 460 ordinavit
1496 451 1504 459 .
1531 426 1635 469 Postea
1657 428 1730 460 vero
1751 425 1864 460 sancia
1886 429 2022 463 Romana
2057 434 2118 464 Ec-

1229 473 1311 516 clefia
1334 474 1500 519 Praesulem
1515 475 1573 520 fibi
1585 476 1783 511 Cardinalem
1801 477 1951 519 constituit
1965 503 1974 511 .
1999 481 2072 522 ,Quo
2082 486 2119 513 in

1228 526 1285 559 loco
1301 524 1410 568 positus
1430 528 1534 562 taliter
1555 533 1657 568 vixit,
1683 528 1783 561 taliter
1808 528 1929 568 docuit,
1954 536 1989 562 ut
2008 528 2117 572 deside

1228 577 1281 609 vel
1304 576 1441 610 doctrina
1463 579 1527 619 ey'us
1552 590 1603 612 nec
1619 577 1729 621 saltem
1745 576 1871 620 fimstrae
1879 576 2119 622 suspicionisfa·

1227 637 1279 658 ma
1298 627 1464 669 aliquando
1482 636 1588 662 exorta
1598 627 1639 670 fit
1661 654 1668 662 .
1710 630 1808 670 Hujus
1830 634 1874 663 rei
1894 628 1974 670 testis
1994 627 2033 669 est
2051 636 2117 662 tota

1223 674 1292 718 fere³
1312 679 1473 711 Latinitas
1493 703 1504 720 ‚
1542 689 1608 722 quae
1626 687 1683 723 pro
1703 680 1877 713 excellentia
1889 678 2056 721 Apostolicae
2066 681 2114 714 Se-

1226 726 1300 768 dis,
1332 729 1416 769 cujus
1439 729 1580 762 conciliis
1602 731 1636 765 Θ
1670 727 1792 771 consiliis
1811 728 1930 773 semper
1949 731 2058 763 aderat
2078 731 2115 765 &

1220 784 1356 819 preerat
1367 801 1380 819 ‚
1396 789 1461 812 eum
1471 783 1608 823 ignortm
1617 792 1677 814 non
1684 785 1781 822 potuit
1792 803 1799 811 .
1827 778 1994 823 Loquitur
2004 778 2112 814 adver·

1224 825 1279 862 sus
1300 828 1534 874 Berengarium
1562 854 1574 873 ‚
1600 831 1656 875 qui
1680 831 1713 864 in
1727 830 1836 865 sordes
1857 831 1930 868 ,suas
1950 829 2115 873 relapsae,

1223 878 1330 922 ipsum
1342 889 1399 923 per
1420 880 1659 915 contumeliam
1674 880 1786 925 paffim
1808 876 1996 924 'appellabat
2032 879 2114 915 Bur-

1222 928 1374 972 gundum
1387 954 1394 962 .
1422 929 1451 963 F
1453 930 1532 965 uiffe
1545 930 1695 966 Mediani
1711 931 1821 977 prop&
1834 930 1979 964 Tullum
1991 930 2116 965 Mona-

1221 977 1309 1013 sterii
1331 978 1498 1017 Abbatem
1518 980 1769 1021 Benediffinum
1781 1005 1795 1023 s.
1818 979 1897 1016 inde
1907 979 2113 1029 extrastqu

1221 1029 1342 1066 saneto
1373 1030 1488 1065 Leone
1511 1041 1625 1077 nono,
1654 1033 1774 1067 fastum
1798 1031 2012 1066 Cardinalem
2035 1029 2113 1074 Epi-

1218 1189 1260 1212 co
1281 1178 1439 1214 Coenobii
1461 1180 1670 1217 Senonienfis
1691 1207 1698 1215 .
1739 1182 1819 1226 Ejus
1837 1183 1918 1217 item
1940 1180 2113 1226 Apostoli-

1218 1240 1292 1265 cam
1317 1229 1520 1274 legationem
1557 1230 1599 1266 ad
1630 1230 1892 1267 Constantinum
1931 1231 2115 1265 Monoma-

1218 1277 1320 1314 chum
1347 1280 1581 1324 Imperatorem
1607 1305 1618 1322 ,
1642 1282 1676 1316 <Sc
1696 1282 1851 1326 generosa
1875 1280 2114 1314 Constantino-

1219 1329 1290 1371 poli
1315 1328 1397 1364 Acta
1418 1329 1800 1366 adversneMichaelem
1822 1330 2030 1365 Gerularium
2053 1329 2116 1364 Pa-

1218 1376 1393 1412 triarcham
1419 1378 1677 1422 nequiffimum,
1704 1381 1815 1415 nullus
1835 1380 1880 1414 rei
1914 1376 2113 1417 Christianae

1218 1426 1341 1471 peritus
1363 1427 1513 1472 ignorat.
2106 1440 2108 1442 ·

1269 1476 1384 1520 Pergit
1403 1477 1444 1510 ad
1467 1478 1702 1521 Berengarium
1714 1480 1949 1515 Lanfrancus:
1969 1481 2053 1516 ,Cum
2062 1491 2116 1516 ve·

1217 1523 1303 1567 niffes
1326 1528 1475 1564 Romam,
1493 1525 1599 1567 fretus
1622 1533 1662 1559 iis
1675 1551 1687 1568 ,
1715 1534 1768 1570 qui
1782 1529 1853 1570 pius
1875 1530 2009 1571 impensis
2035 1532 2056 1562 ἃ
2081 1538 2113 1563 te

1216 1573 1365 1616 beneficiis
1377 1599 1388 1615 ‚
1414 1575 1506 1617 quam
1524 1571 1639 1613 ratione
1661 1579 1681 1610 a
1703 1586 1733 1613 te
1753 1580 1860 1612 audita
1879 1588 1962 1621 opem
1982 1579 2114 1622 tibipro-

1216 1622 1379 1667 mifitrant,
1405 1635 1465 1658 non
1483 1623 1573 1668 ausus
1583 1626 1742 1669 defensare
1757 1630 1839 1671 quod
1846 1630 1939 1662 antec?
1948 1627 2086 1672 senseras
2099 1655 2113 1672 ,

1210 1672 1359 1714 postulasti
1388 1675 1548 1709 Nicolaum
1572 1677 1745 1718 Pontificem
1757 1702 1769 1719 ,
1796 1677 1916 1722 eJ‘usque
1926 1680 2090 1712 Concilium
2097 1699 2113 1722 ,·

1213 1731 1363 1766 quatenus
1389 1722 1505 1765 fidem,
1525 1735 1617 1766 quam
1637 1732 1730 1760 teneri
1757 1736 1902 1769 oporteret
1914 1754 1925 1769 ,
1951 1727 2052 1762 verbis
2070 1734 2108 1761 ti-

1213 1771 1243 1804 bi
1265 1772 1401 1806 traderet
1413 1795 1425 1812 ‚
1447 1771 1601 1815 servium
1613 1773 1751 1816 firmaret
1763 1801 1770 1808 .
1801 1778 1942 1819 an'untJa
1961 1777 1998 1817 est
2017 1776 2111 1817 buJ'us

1212 1827 1255 1856 rei
1276 1833 1348 1856 cura
1372 1822 1534 1856 Humberto
1548 1823 1708 1868 ‘Epist-opo
1727 1851 1736 1861 ‚
1776 1830 1884 1869 Itaque
1915 1826 2009 1861 verba
2033 1827 2112 1870 fidel.

1207 1870 1322 1915 seripfit
1333 1897 1345 1914 ,
1368 1877 1513 1907 recitavit
1525 1897 1537 1915 ‚
1562 1873 1673 1918 affenfie
1696 1880 1825 1909 omnium
1845 1877 1892 1910 ad
1907 1877 2062 1920 legendum
2073 1878 2110 1912 θ

1211 1922 1414 1965 confitendum
1435 1923 1493 1956 tibi
1519 1926 1654 1958 tradidit
1669 1950 1677 1958 .
1703 1928 1749 1959 Tu
1769 1928 1842 1959 verb
1865 1925 2109 1969 acquiefiensac·

1210 1971 1308 2015 cepisti
1318 1996 1330 2013 ‚
1356 1972 1470 2016 legisti,
1497 1974 1639 2017 conftffus
1658 1986 1689 2008 es
1699 1999 1710 2015 ,
1738 1983 1769 2008 te
1785 1976 1835 2008 ita
1857 1977 2109 2017 crede-rejureju-

1210 2023 1309 2056 rande
1330 2022 1526 2064 confirmasti,
1553 2025 1678 2058 tandem
1694 2030 1824 2067 propria
1847 2037 1941 2058 manu
1960 2024 2110 2070 subscrip-

1204 2070 1282 2114 fisti.
1309 2073 1456 2108 Nicolaus
1480 2076 1572 2116 Papa
1591 2075 1733 2119 gaudens
1761 2076 1800 2109 de
1826 2075 2007 2118 conversione
2030 2085 2108 2119 tua,

1210 2124 1426 2164 iusiurandum
1446 2133 1531 2159 tuum
1547 2123 1696 2173 scriptum
1707 2124 1782 2168 misit
1792 2134 1851 2168 per
1872 2126 1960 2162 urbes
1980 2128 2082 2161 Italiae
2093 2151 2107 2168 ‚

1212 2174 1324 2207 Gallie
1340 2198 1351 2215 ,
1379 2177 1570 2213 Germaniae,
1605 2178 1641 2209 (9
1661 2177 1707 2209 ad
1727 2186 1918 2218 quaecumque
1938 2177 1999 2209 loca
2012 2176 2107 2218 fama

1211 2232 1273 2257 tuae
1297 2228 1470 2266 pravitatis
1491 2226 1584 2259 anteri
1601 2231 1701 2267 potuit
1706 2230 1894 2273 pervenire:
1921 2227 1960 2258 Ut
1964 2222 2036 2264 ficut
2049 2227 2109 2258 Ec-

1209 2272 1297 2314 clefiae
1311 2272 1629 2316 fiandalizataepriiis
1647 2275 1791 2309 dolebant
1812 2276 1850 2308 de
1859 2283 1890 2308 te
1899 2274 2005 2317 averso
2015 2284 2107 2318 atque

1210 2321 1338 2366 adverso
1349 2347 1360 2363 ,
1383 2325 1429 2355 ita
1437 2322 1536 2364 postea
1541 2325 1712 2366 gauderent
1724 2347 1735 2363 ,
1756 2323 1935 2367 gratiasque
1959 2327 2020 2356 Deo
2039 2337 2107 2368 age-

1209 2382 1280 2405 rent
1298 2373 1337 2406 de
1346 2370 1463 2415 reverso
1475 2381 1566 2414 atque
1576 2372 1714 2416 converso
1726 2397 1734 2405 .
1758 2374 1803 2407 Et
1816 2373 1898 2407 infr&
1909 2385 1922 2406 .·
1944 2375 2106 2410 Venerabi-

1209 2424 1248 2455 lis
1261 2422 1445 2457 Humbertus
1467 2446 1477 2462 ‚
1502 2433 1588 2464 quem
1599 2422 1809 2464 exprobrando
1830 2425 2034 2466 Burgundum
2054 2436 2106 2458 no-

1209 2477 1312 2505 minas
1324 2495 1335 2511 ,
1357 2470 1442 2515 quast
1458 2482 1517 2505 non
1535 2473 1627 2515 posset
1651 2475 1735 2507 Deus
1745 2478 1779 2506 in
1791 2475 1974 2517 Burgundia
1995 2473 2104 2510 babere

1201 2520 1307 2565 servos
1314 2521 1384 2565 ficos
1396 2547 1408 2563 ‚
1426 2521 1507 2555 nibil
1525 2524 1614 2556 aliud
1627 2522 1704 2564 fecit
1715 2548 1726 2564 ,
1748 2520 1805 2565 nisi
1818 2524 1901 2566 quod
1914 2521 2099 2565 scripturam

1207 2570 1305 2616 ipsam
1326 2595 1338 2611 ,
1367 2577 1563 2614 praecipiente
1585 2574 1711 2612 synodo,
1730 2583 1821 2605 manu
1842 2578 1876 2604 in
1894 2580 2018 2605 manum
2039 2574 2099 2609 tibi

1202 2627 1340 2664 porrexit
1353 2647 1362 2654 .
1382 2622 1427 2656 Et
1450 2620 1587 2655 iterum:
1612 2623 1756 2654 Nicolaus
1769 2624 1857 2664 Papa
1876 2627 2053 2664 comperiens
2063 2633 2097 2658 te

1206 2672 1309 2707 docere
1323 2681 1437 2714 panem
1457 2672 1492 2705 (ν
1512 2680 1621 2705 vinum
1647 2673 1760 2705 Altaris
1779 2671 1843 2714 post
1851 2670 2096 2714 consecrationem

1199 2720 1264 2764 fine
1286 2723 1439 2756 materiali
1459 2727 1628 2759 mutatione
1639 2728 1673 2755 in
1677 2721 1812 2763 pristinis
1825 2723 1951 2766 effetatiis
1964 2734 2096 2759 remane-

1207 2784 1239 2807 re
1250 2797 1261 2813 ,
1285 2773 1409 2817 concessa
1425 2769 1685 2815 tibirespondendi
1695 2773 1816 2805 licentia
1831 2797 1841 2813 ,
1859 2773 1924 2806 eum
1936 2783 1994 2806 non
2004 2775 2093 2808 aude-

1208 2835 1256 2858 res
1273 2830 1332 2865 pro
1350 2832 1415 2856 tuae
1435 2828 1538 2865 partis
1564 2821 1728 2865 deffenfione
1755 2823 1874 2864 aliquid
1889 2820 2065 2866 respondere
2078 2848 2094 2865 ,

1204 2877 1320 2916 pietate
1333 2882 1430 2907 motus
1448 2876 1592 2915 precepit
1601 2873 1645 2904 ad
1654 2880 1759 2914 preces
1772 2882 1841 2906 tuas
1862 2875 1947 2906 tradi
1962 2872 2095 2916 scriptu-

1207 2934 1273 2957 ram
1291 2922 1369 2966 tibi,
1396 2934 1487 2966 quam
1501 2920 1639 2965 superius
1656 2921 1759 2965 posui.
1787 2923 1947 2964 Ree‘lifflme'
1970 2925 2093 2965 quidem

1210 2976 1244 3009 ὰ
1252 2973 1288 3005 id
1297 2970 1359 3016 ipse
1367 2978 1514 3016 praecepit
1523 2994 1535 3011 ,
1560 2974 1594 3007 (tr
1608 2975 1733 3011 synodus
1743 2972 1854 3016 assensit
1863 2998 1874 3014 ‚
1900 2975 1935 3008 (θ’
1947 2983 1981 3006 tu
1992 2983 2094 3007 execu-

1208 3034 1258 3058 tus
1269 3035 1321 3062 es,
1338 3022 1430 3067 finon
1439 3022 1518 3056 labio
1529 3021 1622 3065 doloso
1632 3029 1664 3057 in
1674 3025 1758 3057 corde
1779 3025 1814 3057 (τ
1825 3035 1872 3057 ore
1883 3025 1994 3057 locutus
2010 3021 2095 3066 fuis·

1204 3073 1252 3119 su
1265 3098 1272 3106 .
1300 3075 1399 3109 Adeo*
1410 3073 1512 3118 igitur
1523 3083 1581 3115 pro
1602 3074 1666 3107 suis
1677 3073 1838 3108 erroribus
1857 3085 1928 3109 non
1949 3073 2092 3117 disputa·
2118 3091 2121 3095 Α

1211 3125 1259 3160 vit
1270 3149 1281 3166 ‚
1293 3135 1353 3159 nec
1363 3134 1478 3158 omnes
1490 3147 1501 3163 ‚
1514 3132 1624 3166 praeter
1635 3123 1858 3159 Lanfrancum
1869 3122 2092 3164 Monachum,

1209 3173 1601 3217 Doctores&Episcopos
1615 3174 1649 3206 in
1673 3172 2009 3217 periculumadduxit
2031 3172 2092 3206 Be-

1208 3226 1374 3270 rengarius
1385 3248 1396 3264 ,
1421 3234 1459 3258 ut
1470 3223 1564 3257 ausus
1576 3234 1644 3257 non
1654 3223 1750 3258 suerit
1760 3225 1812 3259 vel
1822 3223 1942 3266 mutire
1956 3247 1963 3254 .
1989 3220 2092 3258 Adeo

1211 3277 1334 3318 ineptas
1346 3274 1471 3310 fabulas
1484 3273 1594 3308 vendit
1605 3274 1771 3310 Henricus
1781 3270 2019 3316 KneyElhonus
2031 3296 2040 3304 .

1258 3325 1360 3359 Hisce
1371 3325 1411 3358 de
1424 3325 1524 3358 caufis
1535 3323 1643 3358 statim
1655 3325 1725 3368 post
1737 3322 1907 3367 synodum
1919 3348 1930 3364 ‚
1955 3323 2091 3358 &suunt

1214 3375 1380 3411 inGallias
1391 3374 1531 3408 reditum
1554 3375 1692 3419 relapsus
1714 3398 1725 3415 ‚
1759 3382 1815 3408 aut
1836 3372 1945 3418 potius
1966 3372 1983 3405 a
2004 3383 2092 3406 men-

1212 3425 1283 3463 daci
1307 3427 1363 3464 sua
1388 3423 1593 3471 abjuratione
1617 3425 1660 3465 ad
1685 3433 1830 3473 apertam
1857 3423 2009 3510 Hraerefifs
2019 3433 2092 3508 ἕω,

2001 3484 2018 3509 0
2031 3486 2044 3500 .

1231 376 1310 409 mati
1336 385 1418 409 tunc
1431 372 1667 411 adhaerentibus
1678 399 1690 416 ‚
1715 370 1916 410 Verbum'Dei
1927 378 2119 424 archiepisco·
2183 376 2185 380 ”

1221 1079 1354 1122 scopum
1375 1080 1408 1116 &
1431 1081 1536 1122 fixum
1550 1082 1665 1116 Romae
1674 1083 1719 1115 ad
1729 1079 1888 1127 vicesssuas
1898 1080 2087 1125 supplendas
2099 1104 2112 1122 ,
2131 1106 2161 1136 L
2185 1117 2200 1135 ²

1219 1128 1354 1162 testatur
1370 1130 1470 1164 etiam
1493 1128 1669 1166 Richerius
1693 1131 1884 1167 Monachus
1912 1132 1946 1167 in
1970 1129 2113 1166 Chroni-
2134 1150 2182 1177 18.
2203 1127 2214 1139 ⁶
