2366 3756
522 170 1764 227 ConcrzzuM.Tu01.0sanun.

239 259 428 303 Monachus
443 258 520 304 ff&
540 271 604 302 qua
626 259 683 294 ille
712 256 842 301 Regula
873 254 999 290 vixisset
1021 256 1039 291 3
1071 254 1132 289 Vi·

229 315 333 351 ‘detur
353 310 570 350 Benedictinae
592 308 728 352 Regulae
752 306 983 341 refutatoribus
997 304 1108 346 favisse
1119 329 1132 348 ‚

241 365 372 408 &ipsos
382 362 422 398 ad
450 360 541 395 illam
565 358 705 395 noluisse
723 356 903 400 compelli.
929 354 991 390 Per
1005 353 1133 389 semeti-

241 415 334 460 psum
345 412 476 447 interim
489 407 623 446 definire
645 406 753 441 noluit
766 430 782 447 ‚
809 404 864 441 sed
882 405 1131 441 controverfiam

240 463 411 509 proposuit
434 457 642 504 Moguntinae
658 457 693 490 in
717 456 899 501 Episcopos
925 480 936 497 ‚
962 453 1133 496 Abbates,

243 526 283 550 ac
303 514 457 549 Proceres
475 506 650 544 distributae
671 506 828 549 Synodo,
854 505 947 549 cujus
961 504 1127 550 Prologus

241 767 347 806 gratia
364 761 525 802 perducere
541 756 695 801 potuffent
720 779 729 789 .
766 754 990 792 Monasticurn
1017 755 1134 789 statum

247 810 387 846 Carolus
408 807 535 846 volebat
547 806 640 851 plene
651 813 832 850 reparatum
843 820 854 839 :
881 805 972 840 Hinc
985 816 1039 848 per
1050 804 1137 847 ipsos

248 860 395 898 Abbates
415 856 625 900 synodaliter
640 855 813 894 discuffum
836 855 964 895 voluit,
989 866 1030 888 an
1050 851 1138 895 hune

189 905 201 919 ³
248 910 289 946 ad
319 910 420 943 finem
441 906 609 951 expediret
631 907 878 945 Benedistinam
902 904 1058 940 omnibus
1079 905 1139 939 im·

247 969 388 1004 ponere,
415 969 456 991 an
478 956 613 1001 {iugulis
631 958 721 1003 suam
743 956 884 999 priorem
899 954 1061 999 Regulam
1074 965 1140 997 per-

248 1009 406 1045 mittere?
434 1007 487 1045 Ac
509 1006 641 1041 tandem
662 1005 795 1044 sanstus
818 1004 1013 1040 Benedistus
1038 1004 1138 1045 vicit,

248 1060 282 1094 &
306 1058 429 1102 prodiit
453 1057 507 1095 bic
527 1057 644 1091 Canon
657 1069 670 1095 ‚-
695 1055 824 1088 Abbates
846 1052 1006 1098 censuimus
1021 1059 1067 1087 ita
1076 1065 1141 1089 eum

250 1108 405 1144 monachis
421 1106 487 1151 suis
504 1108 631 1150 pleniter
653 1112 759 1140 vivere
771 1130 782 1147 ,
802 1103 877 1147 ficut
898 1103 954 1147 tpfi
962 1109 1012 1147 qui
1024 1111 1055 1138 in
1062 1112 1143 1146 prae·

245 1157 326 1204 senti
347 1159 455 1197 {modo
473 1158 602 1191 aderant
614 1180 624 1196 ‚
647 1158 754 1198 palem
777 1154 859 1188 nobis
880 1155 1016 1188 omnibus
1034 1159 1143 1197 promi-

247 1207 376 1253 serunt,
402 1209 439 1243 id
446 1207 504 1249 est,
525 1205 687 1250 seeundum
707 1205 868 1239 dot-‘irinum
894 1205 1016 1249 Regulae
1043 1204 1144 1237 san&

252 1257 439 1298 Benediffl,
475 1257 617 1300 quantum
641 1257 774 1294 humana
796 1261 945 1298 permittit
963 1254 1144 1298 fragilitas,

83 1320 154 1356 cap.
170 1325 200 1353 9.
254 1307 476 1343 confirmavit
497 1307 636 1341 secunda
659 1306 825 1343 Remenfis
849 1305 1024 1349 synodus:
1053 1305 1145 1338 Lei‘la

253 1357 293 1399 est
313 1359 428 1401 Regula
447 1357 549 1391 sanai
581 1357 738 1391 Benedit‘i‘i
751 1381 762 1396 ‚
783 1366 822 1396 ut
847 1358 891 1395 ad
912 1360 1081 1390 memoriam
1104 1365 1148 1388 re-

255 1409 411 1442 duceretur
434 1407 599 1440 Abbatibus
620 1412 719 1438 minus
737 1404 919 1446 scientibus,
941 1403 972 1443 fi
994 1409 1045 1445 qui
1062 1403 1147 1444 forte

256 1455 434 1496 adfuerint,
459 1454 588 1496 qualiter
610 1455 644 1487 (9·
659 1451 694 1496 se
714 1454 749 1486 (5
765 1450 833 1494 suos
850 1451 1011 1495 J'ecundt'tm
1025 1454 1148 1485 eandem

258 1505 401 1546 Regulam
420 1503 555 1539 eistadire
575 1503 713 1534 valerent
732 1510 824 1540 atque
828 1501 993 1540 gubernare
1005 1521 1014 1529 .
1045 1500 1149 1532 Utra-

79 1087 151 1126 cap·
170 1096 214 1118 ιι.

255 1563 321 1595 que
341 1550 410 1584 haec
430 1547 584 1592 Synodus
607 1547 766 1582 celebrata
790 1546 853 1581 fuit
873 1558 964 1581 anno
987 1545 1084 1580 tertio
1097 1547 1148 1580 de-

254 1600 348 1637 eimo
366 1598 449 1635 noni
471 1597 574 1632 saeculi
585 1611 597 1630 .·
623 1596 739 1632 eodem
750 1608 840 1632 anno
853 1595 962 1631 statuit
971 1596 1065 1631 tertia
1077 1596 1149 1631 Tu·

257 1649 405 1685 ronenfis
421 1661 428 1681 ι
458 1647 633 1688 Monasteria
649 1646 878 1688 Monacborum,
904 1652 936 1679 in
960 1645 1067 1689 quibus
1079 1647 1148 1680 olim

257 1700 371 1743 Regula
394 1698 473 1733 beati
497 1698 652 1732 Benedit‘li
679 1701 784 1731 Patris
805 1695 1038 1740 conservabatur
1059 1720 1070 1737 ,
1092 1695 1152 1740 sed

257 1761 336 1786 nunc
348 1749 431 1791 forie
440 1749 639 1791 qualicumque
660 1747 835 1792 negligentia
853 1744 1030 1790 subrepente
1051 1745 1149 1789 remis:

93 1809 220 1849 Cap-²5·
250 1800 314 1846 fii'ts
333 1811 369 1833 ac
388 1798 546 1842 diffolutius
567 1797 746 1838 custoditur,
771 1798 825 1832 vel
843 1799 920 1830 certe
942 1798 1061 1839 penitus
1082 1796 1148 1831 abo-

258 1852 317 1886 lita
336 1849 493 1892 negligitur
511 1872 523 1888 ,
546 1848 652 1881 bonum
674 1849 794 1882 videtur
817 1856 851 1880 ut
870 1847 914 1879 ad
928 1846 1085 1889 pristinum
1106 1858 1150 1881 re·

259 1908 421 1935 vertantur
434 1897 546 1939 statum
558 1921 569 1938 ,
595 1899 629 1932 <5
651 1897 783 1932 abbates
803 1898 970 1931 eorumdem
992 1902 1026 1930 in
1049 1897 1147 1931 eodem

258 1949 364 1983 babitu
383 1949 417 1984 (9
443 1952 534 1987 vita,
561 1958 623 1990 qua
642 1946 711 1991 ipsa
739 1948 854 1991 Regula
875 1952 1017 1990 praecipit
1042 1958 1091 1981 eos
1103 1943 1148 1980 in-

258 2001 380 2040 cedere,
406 1996 676 2038 viverefludeant.
701 2000 854 2042 ‚Quoniam
865 1999 966 2039 aliqua
981 1995 1017 2039 su
1025 2005 1060 2031 nt
1086 2000 1149 2031 Mo-

256 2048 389 2091 etasleria
414 2072 426 2089 ,
451 2052 483 2081 in
502 2047 607 2089 quibus
621 2049 692 2089 jam
709 2052 802 2090 pauci
817 2046 890 2090 sune
914 2046 1072 2088 Monacbi,
1096 2053 1149 2090 qui

255 2097 402 2143 praediffl
421 2099 527 2131 Patris
548 2099 691 2141 Regulam
706 2096 772 2140 suis
793 2096 955 2130 Abbatibus
975 2097 1147 2140 promissam

260 2147 391 2183 babeant
403 2172 410 2179 .
437 2149 558 2190 ‚Quippe
577 2159 641 2182 cum
662 2147 855 2190 ipfiAbbates
870 2153 968 2190 magis
979 2148 1125 2180 Canonice
1137 2171 1148 2187 ‚

261 2210 354 2241 quam
375 2195 543 2233 Monachice
565 2221 575 2238 ,
600 2203 679 2230 inter
699 2195 767 2239 suos
790 2194 958 2235 conversari
981 2196 1147 2227 videntur.

263 2247 447 2288 Receptam
462 2256 501 2278 ac
521 2246 690 2287 professam
714 2243 748 2276 in
772 2242 958 2286 Leptinenfi
972 2266 985 2282 ,
1010 2242 1151 2276 Sueffio·

263 2293 377 2334 nenti,
401 2303 440 2327 ac
458 2293 629 2336 praesertim
652 2292 797 2335 Aquenfi
819 2290 991 2323 Abbatum
1009 2290 1150 2333 synodo

263 2341 429 2388 Regulam
445 2340 581 2384 quidam
597 2340 802 2374 Turonensis
823 2338 985 2384 Regionis
1005 2338 1151 2374 Abbates

264 2390 377 2428 denuo
396 2391 620 2430 excusserant,
646 2389 784 2433 ideoque
805 2388 891 2433 ipsos
911 2389 953 2423 ad
974 2388 1065 2424 illam
1086 2389 1152 2423 lau-

263 2441 362 2477 datus
380 2440 501 2474 Canon
521 2439 632 2474 denuo
663 2439 774 2483 coegit
791 2464 798 2472 .
841 2438 994 2473 Eundem
1018 2440 1152 2483 scopum

93 2497 165 2536 cpa·
184 2506 227 2528 u.
265 2490 366 2526 habet
390 2488 532 2524 secunda
554 2488 709 2532 Synodus
729 2487 972 2523 Cabilonenfis:
999 2492 1046 2523 De
1057 2488 1153 2522 Abba-

263 2540 346 2574 tibus
367 2540 402 2574 Θ
423 2538 575 2573 Monachis
597 2540 703 2572 idcirco
713 2537 758 2572 bic
764 2546 866 2580 pauca
872 2536 1030 2582 stribimus
1044 2562 1056 2579 ,
1081 2544 1154 2580 quia

266 2591 342 2638 pene*
363 2594 462 2623 omnia
483 2587 663 2629 monasteria
684 2590 845 2632 Regularia
863 2595 896 2622 in
918 2587 967 2622 bis
979 2588 1154 2633 Regionibus

267 2639 422 2681 constituta
436 2637 596 2683 s'ecundum
617 2641 761 2683 Regulam
775 2638 875 2674 sancit·
887 2638 1044 2674 Benedrffl
1059 2637 1095 2682 se
1108 2644 1155 2673 vi·

268 2701 338 2724 vere
350 2689 513 2731 fatentur.
541 2693 715 2732 Inquiratur
735 2700 800 2732 ergo
819 2690 972 2733 diligenter
986 2713 998 2730 ,
1039 2689 1089 2722 ubi
1109 2687 1158 2732 Je-

268 2740 396 2775 eundum
414 2737 511 2782 ipsum
531 2740 675 2774 ordinem
693 2744 833 2780 vivitur,
857 2739 951 2773 &ubi
977 2739 1017 2772 ab
1029 2737 1091 2782 ipso
1101 2743 1156 2772 Or-

270 2791 341 2824 dine
364 2789 516 2834 digressum
535 2788 573 2830 est
585 2813 597 2830 ,
621 2798 656 2823 ut
671 2791 771 2830 juxta
787 2787 920 2832 ejusdem
939 2789 1020 2823 beati
1035 2794 1097 2822 viri
1111 2794 1157 2822 ln·

266 2839 448 2882 stitutionem
466 2844 572 2875 vivere
591 2848 704 2875 certent
724 2861 736 2878 ‚
763 2843 813 2882 qui
830 2837 864 2882 se
887 2848 920 2873 ue
944 2845 991 2872 ita
1016 2844 1157 2875 viverent

270 2901 338 2924 eum
358 2888 541 2930 attestatione
558 2889 671 2932 profeffi
688 2887 783 2933 sunt.
806 2888 874 2924 Eos
898 2888 955 2933 qui
975 2889 1076 2933 usque
1091 2886 1157 2923 huc

272 2938 437 2984 Regulam
473 2938 567 2973 istam
599 2938 726 2983 profeffi
754 2949 821 2973 non
857 2939 986 2975 fuerant
1021 2963 1032 2980 ,
1069 2939 1155 2976 vide-

270 2996 327 3023 tur
352 2987 391 3022 ad
426 2988 526 3031 ipsam
561 2987 798 3024 admittendam
839 2999 908 3023 non
948 2988 1032 3024 velle
1067 3000 1159 3025 eom-

272 3038 370 3083 pelli.
826 3078 832 3084 .

325 3086 501 3134 Qidquid
512 3087 550 3122 sit
559 3113 571 3129 ,
599 3087 669 3133 post
679 3098 728 3123 tot
742 3088 952 3132 Synodorum
965 3090 1111 3124 Decreta
1125 3089 1159 3123 ἀ

275 3135 431 3171 Canones
444 3136 603 3181 Regulam
617 3137 765 3173 nondum
778 3139 871 3174 fuiffe
884 3140 919 3173 in
940 3140 1035 3174 omni
1060 3140 1088 3174 F
1090 3151 1156 3174 ran-

273 3186 328 3220 cia
339 3186 503 3221 firmatam
523 3185 742 3223 demonstrant
764 3190 931 3232 sequentes
955 3189 997 3223 ab
1022 3189 1157 3233 Aquen-

275 3235 322 3277 fi,
347 3246 445 3280 quam
463 3235 503 3270 ad
514 3238 611 3279 patris
619 3238 729 3273 Caroli
751 3239 938 3283 exemplum
956 3250 1158 3274 convocave-

275 3294 329 3321 rat
352 3285 539 3322 Ludovicus
559 3284 660 3328 Pius,
685 3286 852 3322 Abbatum
873 3289 1055 3324 Conventu
1078 3290 1156 3324 editi

276 3335 451 3370 Canones:
477 3339 515 3369 Ut
535 3334 661 3369 Abbates
675 3360 686 3377 ,
711 3349 778 3371 mox
798 3347 830 3371 ut
840 3337 956 3382 adsita
982 3340 1158 3381 Monastma

109 3376 147 3408 C-
164 3385 224 3409 ¹·²·
237 3386 262 3416 3·
276 3390 477 3420 remeaverint
488 3409 499 3426 ,
526 3387 667 3430 Regulam
681 3395 738 3428 per
751 3386 868 3430 fingulae
888 3388 983 3423 verba
1004 3386 1158 3433 discutien-

277 3444 326 3472 σοι
353 3436 481 3481 pleniter
495 3436 619 3482 legant,
642 3436 676 3471 <rs
697 3437 894 3488 intelligentes
915 3462 928 3482 ,
951 3440 1075 3474 Domino
1097 3443 1158 3481 opi-

245 563 314 600 haec
338 561 452 601 habet:
479 560 587 593 Ioulia
610 566 709 593 turma
727 554 920 598 consederunt
941 555 1074 589 abbates
1102 565 1137 589 ac

242 613 366 657 probati
382 607 522 648 uonacbi
534 633 546 649 ‚
571 608 714 651 Regulam
732 605 835 639 sandi
861 607 978 639 Benedi
985 605 1024 638 81
1034 614 1139 639 tenen-

247 672 294 698 ees
306 671 393 704 atque
403 659 570 695 nudantes
582 658 736 700 diligenter
747 680 759 697 ‚
783 657 912 698 qualiter
923 654 1133 696 Monachorum

246 717 347 747 vitam
356 715 387 743 in
398 707 661 750 melioremstatum
671 716 758 750 atque
779 714 968 749 augmentum
992 716 1056 738 cum
1080 707 1137 738 Dei

1161 1714 1169 2215 l

1954 192 2007 235 33

1193 255 1332 297 atlante,
1357 257 1505 298 effitaeiter
1529 265 1594 288 cum
1618 256 1772 290 Monachis
1793 253 1858 299 suis
1881 258 2002 300 implere
2014 258 2075 299 stu·

1192 307 1301 339 deant.
1327 310 1366 342 Ue
1393 303 1527 339 Monacbi
1548 316 1664 344 omnes,
1694 312 1746 347 qui
1762 307 1873 348 possunt
1897 331 1908 348 ,
1932 309 2077 353 Regulam

1193 362 1355 389 memoriter
1374 353 1491 396 dili-ant
1504 379 1511 386 .
1536 359 1576 392 Ut
1596 356 1714 397 officium
1721 357 1820 397 Juxta
1832 358 1914 398 quod
1934 361 1967 388 in
1983 361 2079 402 Regu·

1193 406 1225 441 la
1246 404 1349 438 Sandli
1368 403 1524 443 Benedibli
1545 410 1730 445 continetur,
1755 405 1899 439 celebrent
1922 406 2078 442 Monac-bb

1198 454 1239 487 Et
1258 453 1380 488 Canon
1400 452 1546 487 secundae
1575 451 1698 486 ibidem
1721 455 1920 498 Episcopalis
1931 455 2080 497 Synodiz

2098 447 2251 480 Luc-15.

1195 503 1332 537 Monacbi
1345 501 1506 547 Jicundicm
1526 502 1677 536 traditam
1698 502 1718 532 ἃ
1747 504 1840 535 Beato
1858 505 2013 538 Benedieio
2023 508 2080 539 Re.

1189 555 1292 597 gulam
1311 559 1516 593 unanimiter,
1543 559 1805 593 quantumcumque
1825 554 1899 595 poffe
1927 553 1965 595 est
1985 578 1996 595 ‚
2034 565 2083 588 cu.

1188 602 1296 646 jusque
1316 605 1480 648 Religionis
1501 603 1679 645 Regularem
1700 605 1798 635 vitam
1825 606 1857 634 in
1882 604 2013 638 omnibus
2034 602 2082 648 se-

1195 653 1325 687 alentur.
1353 652 1481 695 Lucide
1502 650 1635 687 mandat
1656 651 1876 695 quascumque
1896 650 1994 685 deseri
2020 655 2084 688 Re-

1198 703 1291 747 gulas
1312 704 1346 738 &
1372 703 1533 747 acceptari
1557 701 1659 736 solam
1679 700 1787 735 sanai
1809 701 1980 736 Benedicti
2002 726 2009 733 .
2040 703 2084 737 Et

1198 753 1291 788 hasce
1314 752 1468 798 Synodoe
1498 751 1608 786 laudat
1643 749 1807 785 Ludovici
1831 751 1885 785 Pii
1911 751 2085 786 Annalista

1201 804 1398 848 Astrologus
1421 816 1433 837 ,ν
1471 806 1648 836 Conventus
1674 799 1850 844 Aquisgrani
1866 801 1928 842 post
1955 801 2087 835 natalem
2110 825 2243 859 &1¹⁸8sp

1205 857 1318 887 Domini
1337 851 1481 894 habitus,
1509 858 1542 885 in
1564 862 1619 894 quo
1641 852 1736 884 multa
1747 852 1783 884 de
1793 853 1880 883 statu
1895 851 2086 892 Ecclefiarum

1201 905 1234 938 (5
1255 902 1494 944 Monasteriorum
1512 902 1647 936 tradam
1668 911 1759 949 atque
1770 901 1912 934 ordinata
1923 898 1995 942 sunt
2044 901 2090 935 Et

1200 953 1366 998 adjungit:
1395 952 1550 992 constituit
1576 956 1636 986 Deo
1657 951 1796 984 amabilis
1810 951 1982 984 Ludovicur
1994 952 2090 991 Impe-

1201 1012 1281 1036 rator
1309 1002 1501 1037 Benedfflum
1526 1002 1693 1042 abbatem,
1733 1002 1768 1036 (9
1788 1012 1855 1034 cum
1881 1012 1912 1035 eo
1936 998 2092 1033 Monachoe

1196 1053 1322 1095 flrenuae
1342 1059 1440 1093 vitae,
1471 1058 1523 1094 qui
1544 1061 1600 1094 per
1625 1057 1723 1085 omnia
1744 1050 1923 1091 Monasteria
1936 1048 2094 1083 Monacbo-

1203 1114 1267 1136 rum
1286 1110 1386 1137 euntes
1409 1126 1421 1143 ,
1458 1100 1667 1145 redeuntesque
1692 1125 1704 1143 ,
1740 1101 1916 1144 uniformem
1939 1102 2095 1134 traderent

1204 1154 1316 1187 cunc‘lis
1339 1151 1523 1191 Monasteriis
1536 1176 1547 1192 ,
1571 1159 1636 1185 tam
1656 1156 1733 1185 viris
1755 1156 1847 1194 quam
1859 1151 2097 1185 Sanffimoniali·

1205 1204 1260 1237 bus
1273 1202 1409 1245 foeminis
1423 1226 1435 1243 ,
1473 1203 1604 1236 vivendi
1630 1199 1795 1245 secundum
1825 1202 1967 1245 Regulam
1994 1198 2099 1233 saneit

1206 1252 1359 1288 Benedic‘li
1388 1250 1654 1286 incommutabilem
1679 1262 1788 1286 morem
1812 1276 1820 1283 .
1858 1247 2015 1284 Notanda
2052 1246 2102 1281 est

1209 1316 1299 1345 vox,
1325 1302 1621 1338 Incommutabilem:
1652 1302 1762 1336 Edicit
1789 1301 1879 1344 quod
1909 1298 2101 1335 Ludovicus

1211 1353 1423 1397 peremptorie
1447 1352 1583 1387 obedire
1608 1350 1729 1393 jusserit
1754 1375 1766 1391 ,
1802 1352 1837 1385 &
1876 1350 2033 1393 deinceps
2058 1347 2103 1382 de

1211 1401 1274 1436 hoc
1300 1401 1438 1436 articulo
1467 1412 1535 1433 non
1560 1398 1729 1441 disceptari
1754 1424 1763 1432 .
1801 1400 1974 1433 Consonat
2001 1398 2101 1432 Lam-

1212 1451 1318 1485 bertus
1343 1448 1669 1491 schafnaburgenfisz
1699 1450 1886 1487 preceptum
1911 1448 1948 1487 est
1959 1457 1991 1480 ut
2004 1457 2107 1482 omnes
2129 1468 2260 1502 Λὼεις.

1211 1497 1350 1530 Monacbi
1370 1504 1530 1529 cantarent
1547 1497 1692 1527 Ordinem
1715 1495 1819 1526 sanai
1836 1497 2011 1528 Beneda‘Hi.
2041 1501 2108 1530 Lu-

1210 1547 1332 1579 dovicus
1360 1548 1437 1585 Pius
1464 1541 1645 1587 Aquisgrani
1671 1541 1776 1578 babuit
1802 1545 1944 1582 synodum
1972 1567 1983 1583 ‚
2009 1545 2105 1588 ibique

1211 1598 1371 1629 ordinavit
1397 1601 1499 1629 vitam
1525 1592 1753 1627 nonachorum.
1783 1593 1915 1637 Utique
1931 1594 2023 1637 juxta
2041 1596 2106 1631 Re·

1211 1646 1325 1691 gulam
1353 1645 1481 1685 laudati
1503 1643 1697 1679 Patriarchae
1721 1669 1728 1677 .

1212 1697 1273 1730 hac
1300 1708 1334 1732 re
1356 1695 1550 1732 Lambertus
1575 1705 1645 1729 non
1669 1705 1829 1729 memorat
1855 1708 1866 1728 .-

1768 1643 1863 1678 Alias
1884 1645 2040 1688 Synodos
2064 1645 2106 1680 de

1902 1694 2004 1743 Qod
2042 1691 2109 1732 hate

1214 1746 1282 1781 sola
1306 1747 1405 1781 fuerit
1432 1745 1656 1789 irrefragabilis
1685 1769 1696 1785 ‚
1725 1756 1762 1779 ac
1789 1743 1919 1779 nullum
1947 1746 2109 1789 relinquat

1212 1796 1444 1842 tergiversandi
1467 1796 1596 1830 locum.
1625 1796 1670 1829 Et
1687 1794 1732 1828 ita
1754 1794 1824 1838 post
1847 1806 1899 1829 tot
1923 1794 2076 1838 synodos
2097 1819 2108 1836 ,

1213 1846 1389 1887 canones,
1416 1857 1453 1880 ac
1478 1845 1586 1890 Regia
1606 1845 1750 1879 Decreta
1769 1856 1825 1888 per
1847 1856 1982 1879 omnem
2011 1846 2110 1879 Fran-

1211 1897 1298 1932 ciam
1322 1896 1452 1942 Regula
1474 1894 1610 1930 tandem
1630 1894 1727 1938 plene
1753 1892 1984 1938 triumphavit.
2017 1895 2110 1929 Etex

1211 1945 1262 1981 his
1287 1946 1374 1982 lucet
1398 1947 1499 1990 ipsam
1522 1945 1623 1992 usque
1641 1945 1682 1981 ad
1703 1946 1812 1984 SanCti
1836 1944 2003 1982 Bonifacii
2018 1944 2116 1989 Apo·

1212 1996 1367 2034 stolatum
1390 1996 1426 2031 in
1454 1994 1585 2031 laudata
1609 1992 1807 2031 Monarchia
1834 2007 1903 2030 non
1929 1994 2023 2029 fuisse
2035 1995 2107 2029 uni·

1214 2047 1382 2083 versalem.

1264 2098 1309 2132 Et
1327 2108 1371 2133 ex
1394 2097 1458 2131 isto
1483 2106 1629 2142 tempore
1653 2095 1827 2133 Gallicana
1842 2095 1981 2130 Ecclesia
1995 2095 2104 2130 Sansti

1214 2147 1379 2182 BenediCti
1401 2148 1567 2190 Regulam
1593 2149 1694 2190 coepit
1714 2146 1862 2181 absolute
1883 2158 1938 2189 per
1949 2144 2107 2180 Autono-

1216 2195 1344 2227 mafiam
1358 2193 1519 2237 appellare
1532 2195 1696 2238 Regulam
1708 2216 1720 2231 ‚
1738 2196 1903 2229 Ordinem
1915 2219 1926 2234 ,
1951 2196 2108 2230 sanetum

1214 2242 1376 2278 Ordinem
1389 2264 1400 2280 ,
1418 2250 1474 2274 aut
1484 2241 1650 2285 Regulam
1662 2242 1810 2276 Sandtam
1821 2267 1829 2275 .
1851 2241 1899 2276 lta
1914 2243 2004 2286 supra
2017 2243 2107 2280 audi-

1187 2127 1321 2433 }vimus
1339 2290 1358 2324 ὲ
1379 2287 1517 2331 Synodo
1542 2289 1778 2330 Sueffionenfi,
1806 2290 1841 2323 &
1858 2291 2001 2335 Aquenfi
2016 2293 2111 2328 Con-

1215 2349 1315 2375 ventu
1342 2338 1528 2374 Abbatum.
1558 2338 1668 2374 Etiam
1696 2339 1868 2374 Vernenfis
1882 2340 2037 2385 Synodus
2048 2342 2110 2377 sta-

1214 2390 1277 2425 tuit
1291 2404 1302 2423 :
1330 2389 1510 2429 Monasteria
1535 2397 1601 2423 tam
1628 2395 1763 2425 virorum
1780 2392 1872 2433 quidm
1879 2393 2050 2434 puellarum
2060 2391 2106 2437 se·

1205 2441 1333 2474 eundum
1357 2440 1490 2473 ordinem
1516 2441 1705 2483 Regulariter
1731 2445 1845 2475 vivant
1867 2466 1873 2473 .
1913 2442 2106 2478 Detrestan-
2126 2459 2193 2498 ΟΡ
2213 2470 2225 2497 5

1206 2501 1254 2525 tes
1277 2488 1424 2526 Abbates
1445 2498 1502 2525 aut
1524 2488 1709 2525 Abbatiffas
1737 2491 1870 2526 mandat
1896 2503 1955 2536 per
1974 2493 2108 2536 Episco-
2196 2482 2202 2490 ⁸
2233 2482 2239 2489 ⁸

1208 2551 1285 2584 pum
1306 2561 1318 2579 ‚
1344 2548 1400 2574 aut
1424 2539 1527 2574 etiam
1554 2551 1610 2584 per
1635 2540 1889 2585 Metropolitam
1915 2553 1971 2577 aut
1998 2545 2106 2587 Syno-

1207 2590 1286 2625 dum
1301 2588 1477 2633 compelli,
1505 2589 1540 2623 δε
1561 2589 1733 2628 concludit
1759 2590 1801 2626 de
1825 2594 2078 2628 contumacibus
2092 2607 2105 2628 .-

1210 2644 1354 2673 Honorem
1375 2637 1463 2682 suum
1483 2640 1619 2681 perdant
1641 2665 1653 2681 ,
1689 2642 1725 2676 ό·
1760 2643 1838 2676 iales
1866 2648 1899 2676 in
1925 2655 2023 2676 eorum
2048 2645 2106 2678 loco

1208 2689 1419 2730 constituantur
1432 2713 1444 2731 ‚
1467 2694 1517 2732 qui
1521 2687 1685 2732 secundum
1698 2693 1842 2724 Ordinem
1852 2692 1995 2725 Sanllum
2007 2692 2105 2736 ipsum

1204 2750 1321 2787 gregem
1340 2747 1446 2784 regant
1465 2764 1471 2771 .
1498 2739 1595 2774 Ordo
1615 2740 1749 2776 Sanstus
1774 2739 1860 2775 idem
1871 2740 1915 2774 est
1930 2742 2021 2785 quod
2036 2743 2104 2776 Re-

1208 2790 1285 2834 gula
1310 2790 1438 2825 saneta.
1467 2789 1512 2822 Et
1530 2789 1737 2835 Moguntina
1760 2789 1819 2823 sub
1831 2790 1953 2825 Carolo
1970 2791 2106 2837 Magno

1210 2839 1382 2884 synodus.-
1410 2842 1626 2878 Dect-evimus,
1645 2837 1720 2881 ficut
1746 2839 1857 2873 sanda
1869 2842 1984 2885 Regula
2008 2843 2083 2875 dicit
2096 2866 2107 2883 ‚

1211 2899 1245 2924 ut
1270 2889 1500 2931 nonasterium,
1527 2888 1578 2922 ubi
1598 2888 1665 2931 fier}
1685 2890 1789 2932 pofflt,
1810 2898 1868 2932 per
1894 2894 2027 2925 Decanos
2052 2904 2105 2925 or·

1210 2940 1330 2975 dinetur
1350 2965 1361 2980 ,
1399 2946 1472 2983 quia
1507 2938 1662 2981 Praepofiti
1682 2938 1766 2983 saepe
1790 2945 1823 2973 in
1849 2941 2005 2975 elationem
2031 2945 2108 2976 inci-

1212 2991 1308 3025 dunt.
1336 2988 1411 3025 Ubi
1435 2990 1560 3024 clarum
1586 2989 1632 3024 est
1660 2990 1803 3034 intelligi
1833 2990 1997 3035 Regulam
2024 2991 2107 3026 San·

1209 3041 1252 3075 sti
1276 3039 1459 3074 Benedicti.
1487 3039 1620 3075 Eodem
1647 3038 1750 3074 modo
1777 3039 1939 3074 inlitteris
1953 3040 1994 3075 ad
2009 3041 2105 3076 Gois·
2121 3071 2172 3108 Ep.
2196 3078 2242 3108 μ’

2123 2877 2196 2917 Cap.
2209 2890 2219 2909 1
2227 2890 2238 2909 1
2245 2900 2253 2908 .

1209 3089 1330 3125 fridum
1357 3089 1646 3124 constantiensem
1671 3091 1707 3124 in
1736 3089 1944 3125 Normandia
1967 3091 2105 3135 Episco-

1209 3150 1288 3184 pum
1314 3140 1460 3184 loquitur
1485 3151 1525 3174 ex
1553 3139 1730 3174 Gallicanae
1756 3139 1905 3175 Ecclefiae
1920 3139 2096 3175 Monacho

1211 3189 1491 3226 Cantuarienfium
1529 3188 1801 3234 Archiepiscopus
1841 3190 1974 3224 Sanetus
2012 3190 2100 3227 Lan·

1209 3240 1337 3275 francus
1366 3253 1374 3274 ε
1415 3243 1462 3274 De
1481 3237 1637 3283 servanda
1661 3241 1776 3285 Regula
1799 3239 1997 3283 profeffionem
2016 3239 2099 3282 feee-

1209 3298 1325 3323 cerunt.
1352 3291 1402 3324 Ad
1421 3289 1607 3334 servandam
1633 3291 1778 3334 Regulam
1796 3299 1969 3324 moneantur
1982 3315 1990 3323 .
2017 3289 2091 3323 Istis

1212 3339 1325 3382 nempe
1359 3339 1560 3384 temporibus
1591 3341 1626 3375 δε
1649 3340 1822 3376 Gallicana
1842 3340 1877 3375 δε
1905 3338 2094 3384 Anglicana

1211 3389 1353 3424 Ecclesia
1388 3402 1457 3424 non
1494 3389 1687 3425 admittebat
1717 3390 1817 3425 aliam
1855 3387 2098 3424 Monachalem

1213 3437 1395 3484 Regulam,
1420 3438 1560 3485 ideoque
1584 3440 1626 3476 ad
1652 3439 1744 3478 illam
1768 3438 1989 3478 denotandam
2004 3434 2098 3474 nulla

1941 3485 2040 3532 speci·
