2366 3756
867 128 1346 175 chraruS.

1857 132 1955 197 383.

569 387 980 502 Gregoriani
1053 387 1387 473 Difiatus
1457 386 1663 490 hostes

891 498 1284 609 reficiantur
1321 563 1335 584 .

307 751 488 801 Regoriani
511 756 661 792 Distatus
690 755 797 792 hostes
825 758 899 791 sunt
920 757 1088 801 praesertim

331 806 399 840 duo
421 832 428 839 .
457 806 585 842 Primus
604 806 650 842 est
671 807 813 851 Joannes
834 807 994 842 Calvinus
1014 833 1021 840 .
1047 809 1086 842 ln

210 866 328 898 quarto
348 856 599 892 Institutionum
633 856 720 891 libro
750 857 900 892 adfirmat
931 857 1086 891 Romano

209 905 376 949 Episcopo
397 904 483 939 nihil
502 907 522 940 a
545 905 678 940 Christo
701 907 855 943 Domino
871 930 883 947 ‚
907 907 959 940 sed
979 906 1086 940 asolis

209 954 404 989 Christianis
415 954 669 999 Imperatoribus
676 957 771 992 fuine
790 955 914 999 aliquid
924 954 1087 992 primatus

4 1036 9 1043 ,
36 1023 184 1064 0395·ss
209 1005 346 1045 datum,
371 1004 588 1047 &adjungite
606 1009 820 1048 jamverout
837 1008 969 1036 Romano
985 1006 1085 1037 Ponti-

204 1056 255 1098 fici
263 1055 452 1088 concedamus
462 1053 548 1089 hodie
557 1057 746 1087 eminentiam
757 1055 842 1087 illam
854 1051 1089 1095 &jur-istriam-

208 1110 258 1140 nis
277 1106 503 1146 amplitudinem
526 1129 538 1145 ,
560 1115 662 1146 >quam
685 1103 792 1135 mediis
814 1101 994 1144 temporibus
1014 1125 1026 1143 ,
1053 1111 1086 1136 ut

209 1157 318 1187 Leonis
344 1155 378 1186 eb·
390 1156 522 1196 Gregorii
536 1177 548 1192 ‚
572 1152 679 1186 babuit
688 1151 750 1185 baec
768 1154 878 1191 sedes,
903 1151 1035 1195 quidhoc
1045 1154 1090 1186 ad

203 1201 384 1246 praesentem
405 1205 560 1243 Papatum
585 1203 603 1233 ἓ
627 1204 773 1235 Nondum
795 1205 893 1245 loquor
917 1203 953 1235 de
972 1210 1087 1236 terreno

208 1256 370 1292 Dominio,
396 1263 446 1285 nec
468 1252 506 1285 de
527 1253 609 1286 civili
621 1252 782 1294 potestate,
807 1254 842 1286 de
864 1252 970 1295 quibus
988 1252 1088 1295 postea

205 1300 260 1347 suo
278 1303 335 1336 loco
355 1301 527 1335 videbimus
548 1314 563 1344 ;
594 1300 653 1344 sed
671 1301 767 1345 ipsum
778 1300 937 1346 spirituale
957 1308 1087 1346 regimen

210 1353 291 1395 quod
289 1351 414 1393 jaciant
426 1375 437 1392 ,
462 1353 538 1394 quid
538 1351 632 1393 simile
642 1354 707 1386 cum
717 1355 832 1387 illorum
840 1361 1005 1395 temporum
1025 1364 1088 1387 con-

207 1400 367 1445 suetudine
376 1400 489 1436 babet?
517 1404 638 1444 Papam
648 1408 728 1436 enim
744 1415 802 1436 non
822 1405 910 1438 aliter
923 1403 1069 1446 definiunt
1078 1426 1089 1442 ,

210 1463 302 1494 quam
309 1451 455 1495 summum
464 1455 496 1484 in
507 1458 600 1487 terris
612 1452 747 1495 Ecclefiae
758 1462 846 1496 caput
856 1477 867 1495 ,
893 1454 927 1487 &⁸
938 1451 1089 1496 universa-

212 1502 272 1535 lem
294 1507 383 1535 torius
403 1501 481 1535 orbis
502 1501 696 1546 Episcopum.
724 1502 788 1546 Ipsi
802 1507 872 1538 vera
911 1502 1090 1544 Pontifices,

212 1562 280 1585 cum
298 1552 335 1585 de
351 1549 410 1594 sua
427 1551 599 1586 auc‘loritate
607 1554 785 1595 loquuntur,
810 1565 917 1598 magno
937 1545 1090 1600 supercilio

155 1607 159 1616 ·
208 1607 414 1643 pronuntiant
429 1610 524 1643 penes
558 1602 593 1646 se
611 1604 669 1646 'effir
705 1605 875 1645 imperandi
899 1602 1089 1644 potestatem,

212 1650 284 1682 aliis
304 1659 425 1681 manere
449 1651 604 1682 obediendi
623 1653 810 1690 necessitatem
826 1673 834 1681 .
859 1654 906 1684 Sic
922 1652 1090 1694 sandiones

211 1707 311 1731 omnes
328 1695 401 1738 suas
420 1696 577 1729 habendas
596 1699 648 1738 esse
663 1722 673 1736 ‚
695 1698 779 1738 quasi
786 1701 905 1731 Divina
927 1703 1010 1732 Petri
1024 1710 1091 1733 voce

209 1746 351 1789 firmatas
370 1770 378 1777 .
416 1745 617 1779 Provinciales
639 1747 766 1784 synodos
789 1771 801 1787 ‚
827 1752 897 1791 quia
918 1751 1015 1791 Papae
1034 1761 1092 1782 non

212 1796 347 1830 habeant
363 1793 559 1837 praesentiam
576 1820 588 1836 ‚
614 1801 714 1840 vigore
734 1808 833 1831 carere
855 1823 862 1830 .
897 1800 934 1832 se
954 1800 1029 1842 posse
1053 1800 1092 1833 de

213 1845 348 1889 qualibet
366 1843 494 1885 Ecclesia
512 1846 641 1878 clericos
662 1847 803 1881 ordinare
823 1860 836 1880 .·
876 1850 922 1879 Et
941 1854 993 1889 qui
1019 1849 1092 1881 alibi

208 1896 330 1938 fuerint
350 1896 486 1928 ordinati
498 1915 509 1931 ‚
533 1906 580 1927 eos
598 1897 673 1938 posse
692 1898 736 1929 ad
748 1898 850 1930 sedem
866 1894 956 1939 suam
967 1908 1072 1930 vocare
1083 1921 1091 1929 .

213 1949 375 1979 innumera
384 1946 450 1985 eJ‘us
456 1949 573 1988 generis
584 1943 730 1979 habentur
740 1952 774 1980 in
788 1950 958 1990 Farragine
970 1951 1094 1980 Gratia-

215 2000 250 2030 ni
264 2019 276 2036 ‚
299 2006 367 2038 quae
378 2005 435 2027 non
447 1992 595 2036 recenseo,
622 2006 659 2028 ne
670 2000 761 2028 nimis
780 1995 912 2035 molestus
927 1994 983 2036 sim
998 1993 1094 2028 Lee‘lo·

214 2045 298 2079 ribus
308 2069 319 2085 ,
345 2046 467 2077 Summa
480 2053 583 2077 tamen
592 2042 648 2077 buc
661 2045 739 2077 redit
753 2069 765 2084 ,
787 2053 880 2086 penes
891 2055 981 2077 unum
993 2046 1093 2076 Ponti-

212 2095 298 2138 ficem
316 2097 484 2126 Romanum
501 2092 553 2134 effe
568 2089 737 2134 supremam
755 2092 1014 2135 Ecclefiasticarum
1035 2103 1093 2124 om-

217 2150 301 2177 nium
319 2140 476 2185 causarum
495 2147 684 2184 cognitionem
706 2166 717 2182 ‚
745 2142 810 2184 five
833 2148 866 2176 in
887 2143 1092 2183 dijudicandis

217 2189 451 2235 definiendisque
468 2191 608 2224 dodrinis
625 2216 636 2233 ,
653 2191 720 2233 five
730 2197 773 2236 jn
785 2192 925 2235 ferendis
963 2191 1094 2236 legibus,

213 2241 277 2284 five
299 2247 331 2274 in
350 2241 548 2282 constituenda
568 2239 727 2285 discifflina
749 2266 761 2283 ,
778 2241 843 2284 five
864 2247 898 2276 in
919 2243 1092 2276 exercendis

212 2293 359 2335 Judiciis.

268 2342 355 2388 Qis
379 2352 447 2375 non
469 2340 578 2376 videat
609 2341 650 2375 ab
669 2341 798 2387 impuro
821 2341 956 2378 homine
981 2339 1092 2377 invadi

219 2390 324 2427 nostri
345 2390 497 2435 Gregorii
517 2391 686 2426 Distatum
706 2393 719 2424 ἒ
757 2392 839 2426 Non
863 2394 969 2435 ipsum
992 2416 1004 2432 ,
1039 2391 1094 2426 sed

219 2441 373 2476 Gratiani
390 2441 570 2475 Decretum
591 2442 761 2476 nominat:
788 2443 893 2489 Qod
913 2441 1012 2476 istum
1032 2443 1095 2476 for-

219 2492 277 2525 san
298 2501 480 2534 numquam
505 2491 632 2525 vidisset
652 2517 659 2524 .
689 2491 784 2539 Qin
810 2493 845 2526 &
867 2491 953 2526 istud
975 2491 1097 2526 Decre-

219 2551 293 2576 tum
314 2540 443 2575 videtur
464 2551 533 2587 non
554 2541 613 2574 nifi
635 2542 747 2576 alienis
766 2542 872 2576 oculis
895 2564 906 2582 ,
933 2550 990 2575 aut
1011 2541 1096 2576 certe

219 2588 433 2626 dormitando
444 2589 555 2635 legiffe
565 2614 573 2622 .
600 2592 704 2625 Lucet
719 2603 761 2625 ex
786 2590 872 2626 hisce
883 2591 951 2635 ejus
962 2590 1066 2625 verbis
1084 2604 1096 2624 .-

222 2642 310 2683 .Quin
333 2644 422 2673 etiam
441 2641 474 2673 eo
486 2641 693 2682 -impudentiae
715 2650 862 2675 venerunt
880 2640 1013 2685 Papistae
1028 2664 1039 2681 ,
1063 2650 1096 2674 ur

222 2687 409 2732 Rescriptum
427 2690 576 2723 ediderint
593 2688 648 2733 sub
669 2696 784 2724 nomine
797 2690 936 2732 Anastafii
960 2692 1097 2724 Patriae-

222 2739 289 2774 cbae
306 2737 618 2781 Constantinopolitani
643 2765 655 2780 ,
690 2745 723 2773 in
744 2752 799 2782 quo
819 2739 941 2780 testatur
962 2746 1098 2784 antiquis

223 2789 331 2834 regulis
351 2789 403 2832 esse
420 2787 566 2831 fimcitum
594 2813 606 2830 ,
631 2801 668 2823 ne
686 2792 761 2832 quid
785 2792 837 2824 vel
855 2797 889 2824 in
908 2792 1097 2831 remotifflmis

225 2841 396 2872 Provinciis
406 2846 539 2882 ageretur
551 2862 561 2878 ,
587 2842 667 2881 quod
674 2852 731 2873 non
753 2842 797 2874 ad
806 2845 973 2874 Romanam
991 2842 1096 2874 Sedem

221 2890 310 2931 prius
322 2889 447 2921 relatum
451 2887 534 2929 foret
543 2912 550 2919 .
577 2891 781 2932 Praeterquam
791 2914 801 2929 ‚
825 2893 905 2932 quod
916 2892 1097 2930 vaniffimum

226 2939 264 2971 id
271 2939 321 2980 effe
332 2937 440 2978 constat
451 2962 463 2979 ,
488 2943 533 2971 cui
544 2936 692 2972 bominum
710 2940 846 2974 credibile
865 2946 921 2974 erit
934 2965 944 2980 ‚
970 2944 1030 2974 tale
1042 2944 1097 2973 Ro-

227 2999 327 3020 manae
347 2988 432 3020 sedis
452 2989 572 3031 elogium
591 2988 630 3020 ab
641 2989 831 3033 adversario,
861 2993 895 3025 (9⁶
915 2990 1031 3024 honoris
1052 2991 1094 3023 di-

222 3035 408 3082 gnitarisque
425 3039 528 3071 aemulo
540 3037 705 3080 prqf'eRum
714 3040 764 3083 effe
779 3042 791 3074 ?
817 3042 878 3073 sed
894 3046 1019 3082 oportuit
1042 3038 1098 3083 sci·

226 3089 294 3121 licet
314 3089 347 3120 eo
367 3087 523 3120 dementiae
548 3099 583 3120 ac
604 3095 744 3122 coecitatis
760 3092 901 3132 provolvi
924 3090 988 3130 istos
1013 3093 1095 3123 Anti·

229 3136 360 3176 christos
372 3160 383 3176 ,
408 3145 440 3168 ut
452 3136 588 3169 omnibus
606 3136 694 3180 sanae
706 3145 812 3172 mentis
837 3140 1001 3173 bominibus
1013 3165 1022 3179 ‚
1049 3145 1098 3182 qui

228 3188 313 3219 modo
332 3187 423 3219 oculos
444 3192 559 3228 aperire
571 3189 675 3221 volunt
688 3212 699 3227 ‚
728 3188 874 3231 conspicua
894 3190 958 3233 esset
969 3188 1098 3233 ipsorum

231 3241 381 3279 nequitia.
410 3234 612 3271 Anastafium
634 3236 729 3271 istum
749 3238 862 3284 delirat
883 3240 975 3274 fuiffe
996 3251 1098 3274 unum

228 3284 250 3319 ὲ
284 3286 662 3330 Constantinopolitanis
691 3287 881 3322 Patriarchis
902 3315 913 3331 ‚
948 3289 1099 3333 quicum

230 3335 394 3370 Romanis
425 3335 641 3372 Pontificibus
664 3337 705 3372 de
742 3338 946 3383 Universum,
960 3338 1100 3383 Episcopi

1148 756 1284 791 nomine
1309 755 1551 792 contenderunt
1566 781 1573 789 .

1193 807 1246 841 De
1256 806 1410 842 omnibus
1418 806 1598 852 generatim
1612 803 1769 841 haereticis
1781 806 1899 851 scripsit
1911 807 1953 843 ad
1963 807 2024 842 Di-

1147 855 1305 899 scipulum
1321 855 1545 893 Timotheum
1557 857 1689 891 Sanstus
1699 855 1821 892 Paulus
1834 857 2021 901 Apostolus:
2039 844 2103 913 Εξρ·
2121 843 2163 903 ¹1⁵,

1146 904 1361 948 Converfisunt
1372 912 1405 939 in
1417 908 1630 950 vaniloquium,
1640 907 1770 941 volentes
1777 908 1828 950 effe
1840 908 1912 951 legis
1921 907 2022 941 Dodo·

1145 966 1263 994 res,non
1274 957 1471 1000 intelligentes
1483 969 1619 1001 neq3quae
1627 958 1906 999 loquuntur,neq;de
1919 957 2026 1001 quibus

1147 1003 1308 1044 adfirmant
1321 1031 1328 1038 .
1356 1006 1435 1041 Hoc
1446 1007 1481 1041 in
1503 1009 1535 1042 se
1549 1007 1707 1042 verificari
1718 1007 1875 1043 Calvinus
1887 1005 1943 1041 hic
1954 1006 2029 1040 infi-

1148 1052 1256 1096 gniter
1263 1054 1469 1091 demonstrat.
1483 1057 1594 1092 Patrat
1606 1056 1786 1093 horrendos
1796 1067 1916 1091 errores
1927 1082 1934 1089 .
1960 1054 2029 1089 Pri-

1152 1112 1225 1135 mus
1232 1101 1379 1145 est’qUOd
1387 1104 1632 1142 illeAnastafius
1640 1106 1737 1143 fuerit
1745 1105 1931 1142 Patriarcha
1940 1106 2030 1141 Con-

1148 1151 1480 1195 stantinopolitanus3
1507 1157 1632 1189 etenim
1658 1156 2030 1201 constantinopolitana

1150 1200 1292 1235 Ecclesia
1305 1200 1431 1236 nullum
1443 1202 1649 1238 Anastafiutn
1662 1202 1777 1238 habuit
1789 1204 2011 1240 Patriarcham
2020 1227 2032 1244 ,

1151 1251 1208 1285 nifi
1220 1251 1423 1285 Anastassum
1436 1251 1544 1286 Sancti
1565 1251 1723 1286 Germani
1746 1253 1958 1296 Syncellum‚
1986 1253 2035 1286 in-

1150 1301 1272 1336 trusum
1283 1300 1324 1336 ab
1335 1301 1531 1346 Imperatore
1544 1301 1658 1336 Leone
1672 1300 1780 1335 Isauro
1792 1326 1803 1343 ,
1829 1301 2029 1336 Haereticum

1149 1350 1389 1386 Iconoclastam
1399 1377 1410 1393 ,
1438 1350 1570 1386 Calvini
1581 1350 1809 1387 Praecursorem
1823 1351 2010 1395 imperitum
2025 1375 2036 1392 ,

1151 1399 1241 1435 vario
1251 1397 1388 1435 crimine
1404 1401 1604 1436 maculosum
1616 1427 1623 1434 .
1652 1401 1748 1437 Abfit
1761 1410 1798 1436 ut
1817 1401 1884 1445 ejus
1897 1401 2035 1436 austori-

1151 1460 1217 1487 tate
1227 1450 1401 1486 fulciamus
1423 1451 1615 1486 Romanum
1636 1450 1819 1486 Primatum
1833 1476 1840 1483 .
1868 1450 2035 1485 Secundus

1152 1512 1238 1536 error
1248 1500 1293 1535 est
1304 1523 1315 1539 ‚
1340 1501 1428 1543 quod
1441 1502 1616 1538 Gratianus
1627 1500 1709 1536 istud
1729 1503 1907 1536 Decretum
1922 1499 2038 1534 adscri-

1153 1550 1208 1584 bat
1219 1549 1297 1583 huic
1308 1548 1476 1584 Anastasio
1488 1575 1499 1590 ‚
1526 1560 1581 1585 aut
1603 1551 1666 1586 ulli
1695 1550 2040 1593 Constantinopolita-

1155 1610 1200 1632 no
1224 1597 1419 1633 Patriarchae
1432 1625 1440 1632 .
1467 1601 1602 1636 Etenim
1626 1601 1731 1643 ipsum
1744 1600 1894 1634 adscribit
1908 1600 2040 1644 Magno

1154 1646 1334 1684 Athanasio
1346 1673 1357 1689 ,
1385 1648 1616 1685 Alexandrino
1643 1648 1838 1684 Patriarchae
1855 1672 1866 1688 ‚
1892 1649 2040 1685 Romani

1156 1698 1317 1733 Primatus
1329 1699 1530 1736 veraciffimo
1556 1699 1590 1735 δε
1600 1699 1858 1735 constantissimo
1871 1698 2041 1733 adsertori.

1155 1747 1385 1784 Tertiuserror
1405 1748 1451 1783 est
1463 1773 1475 1790 ‚
1501 1749 1590 1794 quod
1611 1747 1809 1785 Athanasius
1823 1773 1834 1790 ,
1860 1758 1916 1783 aut
1937 1749 2042 1784 etiam

1159 1795 1347 1833 Anastafius
1368 1798 1453 1834 istud
1474 1799 1652 1835 Decretum
1679 1799 1739 1835 fibi
1760 1798 1921 1834 adscribat
1947 1823 1959 1840 ,
1985 1807 2043 1833 aut

1155 1859 1217 1882 nos
1230 1846 1447 1885 adscribamus
1456 1846 1556 1891 huic,
1583 1861 1639 1884 aut
1651 1849 1724 1883 isti.
1752 1848 1812 1882 Ille
1832 1849 1923 1883 enim
1937 1872 1949 1889 ‚
1973 1848 2048 1892 qui-

1152 1909 1295 1940 cumque
1322 1899 1359 1933 fit
1380 1924 1391 1939 ‚
1428 1901 1616 1943 personatus
1641 1899 1784 1944 Scriptor
1807 1898 1956 1934 adfirmat
1978 1900 2043 1933 effe

1154 1944 1327 1987 antiquam¹
1349 1948 1499 1983 Ecclefiae
1511 1950 1657 1997 regulam
1672 1974 1679 1982 .
1706 1950 1854 1997 Qartus
1876 1960 1962 1985 error
1974 1949 2019 1983 est
2033 1972 2046 1988 ,

1155 1993 1244 2035 quod
1267 1993 1308 2027 ab
1320 1995 1383 2033 isto
1399 1998 1544 2031 Decreto
1566 1999 1734 2034 credamus
1754 2000 1901 2034 Romani
1921 1998 2045 2032 Prima-

1155 2050 1206 2074 tus
1227 2040 1369 2085 pendere
1397 2045 1565 2078 fortunas.
1594 2047 1703 2088 Ipsum
1728 2049 1816 2081 enim
1827 2047 1984 2082 habemus
2009 2049 2044 2081 in

1154 2092 1278 2125 famosa
1291 2089 1411 2136 Magni
1437 2089 1609 2128 Athanafii
1632 2093 1673 2127 ad
1693 2095 1836 2129 Felicem
1865 2097 2046 2131 secundum

1154 2139 1353 2175 Pontificem
1379 2141 1525 2186 Epistola
1549 2167 1561 2183 ,
1595 2153 1693 2187 quam
1715 2144 1835 2177 scimus
1862 2145 1896 2179 &
1917 2146 2051 2188 profite-

1155 2202 1228 2225 mur
1238 2191 1300 2226 effe
1311 2191 1395 2226 inter
1407 2192 1531 2236 spurios
1545 2193 1698 2228 Canones
1709 2191 1820 2227 Isidori
1834 2193 2045 2237 Mercatoris‚

1154 2241 1296 2285 ideoque
1307 2242 1395 2285 parvi
1408 2242 1560 2286 ponderis
1573 2266 1581 2274 .
1610 2242 1653 2277 Et
1665 2254 1739 2278 ecce
1753 2241 1820 2277 haec
1833 2245 1908 2278 sunt
1929 2246 2047 2281 funda-

1156 2300 1288 2331 menta,
1312 2301 1355 2324 ex
1375 2291 1493 2334 quibus
1514 2293 1622 2327 sumus
1662 2292 1846 2334 vanissimi,
1871 2295 2046 2339 conspicue

1156 2351 1297 2385 nequam
1315 2363 1326 2380 ‚
1352 2342 1426 2376 caeci
1447 2366 1458 2382 ,
1485 2341 1674 2384 dementes,
1701 2341 1964 2378 Anti-Christi.
1993 2346 2048 2379 Se-

1156 2391 1244 2425 ducti
1271 2390 1548 2434 &circumscripti
1571 2393 1588 2426 a
1617 2392 1758 2427 Calvino
1771 2393 1884 2437 populi
1901 2394 2043 2438 aperiant

1156 2440 1272 2475 oculos
1287 2465 1298 2481 ,
1323 2441 1358 2475 &
1369 2440 1614 2486 videantipsum
1628 2442 1691 2477 effe
1703 2442 1902 2479 maledicum
1930 2456 1967 2479 ac
1983 2444 2049 2481 im-

1158 2490 1296 2534 peritum
1307 2490 1518 2534 impostorem
1529 2517 1536 2524 .
1703 2527 1706 2532 ,

1206 2541 1296 2574 Nam
1321 2541 1356 2574 &
1376 2541 1439 2575 alia
1457 2541 1525 2584 ejus
1545 2541 1721 2586 impostura
1747 2542 1792 2577 est
1817 2543 1852 2577 in
1874 2541 1964 2579 hisce
1977 2555 2046 2579 ver·

1157 2589 1225 2624 bis:
1254 2593 1455 2624 Provinciales
1468 2593 1590 2629 synodos
1604 2616 1617 2633 ,
1641 2600 1713 2635 quia
1730 2595 1826 2635 Papae
1837 2605 1894 2627 non
1909 2594 2043 2628 babeant

1153 2638 1371 2683 praesentiam‚
1395 2646 1494 2684 vigore
1502 2651 1601 2675 carere
1616 2666 1623 2673 .
1653 2642 1786 2677 Etenim
1798 2643 1838 2678 ad
1855 2643 2049 2678 ProcincIa-

1157 2691 1197 2724 lis
1210 2690 1336 2732 synodi
1359 2690 1508 2734 vigorem
1531 2691 1649 2735 requiri
1660 2691 1813 2736 Papalem
1838 2693 2042 2737 praesentiam

1159 2751 1256 2775 nemo
1278 2738 1471 2774 Christianae
1501 2740 1700 2776 Hierarchiae
1737 2742 1855 2786 peritus
1894 2754 2043 2787 unquam

1158 2789 1348 2825 somniavit.
1375 2789 1502 2824 Verum
1515 2791 1666 2835 superbus
1690 2793 1725 2827 δε
1737 2800 1916 2827 contumax
1930 2794 2040 2828 Haere-

1156 2841 1294 2874 ticorum
1304 2839 1432 2883 spiritus
1449 2841 1571 2885 semper
1591 2841 1812 2877 calumniatur
1836 2842 2018 2878 Ecclesiam
2035 2868 2043 2875 .

1158 2890 1343 2925 Dumtaxat
1354 2889 1543 2934 profitemur
1562 2902 1696 2927 ornnem
1711 2892 1952 2926 provincialem
1980 2893 2044 2935 Sy-

1160 2939 1284 2975 nodum
1295 2939 1433 2984 obligari
1446 2940 1486 2975 ad
1498 2942 1552 2975 sua
1564 2941 1604 2976 de
1618 2941 1791 2984 majoribus
1820 2951 1875 2975 aut
1897 2940 2038 2975 difficili-

1159 2989 1216 3024 bus
1226 2990 1367 3034 negotiis
1379 2991 1517 3024 Decreta
1543 3001 1599 3023 aut
1622 2990 1742 3032 judicia
1759 2991 1923 3025 referenda
1952 2990 2041 3025 Pon·

1158 3040 1263 3080 tifici,
1288 3039 1399 3083 &ipsa
1410 3049 1485 3073 ante
1500 3039 1594 3082 hujus
1605 3040 1888 3075 confirmatorium
1909 3041 2043 3075 Rescri-

1160 3100 1252 3133 ptum
1274 3101 1342 3123 non
1361 3088 1424 3123 effe
1444 3090 1535 3123 firma
1561 3101 1600 3124 ac
1622 3100 1693 3125 rata.
1715 3114 1722 3123 .
1759 3089 1925 3136 Qantam
1952 3090 2040 3125 olim

1160 3140 1353 3179 Gallicana,
1380 3139 1488 3183 inqua
1509 3150 1601 3174 natus
1618 3139 1797 3179 Calvinus,
1825 3139 1965 3174 Ecclesia
1994 3151 2041 3174 re-

1161 3189 1338 3224 verentiam
1358 3187 1509 3223 detulerit
1531 3189 1731 3233 Apostolicis
1752 3189 1899 3223 Decretis
1924 3211 1935 3228 ‚
1961 3190 2040 3223 infi-

1162 3239 1268 3284 gniter
1290 3238 1457 3282 profitetur
1478 3239 1619 3282 ejusdem
1634 3238 1810 3283 Apostolus
1823 3240 1956 3273 Sanstus
1970 3240 2036 3272 Bo-

1164 3290 1315 3322 nifacius:
1345 3291 1460 3322 Revera
1472 3297 1559 3322 tanta
1568 3294 1739 3323 reverentia
1767 3295 1877 3330 apicem
1890 3288 2042 3330 Apostolice
2088 3320 2090 3322 .

1162 3340 1241 3372 sedis
1251 3349 1348 3373 omnes
1354 3336 1539 3382 suspiciunt,
1565 3349 1597 3373 ut
1610 3351 1666 3373 non
1682 3338 1791 3372 nullam
1816 3341 1970 3373 Sacrorum
1998 3341 2044 3371 di-

1903 3386 2000 3431 scipli·
2022 3418 2029 3422 .
