2366 3756
81 2583 116 2613 C.
140 2584 185 2613 16.

85 2923 146 2956 501.
172 2932 236 2962 131.

88 3192 187 3229 L3.e.
201 3199 227 3229 5.

529 132 1059 178 CONCILIUM

235 219 483 260 tibusplurimis,
511 217 563 249 diu
579 216 710 258 perpessa
735 215 800 258 esset
821 212 965 253 Ecclesia,
996 211 1110 245 monitu

234 270 415 313 quorundam
441 265 646 311 Religiosorum
669 290 679 304 ‚
711 270 850 309 graviter
884 264 1027 306 redargui
1050 260 1109 306 solo

234 319 392 353 charitatis
410 323 520 351 intuitu
551 312 806 358 Rotbomagensem
831 312 1079 355 Archiepiscopum
1102 337 1112 351 ,

235 371 280 402 ad
303 372 384 409 cujus
412 366 557 408 Dioecefim
564 370 693 407 pertinet
710 364 860 405 praetac‘la
873 362 1019 403 Ecclefia,
1037 364 1116 405 quod

236 480 303 501 rum
330 479 386 500 non
412 474 578 510 opponeret.
604 467 659 496 Hoc
685 464 761 496 idem
775 463 835 504 feci
862 463 931 495 aliis
958 461 1113 505 Episcopis

238 516 370 560 eiusdem
396 516 614 558 Metropolitani
632 512 851 558 suffraganea.
892 515 1026 546 Tandem
1051 513 1115 545 cum

238 572 344 601 Comes
364 578 450 601 terrae
474 566 553 599 illius
585 565 714 605 periculo
741 563 897 596 amittendi
923 566 1115 604 Principatus

234 616 282 661 sui
307 626 453 660 urgeretur
474 641 485 656 ,
512 613 597 657 quasi
616 619 791 656 poenitentia
818 613 924 646 duc‘lus
945 618 1115 654 praecepit,

238 676 273 701 ut
293 665 456 709 pra-draus
485 663 681 705 Dunelmenfir
696 662 859 706 Episcopus
872 664 907 695 de
917 661 1041 703 Ecclesia
1051 674 1117 695 cum

236 714 294 773 spa
312 718 394 759 prole
416 718 584 755 ejiceretur,
610 716 644 748 (⁹⁹
669 713 834 757 Episcopus
860 713 901 745 ibi
914 714 1060 745 Canonice
1070 714 1120 746 eli-

237 776 375 810 geretur.
402 764 594 808 Ranulphus
616 764 841 798 Flammardus
867 762 1049 796 Guilielmo
1077 763 1119 796 se-

242 816 355 850 cundo
382 814 571 859 Anglorum
597 813 683 858 Regi
708 814 771 847 fuit
797 812 1124 847 sceleratusincentor

236 430 274 453 ex
294 414 419 461 adverso
443 430 499 450 non
513 416 629 456 staret,
654 415 737 457 quod
753 422 809 455 pro
825 414 906 445 domo
936 412 1031 456 lsrael
1051 425 1112 445 mu·
1133 422 1142 500 Ι

1133 502 1135 529 Ι

245 917 279 949 ὅ(
304 914 552 958 Rempublicam
566 938 578 954 ,
603 923 700 957 atque
724 912 785 947 hac
806 914 856 947 via
877 925 918 947 ex
938 912 1049 946 infima
1062 912 1125 955 ple-

248 964 298 1001 bis
315 966 396 999 foece
421 964 462 999 ad
474 963 727 998 Dunelmensem
745 964 975 1006 Episcopatum
987 964 1124 1001 evetius,

247 1016 281 1049 &
300 1015 340 1049 de
356 1014 528 1048 Guilielmi
548 1014 641 1048 fratre
658 1025 696 1048 ac
719 1014 892 1047 successore
905 1012 1053 1046 Henrico
1066 1013 1125 1055 pri-

246 1075 304 1099 mo
325 1065 433 1099 scribit
445 1062 621 1099 Matthaeus
634 1064 831 1097 parisiensis:
858 1066 972 1095 Mortuo
983 1066 1060 1106 Rege
1070 1068 1127 1094 ini-

246 1127 302 1157 quo
320 1140 331 1156 ‚
356 1117 390 1148 &¹
418 1119 537 1147 Henrico
562 1123 694 1147 coronato
713 1138 724 1153 ,
762 1115 798 1146 de
821 1118 965 1145 communi
989 1110 1126 1156 consensu

246 1169 352 1199 Gentis
364 1165 519 1207 Anglorum
531 1167 616 1204 ,Rex
626 1163 818 1206 Ranulpbum
825 1161 921 1206 posuit
932 1169 964 1195 in
972 1163 1101 1196 vinculis
1113 1186 1124 1202 ,

243 1213 375 1258 e'quibus
385 1225 450 1247 cum
458 1213 612 1254 custodibus
629 1212 694 1257 suis
703 1219 830 1257 pecunia
849 1218 995 1255 corruptis
1022 1210 1125 1255 evafis-

244 1263 291 1308 fit
305 1290 316 1306 ‚
341 1264 557 1306 transfretavit
579 1265 658 1298 clam
680 1270 712 1297 in
732 1265 955 1296 Normandiam
974 1287 985 1303 ,
1021 1263 1054 1296 Θ
1072 1260 1145 1305 [μιν

244 865 285 899 ad
310 864 497 899 ffflandam
523 875 560 897 ac
586 864 777 906 turpandam
805 862 936 908 Angliae
948 862 1145 1281 ΕεεΙείῑιπιὶ

245 1314 445 1348 exhortatione
469 1316 578 1348 Ducem
601 1315 759 1348 Robertum
784 1320 939 1347 commovit
965 1319 997 1345 in
1022 1316 1130 1356 Regem
1151 1330 1153 1332 >

241 1364 373 1407 fratrem
393 1364 498 1407 suum.
526 1364 691 1398 Robertus
717 1364 930 1398 Normandiat
956 1364 1036 1397 Dux
1063 1373 1130 1396 erat

246 1414 419 1449 Guilielmi
457 1413 693 1452 Conquestoris
738 1414 825 1444 filins
861 1412 1096 1453 primogenitus
1122 1433 1132 1449 ‚

248 1463 328 1500 dum
353 1463 388 1495 in
414 1472 494 1495 terra
521 1462 626 1494 sancta
651 1471 727 1493 cum
755 1459 938 1493 Godefrido
960 1458 1134 1493 Lotharin·

247 1512 308 1554 giae
326 1512 423 1544 Duce
442 1510 597 1542 militaret
618 1531 631 1547 ,
676 1517 731 1550 per
755 1507 885 1539 fratrem
911 1506 1129 1538 Guilielmutn

247 1558 397 1593 exclusus
421 1555 440 1588 ὸ.
465 1556 611 1600 Regno,
634 1555 667 1589 δε
695 1554 907 1589 Normandiae
924 1554 1131 1597 Ducatujus-

248 1609 301 1642 sus
323 1607 385 1641 esse
399 1616 591 1640 contentus:
619 1605 666 1639 Et
679 1604 816 1639 eandem
839 1604 989 1646 injuriam
1001 1603 1066 1646 jam
1078 1605 1132 1638 de-

248 1656 318 1692 nuo
355 1658 458 1701 passus
483 1657 585 1689 fuerat
620 1655 639 1688 a
664 1655 793 1699 juniore
830 1655 926 1688 fratre
961 1654 1129 1687 Henrico.

247 1707 343 1741 Hinc
370 1706 465 1740 illum
492 1705 533 1739 ad
559 1704 668 1739 turbas
700 1704 917 1740 inflammavit
953 1703 1130 1738 Flammar-

248 1756 330 1798 dus,
356 1768 393 1791 ac
419 1754 460 1789 ab
485 1755 545 1789 illo
569 1752 714 1789 obtinuit
727 1754 790 1788 suis
801 1754 878 1789 filiis
890 1754 1131 1788 Lexoviensem

249 1807 483 1851 Episcopatum
498 1829 509 1846 ,
531 1816 629 1847 quem
642 1806 727 1848 ipse,
740 1805 819 1839 dum
831 1805 880 1838 illi
890 1805 1110 1840 adolescerent
1121 1829 1132 1845 ,

250 1857 384 1895 interim
404 1864 552 1895 teneret,
581 1864 679 1899 atque
704 1855 747 1889 ita
774 1866 829 1899 per
853 1854 1062 1888 confidentiae
1086 1854 1132 1889 Si·

249 1908 400 1942 moniam
424 1906 501 1940 effet
529 1905 728 1949 Episcopus,
753 1905 787 1939 &
805 1904 942 1940 duarum
965 1904 1056 1939 simul
1070 1905 1130 1939 Ec-

250 1956 416 1992 clefiarum
437 1954 581 1990 adulter.
610 1955 653 1988 Et
665 1954 798 1998 quidem
809 1956 994 1988 Henricum
1007 1956 1133 2000 Regem

247 2007 286 2042 in
313 2005 452 2040 exordio
470 2005 650 2040 connivisse
660 2005 770 2039 suadet
781 2005 912 2040 laudata
925 2005 1039 2047 Jvonis
1058 2005 1132 2048 Epi·

248 2056 335 2091 {lola
356 2056 398 2090 ad
424 2055 593 2090 Comitem
621 2054 856 2090 Mellentinum
877 2080 884 2087 .
924 2055 1064 2089 Videtur
1090 2055 1131 2091 de

251 2107 431 2150 spontaneo
457 2104 597 2148 improbi
634 2103 780 2139 hominis
805 2105 908 2139 exilio
934 2105 1026 2139 fuisse
1048 2105 1135 2150 gavi-

252 2158 328 2196 suS,
353 2166 451 2199 atque
478 2156 523 2189 ita
548 2153 589 2189 de
615 2154 677 2189 isto
696 2154 763 2196 ejus
778 2155 894 2189 solatio
907 2154 1134 2189 dissimulasse.

252 2205 428 2252 Qidquid.
438 2205 497 2244 fit,
525 2205 630 2248 ipsum
657 2205 765 2246 postea
790 2204 913 2236 curavit
925 2203 998 2243 ejici
1013 2226 1023 2240 ‚
1047 2202 1138 2235 &af-

254 2255 347 2287 flietae
371 2253 517 2286 Ecclefiae
541 2251 677 2286 concedi
706 2250 911 2285 Canonieam
923 2250 1134 2284 electionem.

254 2302 391 2339 Interim
411 2301 452 2334 ad
473 2300 661 2333 evertendas
681 2298 774 2331 hasce
797 2297 902 2332 sordes
922 2299 1065 2342 optimus
1076 2299 1137 2343 Jvo

252 2350 368 2387 debuit
388 2350 487 2393 usque
512 2348 553 2381 ad
580 2347 769 2391 sanguinem
797 2347 925 2382 sudare.

301 2400 347 2435 Et
370 2411 438 2434 non
465 2398 577 2432 evulsit
597 2397 736 2431 radicem
751 2422 758 2429 .
786 2397 919 2431 Etenim
946 2397 980 2431 in
1009 2399 1063 2432 sua
1078 2397 1138 2433 La·

252 2449 410 2487 teranenfi
433 2448 569 2491 Synodo
578 2446 792 2481 Innocentius
806 2448 963 2482 secundus
974 2448 1036 2482 fuit
1049 2459 1137 2483 com·

252 2500 363 2546 pulsus
382 2497 493 2533 denuo
515 2497 660 2532 emittere
672 2496 760 2531 hunc
785 2497 971 2532 Canonern:
999 2498 1139 2533 Prohibe-

255 2561 321 2584 mus
340 2559 377 2582 ne
398 2543 629 2590 Adolescentibus
643 2570 654 2585 ‚
672 2545 732 2589 sed
754 2551 803 2589 qui
823 2548 986 2589 prudentia
1006 2548 1040 2581 Θ
1061 2554 1137 2582 vitae

253 2604 359 2635 merito
380 2595 565 2640 clarell-unt,
591 2598 785 2630 concedantur
809 2596 931 2631 honores
958 2623 965 2631 .
1004 2597 1135 2642 Nempe

256 2647 570 2687 Archidiaconatus,
598 2648 808 2687 Decanatus,
834 2647 1064 2691 Praepofiturae.
1093 2649 1136 2682 Et

257 2697 479 2734 Theoduinus
496 2709 534 2732 ac
555 2695 709 2731 Albertus
730 2721 741 2736 ‚
768 2695 948 2732 Alexandri
965 2698 1057 2731 tertii
1081 2709 1137 2741 per

253 2748 496 2785 Normandiam
517 2746 705 2781 cardinales
726 2747 843 2791 Legati
858 2770 869 2786 ‚
896 2749 929 2782 in
946 2747 1135 2782 Abrincenfi

256 2798 395 2842 synodo
414 2798 592 2832 statuerunt
604 2811 615 2831 .-
641 2801 730 2830 Puer}
745 2798 789 2829 ad
807 2803 935 2842 regimen
946 2796 1137 2840 Ecclefiarum

257 2851 398 2888 illarum,
423 2850 456 2882 (9'
476 2849 519 2880 ad
535 2848 588 2880 illa
608 2847 848 2887 administranda
866 2872 877 2888 ,
902 2854 934 2881 in
959 2848 1067 2890 quibus
1093 2859 1137 2882 cu-

257 2911 296 2932 ra
319 2896 358 2939 est
378 2903 543 2931 animarum
564 2922 577 2938 ‚
611 2903 730 2930 minime
755 2899 956 2931 admittantur
979 2923 985 2930 .
1024 2897 1137 2932 Exstat

256 2947 347 2991 apud
373 2946 540 2991 Rogerum
567 2947 795 2982 Hovedensem
815 2973 822 2979 .
852 2947 894 2981 Et
920 2947 961 2981 de
987 2947 1136 2993 Rogerio

259 2997 454 3032 Eboracenfi
500 2994 756 3040 Archiepiscopo
792 2997 900 3031 scribit
938 2997 1137 3032 Guilielmus

263 3046 514 3090 Neubrigenfis:
542 3050 682 3097 Rogerius
697 3055 753 3088 pro
766 3045 900 3090 personis
911 3046 1114 3090 spectabilibus
1126 3072 1137 3088 ‚

260 3096 367 3141 quibus
391 3104 545 3137 tamquam
568 3094 743 3140 quibusdam
768 3098 923 3131 monilibus
950 3097 1136 3139 Eboracenfis

257 3149 329 3182 olim
354 3143 463 3187 refulfie
487 3145 631 3186 Ecclesia,
657 3147 796 3180 titulavit
819 3147 987 3187 imberbes,
1011 3146 1136 3190 &quos

258 3199 332 3232 dam
359 3200 451 3230 etiam
474 3202 592 3237 agentes
612 3194 668 3238 sub
686 3196 789 3237 ferula
811 3220 823 3237 ‚
849 3205 935 3239 aptos
960 3203 1056 3240 magis
1078 3206 1135 3239 pro

261 3255 355 3283 etate
379 3243 522 3286 aedificare
546 3242 629 3286 casas
655 3247 690 3281 (tt
713 3245 842 3287 plastello
850 3248 1011 3291 adjungere
1020 3258 1136 3288 muros,

260 3297 360 3332 ludere
374 3302 436 3337 par
465 3299 564 3336 impar
582 3319 593 3335 ,
629 3301 768 3337 aequitare
794 3302 826 3329 ln
858 3299 1005 3332 arundine
1028 3297 1136 3341 longa,

262 3347 355 3390 qudm
373 3343 513 3387 personas
529 3354 631 3388 gerere
652 3349 685 3378 in
706 3345 831 3387 Ecclefia
852 3350 1029 3390 Magnatum
1049 3372 1056 3380 .
1094 3347 1135 3380 Et

258 3394 341 3434 audi
351 3394 454 3432 rursus
463 3393 666 3428 confidentiae
676 3393 881 3432 Simoniam:
907 3399 947 3431 Ut
964 3394 1072 3441 scium
1094 3395 1133 3440 us

359 3442 465 3486 Cbrist.
470 3447 550 3490 Lupi
562 3446 768 3486 oper-Tom.V.

1130 124 1774 175 Tnorosinun.

1925 149 1940 177 1
1953 149 1982 192 7

1179 225 1234 256 que
1256 214 1302 246 ad
1334 225 1427 246 annos
1451 214 1555 247 vlriles
1591 222 1691 247 curam
1718 227 1810 258 agens
1837 216 2039 250 Titulatorum
2057 241 2068 259 ‚

1180 262 1322 306 universa
1343 270 1506 306 perciperet
1525 266 1673 297 commoda
1693 266 1863 299 titulorum.
1894 267 1937 299 Et
1952 266 1993 299 de
2013 267 2067 300 Ri-

1183 314 1280 347 cardo
1305 313 1507 348 Londinenfi
1523 314 1687 357 Episcopo
1698 315 1805 348 scribit
1823 313 2014 358 Radulphus
2028 316 2070 349 de

1185 363 1308 396 Diceto
1321 376 1333 396 .·
1357 363 1524 395 Richardus
1538 363 1723 405 Londinenfis
1735 363 1902 406 Episcopus
1915 366 2070 398 Richardo
2089 372 2123 401 A.
2154 380 2162 400 ι
2175 380 2182 398 ι
2190 371 2224 409 38
2240 391 2245 397 .

1178 412 1241 454 filio
1257 412 1375 453 fratris
1389 411 1439 455 sui
1463 412 1617 445 Waltberi
1637 414 1914 447 Archidiaconatum
1924 417 2046 456 conceffit
2059 441 2071 457 ‚

1183 464 1248 494 licet
1267 461 1435 494 Richardus
1460 463 1582 494 necdum
1600 462 1695 502 pubes
1711 465 1859 502 existeret.
1896 464 2072 497 Guilielmus

1187 515 1324 545 Decanus
1355 513 1536 551 Londom‘ae,
1562 513 1644 553 filius
1659 513 1906 547 adelmaesororts
1918 520 2072 548 memorati

1184 561 1334 603 Pontificis
1359 586 1370 602 ‚
1392 562 1536 603 praedic‘lo
1559 561 1710 594 Richardo
1728 561 1847 601 stallum
1863 565 2016 606 affignavit
2039 570 2074 597 m

1183 610 1279 644 Cboro
1296 636 1306 651 ,
1329 610 1428 654 sedem
1450 618 1483 644 in
1507 613 1646 652 Capitulo
1661 636 1668 643 .
1695 611 1740 645 Et
1761 622 1837 646 ecce
1851 612 1961 646 denuo
1972 614 2076 648 confi-

1185 661 1331 695 dentiam
1355 687 1362 693 .
1403 660 1561 695 Richardi
1583 661 1672 695 enim
1703 661 1857 705 Episcopi
1881 662 2076 705 Capelianus

1187 712 1292 756 Hugo
1314 711 1446 745 interim
1471 710 1708 745 administravit
1732 710 2077 753 Archidiaconatum,

1187 762 1221 796 &
1233 772 1331 804 puero
1342 761 1517 801 custodivit
1529 774 1538 804 3
1565 761 1687 804 juratus
1699 762 1757 794 suo
1767 771 1912 805 tempore
1933 762 2077 797 restitue-

1187 824 1237 845 re.
1267 811 1393 845 Verum
1416 810 1505 854 quod
1528 811 1659 845 interim
1689 811 1869 854 Episcopus
1882 823 2079 850 moreretur,

1188 860 1411 905 Tryphonem
1423 861 1838 905 Constantinopolivtanum
1852 861 2081 896 Patriarcham

1186 913 1334 946 imitatus
1358 911 1426 945 est.-
1455 910 1510 945 Ad
1532 910 1732 946 reddendum
1756 910 2078 946 Archidiaconatum

1187 961 1299 996 debuit
1324 959 1442 1004 judicis
1465 960 1666 997 authoritate
1688 961 1860 1006 compelli.

1237 1012 1291 1045 De
1311 1011 1429 1045 eodem
1453 1010 1553 1046 abusu
1579 1012 1720 1057 graviter
1740 1013 1885 1055 queritur
1907 1010 1942 1045 in
1964 1010 2083 1046 litteris

1188 1061 1229 1096 ad
1249 1061 1434 1095 Henricum
1456 1061 1680 1096 Senonensem
1694 1061 1989 1105 Archiepiscopum
2006 1062 2084 1097 San·

1190 1114 1258 1146 stus
1285 1111 1485 1145 Bernardus.
1514 1110 1773 1155 Episcopatum,
1798 1112 1943 1156 aliasque
1970 1110 2084 1146 Eccle-

1190 1163 1238 1196 fiae
1269 1160 1447 1206 dignitates
1479 1161 1541 1195 esse
1571 1174 1641 1196 non
1664 1160 1835 1197 dumtaxat
1862 1160 2025 1197 honorem
2050 1161 2086 1194 δε

1193 1211 1354 1257 gloriam,
1382 1211 1434 1245 sed
1460 1212 1561 1246 etiam
1586 1223 1719 1256 poenam
1743 1212 1871 1246 &onus
1882 1211 2087 1246 demonstrat

1194 1262 1387 1306 insigniter,
1413 1262 1446 1297 δε
1472 1263 1703 1306 prosequitur.-
1729 1266 1821 1296 Nunc
1842 1264 1915 1296 vero
1939 1266 2012 1304 quia
2017 1258 2087 1304 sola

1192 1313 1361 1346 attenditur
1380 1311 1479 1354 gloria
1492 1337 1502 1353 ,
1528 1314 1563 1346 ὁ·
1590 1324 1649 1346 non
1669 1321 1783 1355 poena,
1805 1320 1915 1354 purum
1924 1313 1978 1355 effe
1990 1311 2087 1345 Cleri-

1194 1373 1258 1395 cum
1283 1360 1460 1404 erubescitur
1488 1367 1521 1394 in
1545 1361 1672 1403 Ecclefia
1684 1387 1695 1403 ,
1719 1361 1810 1406 seque
1835 1362 1913 1396 viles
1937 1360 2087 1402 aestimant

1195 1413 1229 1443 (5
1257 1413 1394 1453 inglorios
1409 1433 1420 1448 ‚
1444 1415 1496 1451 qui
1520 1420 1697 1453 quocumque
1722 1416 1908 1444 eminentem
1917 1415 1950 1444 in
1959 1411 2015 1444 loco
2024 1421 2086 1444 non

1187 1459 1308 1500 fuerint
1326 1456 1499 1498 sublimati.
1526 1459 1678 1492 Scholares
1699 1465 1788 1499 pueri
1811 1482 1822 1497 ‚
1857 1461 1893 1493 ὁ·
1927 1459 2077 1493 imberbes

1194 1503 1398 1545 adolescentuli
1422 1504 1456 1535 ob
1478 1502 1636 1547 sanguinis
1669 1507 1850 1549 dignltatem
1869 1514 2086 1547 promoventur

1193 1554 1237 1586 ad
1263 1550 1474 1593 Ecclefiasticar
1501 1555 1687 1597 dignitates,
1713 1554 1971 1599 &desubfirula
1986 1554 2084 1599 trans*-

1187 1603 1329 1644 feruntur
1349 1603 1393 1634 ad
1408 1605 1642 1644 principandum
1667 1605 1851 1645 Presbyteri:
1874 1618 1882 1638 :
1927 1609 2080 1640 Laetiores

1191 1659 1331 1693 interim,
1357 1654 1437 1695 quod
1459 1659 1567 1697 virgas
1588 1653 1743 1699 evaserint
1763 1681 1774 1697 ‚
1801 1657 1894 1699 quaim
1915 1658 1995 1698 quod
2017 1667 2079 1690 me-

1190 1709 1301 1737 ruerint
1322 1709 1546 1745 principatum.
1575 1709 1642 1739 Nec
1666 1714 1732 1740 tam
1751 1707 1810 1739 illis
1837 1706 1994 1739 blanditur
2006 1708 2080 1740 ade-

1187 1763 1274 1797 ptum
1295 1778 1305 1793 ,
1340 1755 1430 1795 qua*m
1452 1755 1627 1797 ademptum
1655 1756 1856 1800 Magisterium
1880 1782 1886 1787 .
1928 1756 2080 1791 Blandos

1190 1802 1287 1838 hosce
1322 1803 1493 1838 leonculos
1529 1803 1671 1840 ostendit
1699 1805 1902 1849 pedetentim
1930 1807 2075 1840 crescere

1191 1855 1225 1888 in
1252 1853 1411 1887 terribiles
1439 1854 1572 1895 leones,
1601 1856 1656 1899 qui
1682 1866 1817 1890 omnem
1837 1855 2004 1890 devastent
2020 1856 2083 1889 Ec-

1193 1903 1268 1937 lefiae
1289 1902 1498 1937 substantiam
1525 1915 1563 1938 ae
1588 1904 1812 1950 disciplinam.
1842 1903 1960 1950 Longe
1973 1905 2084 1940 durio·

1193 1965 1239 1988 res
1256 1953 1475 1996 querimonias
1501 1955 1586 1989 misit
1611 1954 1652 1990 ad
1678 1957 1793 1991 nescio
1819 1967 1917 2000 quem
1931 1955 2088 1990 domesti-

1194 2015 1270 2039 cum
1297 2003 1467 2038 Praelatum
1494 2005 1637 2049 Eugenii
1665 2007 1753 2041 tertii
1779 2006 1978 2040 Pontificis:
2007 2009 2085 2039 Per·

1195 2053 1309 2096 transiit
1320 2058 1448 2098 Legatus
1470 2054 1581 2096 vester,
1610 2056 1796 2091 Cardinalis
1823 2056 1982 2099 Jordanus
2007 2055 2090 2090 How

1197 2104 1319 2139 stienfis
1347 2105 1547 2147 Episcopus,
1577 2107 1719 2150 degente
1740 2113 1772 2140 in
1787 2116 1932 2152 gentem,
1959 2108 1998 2140 de
2025 2110 2093 2140 Re-

1192 2166 1251 2197 gno
1277 2156 1322 2186 ad
1339 2154 1480 2194 populum
1505 2155 1630 2188 alterum
1644 2180 1654 2194 ,
1672 2156 1763 2197 foeda
1788 2160 1823 2192 (y
1836 2156 1987 2190 horrenda
2000 2155 2087 2197 vesti-

1194 2208 1248 2245 gia
1265 2201 1349 2242 apud
1368 2211 1421 2233 nos
1441 2199 1547 2241 ubique
1565 2206 1734 2244 relinquent
1750 2229 1757 2236 .
1785 2209 1810 2236 Δ
1833 2207 1933 2238 radice
1958 2205 2079 2246 Alpium

1198 2254 1232 2284 (ar
1252 2254 1351 2291 Regno
1374 2251 1593 2282 Teutonicorum
1614 2259 1669 2291 per
1694 2263 1792 2285 omnes
1826 2256 1903 2294 pene
1942 2251 2082 2294 Ecclelt‘as

1199 2303 1340 2333 Franciae
1366 2298 1400 2331 ὁ·
1426 2300 1624 2332 Normandiae
1637 2323 1648 2339 ,
1675 2302 1709 2334 Θ
1733 2307 1958 2345 circumquaque
1998 2308 2090 2337 circu·

1198 2354 1292 2384 miens
1315 2346 1402 2391 usque
1423 2347 1637 2394 Rotbomagum
1649 2374 1660 2390 ,
1686 2355 1737 2384 vir
1762 2351 1936 2394 apostolicus
1957 2353 2091 2394 replevit

1199 2409 1255 2433 non
1274 2398 1441 2441 Evangelio
1455 2423 1465 2438 ‚
1484 2396 1542 2440 sed
1551 2399 1705 2444 sacrilegio
1718 2425 1725 2433 .
1753 2404 1864 2443 Turpia
1869 2402 1972 2443 fertur
1982 2403 2086 2446 ubique

1196 2445 1353 2491 commififfe
1365 2471 1375 2486 ‚
1396 2445 1493 2489 spolia
1514 2449 1707 2491 Ecclesiarum
1718 2449 1874 2495 asportasse
1886 2476 1896 2492 ,
1909 2451 2086 2496 formosulos¹

1186 2517 1189 2522 ·
1194 2508 1298 2541 pueros
1310 2504 1342 2532 in
1353 2496 1554 2538 Ecclefiassicis
1564 2498 1717 2533 bonoribus
1733 2525 1744 2541 ,
1767 2501 1819 2535 ubi
1828 2508 1929 2544 potuit
1939 2527 1949 2542 ,
1970 2511 2088 2545 promo-

1185 2549 1290 2592 visse,
1315 2548 1365 2580 ubi
1385 2559 1442 2580 non
1459 2555 1579 2589 potuit,
1607 2551 1728 2594 voluiffe
1747 2575 1753 2582 .
1795 2553 1887 2585 Multi
1901 2551 1935 2595 se
1956 2554 2088 2587 redeme-

1196 2607 1289 2638 runt,
1314 2608 1352 2630 ne
1375 2602 1491 2632 veniret
1519 2600 1564 2631 ad
1586 2611 1650 2632 eos.
1681 2602 1734 2634 Ad
1749 2612 1821 2643 quos
1841 2608 1999 2644 pervenire
2024 2614 2084 2636 non

1192 2652 1313 2691 potuit,
1337 2654 1435 2691 exegit
1461 2650 1495 2682 (τ
1518 2649 1634 2687 extorsit
1655 2658 1710 2691 per
1732 2657 1850 2684 nuntios
1864 2676 1872 2684 .
1899 2656 1935 2684 In
1950 2651 2060 2685 Scholis
2074 2675 2089 2691 ‚

1196 2705 1228 2731 in
1249 2701 1369 2738 Curiis,
1394 2703 1426 2730 in
1447 2700 1472 2728 T
1473 2703 1561 2731 riviis
1579 2699 1720 2740 fabulam
1725 2699 1759 2742 se
1772 2699 1869 2742 ipficm
1873 2700 1968 2740 fecit.
2001 2702 2083 2743 Ejus

1197 2747 1337 2782 excessus
1354 2758 1528 2791 exaggerat
1547 2749 1582 2782 δε
1605 2748 1774 2783 concludit
1800 2761 1807 2781 :
1835 2753 1941 2793 Legite
1963 2751 2083 2783 litteras

1196 2797 1252 2830 bas
1271 2801 1397 2831 Domino
1417 2809 1500 2837 meo,
1525 2795 1587 2840 ipse
1609 2799 1711 2832 videat
1730 2798 1806 2840 quid
1830 2800 1867 2832 de
1891 2800 1950 2832 tali
1972 2798 2086 2833 bomine

1188 2847 1363 2890 faciendum
1378 2846 1434 2887 sit.
1461 2849 1527 2891 Ego
1551 2846 1682 2881 liberavi
1707 2854 1839 2882 animam
1862 2860 1977 2882 meam.
2008 2853 2082 2883 Dico

1196 2906 1295 2932 autem
1309 2902 1571 2939 praecipitatione,
1597 2909 1657 2941 qua
1677 2896 1754 2940 soleo
1768 2911 1778 2930 .·
1805 2898 1970 2939 Bonumest
1993 2905 2041 2940 ei,
2060 2896 2089 2940 fi

1193 2955 1298 2990 purget
1319 2945 1382 2990 ipse
1407 2951 1533 2980 Curiam
1543 2946 1630 2990 suam
1642 2971 1653 2988 ,
1677 2947 1755 2990 &fic
1767 2947 1869 2982 liberet
1882 2948 2088 2992 conscientiam

1192 2996 1276 3041 suam
1307 3021 1315 3029 .
1344 2998 1387 3031 Et
1408 2997 1473 3031 aeri
1496 2994 1558 3030 hac
1581 2998 1812 3032 admonitione
1834 3008 1944 3033 motus
1980 2998 2088 3044 Euge-

1199 3049 1269 3081 nius
1296 3046 1463 3080 laudatum
1490 3045 1676 3082 Innocentii
1705 3046 2088 3084 secundiCanonemin·

1198 3097 1353 3137 novavit,
1377 3107 1414 3131 ac
1440 3096 1497 3130 suo
1509 3096 1657 3131 Remenfi
1670 3096 1828 3132 Concilio
1842 3097 1976 3133 inseruit
1989 3123 1997 3132 .
2021 3097 2086 3134 Ve-

1198 3145 1267 3182 rum
1289 3147 1353 3180 fine
1377 3145 1475 3190 pleno
1497 3147 1598 3181 etiam
1621 3147 1755 3182 effectu.
1783 3147 1874 3182 Nam
1890 3148 1992 3183 exstat
2013 3159 2084 3183 non

1198 3195 1241 3230 ἰιὲ
1265 3195 1391 3231 dudum
1413 3195 1484 3240 post
1517 3196 1634 3240 scripta
1655 3196 1697 3231 ad
1720 3198 1943 3241 nescioquem
1962 3198 2085 3235 Roma·

1199 3257 1245 3279 nae
1263 3245 1407 3281 Ecclefiae
1432 3245 1644 3282 Cardinalem
1669 3247 1817 3291 Epistola
1840 3271 1851 3287 ,
1878 3259 1943 3293 qua
1970 3247 2082 3282 Petrus

1199 3295 1354 3332 Blesenfis
1372 3296 1429 3330 suo
1453 3305 1601 3340 tempore
1611 3298 1805 3341 grassantem
1820 3296 1907 3332 Cleri
1919 3296 2081 3332 ambitum

1199 3344 1278 3379 dure
1304 3346 1512 3390 perstringit,
1538 3345 1572 3379 δε
1597 3346 1770 3392 adjungit:
1796 3348 1892 3381 Hodie
1905 3353 1937 3380 in
1963 3344 2086 3388 Episco-

1195 3400 1231 3439 pi
1253 3396 1427 3438 dignitatem
1446 3394 1652 3439 adolescentuli
1669 3405 1883 3442 promoventur
1901 3398 1934 3429 &¹
1955 3395 2079 3478 c{millef-

1553 3445 1581 3480 B
1634 3456 1652 3493 3
1901 3445 1952 3479 Eo
1976 3453 2028 3481 em

2104 1242 2188 1284 Epist.
2206 1254 2255 1283 ῃ.

2110 2083 2195 2126 Epist.
2200 2097 2213 2116 2
2219 2097 2266 2125 90.

2104 3380 2184 3420 Epist.
2206 3391 2221 3413 2
2225 3392 2253 3420 3.
