2366 3756
575 224 1107 268 CONCILIUM
1180 218 1822 266 THOLOSANUM.

593 369 1780 459 CANON'V.

358 563 510 614 Tatuit
545 560 685 611 santia
720 559 921 628 Synodus
954 596 976 620 5
1001 573 1054 607 ut
1089 556 1120 605 fi
1155 558 1255 622 quis
1292 556 1569 606 Clericorum
1606 557 1621 615 ξ
1675 551 1968 623 adipiscendae
2002 553 2096 602 Ab-

390 634 520 682 batiae
558 630 681 681 causa
714 667 729 691 ,
764 630 1008 681 Monachus
1046 625 1223 677 effeetus
1261 626 1393 675 fuerit
1415 661 1427 685 ,
1469 628 1516 673 in
1551 623 1747 674 Abbatia
1781 621 1964 690 quidem
1999 629 2097 673 Mo-

271 705 435 753 nachus
471 718 725 772 permaneat
761 738 774 762 ,
808 699 883 750 sed
918 700 974 749 ad
1010 696 1149 765 ipsum
1186 697 1399 746 honorem
1430 733 1443 756 ‚
1479 694 1535 744 ad
1571 713 1706 762 quern
1742 692 1930 762 spirabat
1955 728 1969 753 ‚
2004 694 2096 741 nul-

272 771 671 840 latenusvaccedat
705 808 719 832 ,
754 771 877 838 quod
913 771 944 819 fi
979 765 1286 838 praesumpserit
1316 802 1330 826 ,
1370 767 1798 830 excommunicetur.

1972 230 2032 274 25

457 903 965 948 SenotioN.

379 1048 475 1083 Escio
495 1048 584 1093 quod
611 1049 647 1081 in
670 1047 819 1083 Sardinia
840 1046 1082 1082 Monasterium
1105 1056 1155 1079 va-

401 1099 488 1133 canti
513 1100 572 1133 suae
586 1098 780 1133 Praefet‘lurae
807 1109 874 1131 non
889 1096 1028 1131 habebat
1053 1097 1156 1140 perso-

272 1161 346 1183 nam
359 1149 514 1184 idoneam
530 1173 541 1188 ,
571 1148 712 1196 ideoque
723 1147 856 1182 aliunde
866 1147 1003 1182 debebat
1017 1146 1155 1190 postula-

270 1211 303 1233 re
318 1225 325 1232 .
352 1198 479 1233 Verum
502 1198 700 1242 postulatam
724 1199 895 1242 personam
910 1222 921 1238 ‚
939 1198 1014 1241 quia
1027 1196 1083 1230 fibi
1095 1196 1156 1230 uti-

270 1249 335 1283 lem
361 1274 372 1289 ,
398 1249 499 1294 gratis
526 1248 708 1283 concedere
736 1247 903 1282 recusabat
932 1248 1041 1281 nescio
1067 1244 1154 1290 quod

271 1299 362 1334 aliud
378 1298 621 1334 Monasterium
633 1323 643 1339 ‚
672 1308 770 1342 atque
784 1299 830 1332 ita
840 1298 881 1331 de
893 1295 953 1332 hac
965 1298 1037 1331 fasti
1052 1296 1156 1340 specie

103 1381 126 1398 h
147 1371 242 1408 (pust.
270 1349 438 1383 consultus
463 1349 570 1382 nescio
587 1358 708 1392 quotus
734 1346 820 1392 apud
833 1348 1032 1381 Gratianum
1043 1345 1155 1380 Ponti-

101 1419 228 1448 utare..
270 1400 324 1432 fex
343 1399 532 1433 Bonifacius
558 1399 734 1440 rescripfit:
762 1402 876 1430 Cavete
891 1397 1013 1436 fratres
1030 1420 1041 1435 ,
1065 1397 1156 1435 quum

264 1447 303 1489 fit
331 1448 498 1490 ambIguum
523 1445 734 1486 quodpemstis
750 1444 894 1485 confilium
907 1466 918 1482 ‚
941 1446 1022 1486 quod
1041 1444 1157 1484 quidem

272 1494 429 1538 secundum
453 1494 557 1533 vestrae
568 1495 738 1525 voluntatis
755 1492 934 1531 propostam
944 1495 1030 1523 nulla
1036 1498 1154 1522 inveni-

277 1554 341 1576 mus
365 1548 480 1573 ratione
516 1541 719 1581 confirmatum
743 1542 990 1578 ..Verumtamen
1003 1537 1035 1577 fi
1050 1537 1156 1577 vestrae

277 1591 429 1631 neceffitati
450 1591 522 1623 adeo
543 1587 580 1627 est
592 1596 771 1630 opportunus
792 1599 880 1630 quem
891 1587 1038 1628 reperistis
1050 1611 1060 1626 ‚
1085 1588 1156 1619 dum

274 1649 372 1674 tamen
385 1645 479 1673 omnls
501 1637 569 1679 obfit
589 1638 695 1679 patha
713 1662 723 1676 ‚
753 1643 849 1670 omnis
872 1638 952 1680 cesset
974 1642 1152 1678 conventio,

277 1692 419 1733 nullaque
432 1688 536 1730 vestrae
546 1686 740 1730 Ecclcss‘aefiat
762 1686 931 1728 dastraelio,
955 1689 1078 1721 accedat
1084 1699 1155 1731 gra-

276 1746 338 1781 tis,
353 1739 470 1785 servire
489 1741 551 1773 Deo
572 1744 700 1780 inctpiat
712 1763 723 1779 ,
746 1736 851 1781 ficique
870 1743 1024 1782 regimim:
1049 1739 1157 1771 devote*

274 1791 360 1837 gestet
381 1789 571 1834 obsequium,
597 1791 630 1823 <ff
637 1788 819 1830 postmodum
842 1799 897 1822 vos
911 1813 922 1828 ,
949 1784 1154 1831 quafisubfidii

274 1847 379 1888 ‘mia
393 1864 404 1880 ,
430 1841 548 1882 aliquas
555 1836 619 1881 suae
634 1836 764 1879 Ecclefiae
776 1848 901 1873 munera
908 1838 1156 1882 largirifratrum

279 1890 381 1935 solatio
398 1893 533 1923 Romana
539 1895 691 1931 permittit
702 1887 845 1928 Ecclefia.
860 1887 1066 1923 Postulatum
1080 1888 1157 1921 Mo-

277 1939 421 1977 nachum
436 1939 577 1974 declarat
593 1939 692 1983 gratis
704 1938 975 1973 concedendum:
1002 1937 1155 1986 Qodvis

274 1988 332 2025 hic
357 1991 481 2033 pastum
505 1989 637 2023 damnat
657 1989 697 2023 de
719 1988 886 2023 Simonia.
918 1989 1085 2035 Quocirca
1107 1989 1154 2022 uti

276 2040 518 2074 Monasserium
540 2039 557 2072 a
582 2037 823 2072 Monachando
845 2063 856 2079 ‚
883 2040 928 2074 ita
949 2037 1156 2073 Monachan-

1218 894 1318 939 gratis
1330 903 1496 938 acceptare
1507 920 1519 937 ,
1540 894 1597 930 ille
1609 896 1812 940 semetipsum
1826 894 1920 930 debet
1934 895 2033 941 gratis
2043 894 2101 929 do-

1219 955 1293 977 nare
1314 969 1321 975 .
1355 944 1510 989 Utraque
1530 947 1657 980 exafiio
1677 946 1724 981 est
1747 958 1841 990 aequae
1865 946 1988 990 leprosa
2010 970 2018 976 .
2045 944 2101 979 Et-

1217 995 1308 1028 enim
1321 994 1414 1029 illurn
1426 1020 1437 1036 ‚
1447 996 1505 1038 qui
1518 995 1723 1031 Monasterio
1736 1007 1793 1030 aut
1806 995 1951 1031 Ecclefiae
1963 995 2101 1039 seipsum

1218 1045 1277 1078 nifi
1291 1044 1348 1078 sub
1368 1046 1462 1079 c'ertis
1477 1046 1685 1089 pensionibus
1705 1057 1762 1081 aut
1779 1046 1986 1090 pastionibus
1996 1043 2101 1079 nollet

1219 1094 1342 1129 tradere
1366 1119 1377 1135 ,
1405 1097 1479 1138 quis
1505 1095 1653 1141 ambigat
1677 1099 1740 1132 effe
1765 1096 1991 1131 Simoniacum
2018 1097 2030 1128 ἒ
2058 1095 2101 1128 Er.

1219 1145 1351 1186 quidem
1366 1143 1622 1180 Monachandus
1648 1147 1731 1180 nihil
1745 1146 1839 1191 possic
1862 1146 2024 1190 postulare
2036 1155 2104 1188 pre·

1219 1195 1331 1228 tiofius
1354 1219 1365 1235 ‚
1392 1195 1489 1240 quam
1512 1196 1612 1239 ipsam
1635 1195 1831 1231 Monasterii
1858 1196 2099 1230 Praefesturam.

1219 1242 1315 1278 Nihil
1338 1245 1414 1279 item
1438 1244 1549 1279 durius
1578 1246 1711 1291 exigere
1734 1245 1828 1290 possit
1840 1245 2101 1285 Monasterium,

1219 1294 1318 1337 quam
1330 1294 1421 1329 istIus
1435 1294 1632 1330 Praefecturae
1647 1296 1887 1341 suscipiendum
1898 1307 1984 1330 onus
1995 1320 2002 1327 .
2028 1295 2102 1328 Hu-

1218 1343 1358 1386 iusmodi
1381 1346 1569 1380 exactiones
1593 1347 1727 1389 praesens
1755 1347 1877 1382 Canon
1903 1347 2039 1381 damnat
2065 1354 2103 1378 ut

1220 1394 1443 1432 Simoniacas,
1472 1405 1529 1427 aut
1540 1405 1577 1427 ut
1603 1394 1644 1428 de
1654 1397 1804 1430 Simonia
1816 1397 1990 1438 suspectas,
2017 1394 2105 1428 ideo-

1220 1452 1282 1483 que
1304 1441 1396 1483 juxta
1419 1452 1631 1476 communem
1648 1442 1861 1478 Monachalis
1883 1445 2039 1478 Simoniae
2059 1444 2107 1477 le·

1217 1500 1294 1530 gem
1306 1489 1411 1520 sancit
1424 1490 1530 1522 valere
1540 1491 1772 1531 profeffionern
1783 1515 1794 1531 ,
1817 1493 1851 1524 ἃ
1861 1491 2016 1533 adjectam
2027 1504 2106 1527 con-

1217 1534 1380 1569 ditionem
1403 1560 1415 1576 ‚
1443 1537 1493 1570 uti
1522 1546 1651 1578 turpem
1683 1550 1722 1573 ac
1749 1539 1939 1574 damnatam
1957 1565 1968 1581 ,
2005 1539 2106 1576 habet

1218 1596 1276 1628 pro
1296 1596 1366 1619 non
1390 1584 1530 1629 adjecta.
1557 1586 1667 1629 Eum,
1693 1589 1751 1632 qui
1774 1588 1928 1633 profeffus
1956 1592 2058 1634 ipsam
2071 1592 2106 1624 in

1218 1636 1248 1668 se
1268 1634 1439 1679 adimpleri
1465 1637 1663 1679 permiserit,
1688 1639 1794 1682 privat
1821 1639 2008 1675 Christiana
2020 1652 2109 1675 com-

1219 1686 1402 1721 munione.
1431 1685 1533 1732 Qdd
1557 1687 1663 1731 ipsum
1692 1688 1727 1723 in
1741 1690 1803 1724 isto
1813 1690 1933 1725 eodem
1946 1691 2108 1735 relinquat

1221 1735 1451 1777 Monasterio,
1477 1737 1523 1771 est
1550 1738 1719 1783 fingularis
1754 1741 1857 1785 gratia
1884 1753 1891 1772 ι
1920 1742 2108 1777 Simoniace

1220 1787 1309 1820 enim
1332 1786 1507 1831 ingreffum
1530 1787 1739 1824 Monachum
1763 1791 1897 1832 antiqua
1912 1791 2042 1836 Regula
2058 1792 2110 1835 ju.-

1220 1835 1275 1869 bet
1301 1837 1335 1869 in
1361 1837 1453 1871 aliud
1479 1837 1616 1873 strictius
1651 1839 1892 1874 Monasterium
1920 1841 2104 1884 deportari.

1222 1885 1343 1920 Noster
1355 1887 1475 1921 Canon
1488 1889 1635 1932 loquitur
1656 1890 1691 1924 in
1705 1890 1790 1924 solos
1804 1889 1971 1926 Clericos:
1999 1890 2108 1940 Qod

1220 1935 1381 1979 ejusmodi
1405 1946 1488 1972 artes
1512 1939 1699 1975 &ambitus
1723 1940 1806 1975 laica
1817 1941 2004 1985 {implicitas
2026 1953 2107 1976 tunc

1219 1986 1400 2031 ignoraret.
1428 1987 1526 2022 Plura
1548 1989 1686 2027 dicenda
1704 1991 1778 2026 suut
1805 1991 1991 2028 adsimilem
2003 1992 2108 2028 Nico.-

1222 2035 1265 2072 lai
1279 2036 1412 2076 secundi
1435 2039 1609 2079 Canonem
1622 2066 1629 2074 .

279 2088 341 2125 dus
353 2089 370 2123 a
380 2088 584 2126 Monasterio
595 2085 678 2124 nihil
691 2087 796 2134 potest
807 2088 948 2138 exigere:
961 2089 1039 2127 Hoc
1050 2089 1156 2137 ipsum

1201 2214 1378 2223 ——.-—-

565 2298 1814 2386 CANONVI.

345 2484 460 2532 Tem
494 2480 694 2549 decrevit
729 2518 742 2542 ,
778 2498 826 2531 ut
862 2481 1057 2532 Abbates
1091 2500 1239 2532 curam
1275 2483 1589 2532 Monachorum
1626 2489 1669 2534 &
1703 2487 2105 2543 Monasteriorunh

379 2568 613 2602 exerceant
648 2590 662 2613 ,
699 2556 741 2601 &
777 2555 837 2602 eis
872 2557 1034 2602 victum
1069 2557 1112 2601 &
1147 2554 1350 2603 vestitum
1380 2590 1394 2614 ,
1429 2553 1666 2605 secundum
1705 2560 1923 2621 Regulam
1962 2567 2102 2613 SanCti

281 2622 502 2673 Benedicti
536 2622 756 2691 praebeant
791 2659 804 2684 ,
839 2627 883 2672 &
919 2625 1005 2672 hoc
1042 2639 1223 2685 agentes
1251 2661 1265 2684 ‚
1299 2627 1520 2691 proprium
1556 2643 1630 2675 eos
1666 2627 1822 2679 habere
1857 2633 2102 2683 nullatenus

280 2696 538 2763 permittant
573 2729 586 2740 .
634 2693 718 2760 Ipfi
766 2693 875 2742 vero
910 2694 1123 2742 Monachi
1169 2692 1329 2761 absque
1362 2696 1589 2744 voluntate
1624 2697 1814 2746 Abbatis
1850 2704 2101 2768 Praepofitu-

283 2781 373 2812 ram
410 2764 602 2831 aliquam
638 2781 726 2812 non
762 2779 961 2813 teneant.
999 2762 1151 2812 Abbas
1187 2780 1328 2814 autem
1365 2766 1437 2815 vel
1473 2765 1715 2816 Monachus
1751 2769 1828 2819 has
1864 2771 2100 2823 institutio„

285 2851 363 2883 nes
397 2836 665 2897 corrigentes
701 2870 715 2895 ,
752 2831 778 2884 ὲ
813 2837 1000 2902 propriis
1036 2837 1308 2898 corrigantur
1343 2834 1600 2904 EpiscopiS.

1221 3003 1392 3041 quicumque
1415 2999 1616 3033 abbatizandi
1640 3002 1770 3035 culmem
1780 3002 1946 3048 efflagitat,
1974 3005 2098 3046 ntbtlest

1223 3050 1308 3082 allud
1318 3075 1328 3090 ,
1354 3049 1411 3091 nisi
1416 3052 1494 3092 quod
1502 3049 1676 3084 Monachum
1687 3054 1768 3085 velut
1781 3055 1966 3094 importabile
1975 3058 2097 3097 pondus

1222 3104 1330 3140 quaerit
1351 3100 1498 3140 abjicere,
1525 3102 1559 3134 ὁ·
1572 3111 1608 3133 ne
1629 3101 1768 3145 Apostnta
1790 3104 1952 3143 videatur,
1974 3104 2028 3146 sub
2044 3106 2097 3147 fu·

1223 3158 1286 3181 cato
1306 3148 1340 3192 se
1353 3151 1422 3183 vult
1443 3151 1531 3183 colore
1544 3154 1710 3193 Reglmlnis
1725 3152 1850 3194 pultare
1866 3179 1872 3186 .
1901 3155 2044 3189 Videlicet
2063 3164 2097 3189 ut

1220 3200 1300 3238 ptyfit
1319 3200 1411 3233 latere
1429 3207 1600 3241 peccatum,
1630 3202 1820 3235 Praelationis
1842 3210 1987 3245 quaeritur
2010 3217 2096 3249 argu-

1224 3257 1352 3281 mentum
1374 3263 1384 3282 .-
1415 3253 1462 3282 Et
1483 3248 1594 3291 vitiosa
1615 3257 1691 3284 cutis
1713 3252 1871 3291 Pastoralis
1894 3255 1975 3295 officii
1992 3253 2098 3297 super-

1225 3297 1361 3337 ducitur,
1386 3309 1420 3332 ut
1438 3298 1593 3341 perversae
1615 3307 1725 3334 mentis
1745 3304 1842 3345 plaga
1865 3313 1928 3335 cum
1950 3303 2040 3345 virofi
2040 3313 2096 3345 pu-

1224 3352 1262 3379 tis
1266 3345 1425 3387 foetoribus
1445 3349 1618 3382 occultetur.
1647 3351 1768 3394 ,Quibus
1780 3358 1919 3385 nimirum
1943 3355 2014 3395 apte
2034 3364 2095 3385 con-

478 3000 972 3045 SCHOLION.

286 3142 517 3227 Miseram
538 3143 704 3180 Abbatum
729 3147 815 3181 circa
842 3147 1002 3190 praesentis
1031 3149 1159 3193 Synodi

424 3203 567 3235 tempora
577 3196 678 3230 vitam
700 3196 863 3242 eleganter
874 3197 1022 3241 depingit
1036 3198 1071 3232 in
1088 3200 1160 3243 Epi-

285 3243 365 3277 stola
397 3243 437 3279 ad
464 3243 573 3276 nescio
595 3255 690 3286 quem
716 3247 933 3290 spontaneum
956 3247 1158 3284 Exabbatem

285 3294 417 3327 Sanctus
428 3292 542 3326 Petrus
553 3293 727 3329 Damiani:
756 3300 814 3329 Dic
826 3299 943 3337 Pater,
969 3299 1106 3332 videlicet
1127 3308 1160 3332 ut

284 3351 423 3384 expertus
440 3367 451 3383 ,
477 3348 545 3384 quis
565 3342 656 3386 potest
669 3343 719 3378 hoc
720 3345 820 3386 ferreo
836 3345 941 3389 saeculo
953 3348 1158 3388 nonasterium

279 3392 342 3433 fine
359 3391 408 3435 sui
418 3397 524 3432 capitis
542 3395 670 3432 periculo
693 3405 789 3438 regere
802 3420 812 3436 ,
839 3399 896 3429 ima
918 3402 983 3438 quis
991 3398 1083 3439 potest
1094 3409 1161 3431 cum
1221 3405 1306 3440 grutt
1330 3398 1406 3431 illud
1423 3400 1637 3443 Evangellcum
1650 3414 1661 3434 .-
1688 3405 1743 3434 Vae
1761 3402 1845 3434 vohis
1866 3426 1877 3441 ‚
1902 3409 1972 3444 quia
1984 3401 2092 3442 fimiles

288 3442 402 3475 abbate
417 3441 507 3483 simul
523 3442 743 3476 &Monachum
759 3445 919 3485 poffidere?
944 3449 1018 3479 Mox
1035 3454 1115 3481 enim
1130 3456 1162 3480 ut
1225 3445 1291 3486 estis
1312 3443 1473 3487 sepulchris
1512 3450 1660 3482 dealbatis
1686 3476 1692 3483 .
1728 3453 1903 3491 Praecipttur
1928 3450 2091 3493 Monacbo‚

286 3496 352 3533 quis
378 3491 551 3532 Abbasfim'
576 3497 679 3533 incipit
697 3517 706 3533 ,
732 3493 892 3529 Monachus
905 3497 954 3538 (Ue
966 3495 1090 3538 desistit:
1118 3501 1162 3530 Et
1226 3505 1259 3529 ut
1283 3501 1427 3531 moriatur
1452 3499 1561 3531 mundo
1582 3510 1589 3529 :
1616 3501 1677 3532 Sed
1694 3510 1754 3540 qua
1779 3505 1891 3532 ratione
1916 3498 1967 3532 boc
1995 3500 2091 3535 abbas

383 3539 489 3580 Christ.
502 3544 578 3584 Lupi
589 3546 676 3585 oper.
687 3545 765 3578 Tom.
780 3547 812 3577 V.
1712 3547 1743 3581 C

106 3312 135 3337 L<
158 3313 184 3338 6.

113 3347 194 3385 [pist.
218 3357 242 3383 5.

1953 3550 2046 3583 adlm-
