2366 3756
67 1596 98 1623 A.
113 1597 182 1634 333⁰

906 142 1391 187 DICTATUS.

246 231 308 266 dus
326 230 368 265 de
385 221 444 262 ista'
467 225 625 271 synodo,
649 226 688 260 in⁴
707 237 783 273 qua¹
800 225 835 259 &
855 225 943 267 ipse,
969 224 1003 262 ὅτ
1030 222 1126 267 Ebbo

246 279 438 324 Romalis,
463 279 498 313 ὃς
521 278 577 314 alii
602 276 785 311 Galliarum
804 275 958 322 Episcopi
981 273 1124 327 Ludovi-

244 342 320 365 cum
335 329 433 367 Pium
445 329 678 373 Imperatorem
688 328 740 371 'ac
753 325 879 369 Regem
892 333 1073 368 coegerunt
1084 323 1124 357 ad

243 381 411 425 publicam
423 379 650 426 poenitentiam
659 378 678 422 ·,'
696 375 792 411 arinis
817 374 851 408 δε
865 372 998 413 baltheo
1010 373 1127 408 discin-

242 441 359 468 xerunt
380 456 392 473 ‚
418 429 515 474 atque
541 424 586 463 ita
623 424 844 473 degenerarunt
867 449 876 458 .
915 423 960 463 Et
982 426 1125 468 >quidem

227 487 311 517 ·no'n
324 482 370 517 ob
381 468 800 520 causam'Ecclefiast‘ica'm,
828 474 883 515 sed
895 473 940 510 o‘b
963 475 1069 509 varios
1089 475 1124 508 in

242 532 353 578 Regni
391 527 841 576 administratione-excessus
865 549 876 566 ,
911 526 945 560 δε
983 523 1125 576 Iudithae

241 574 461 626 Imperatricis
482 584 559 614 cu'm
577 575 743 617 Beruardo
767 575 966 615 Tholosano
990 574 1125 609 Comite

240 633 416 680 suspeetam
435 629 726 669 consuetudinem,
751 625 793 661 de
807 637 871 670 qua
895 623 982 669 apud
994 623 1126 669 Stepha-

240 683 277 719 ni
306 680 433 715 Baluzii
469 681 505 714 in
533 677 750 725 Agoba'rd'um
787 686 883 711 noras
907 674 1019 719 'scribit
1046 675 1126 711 Odo

242 731 431 766 Aribertus:
463 732 560 763 Filius
581 728 738 767 Bernardi
756 728 848 775 vulgo
870 726 1044 765 credebatur
1060 732 1127 777 ‘Ca-

240 783 320 815 rolus
335 780 474 821 Calvus,
500 779 701 825 Francorum
724 776 801 818 Reiz
820 800 830 817 ,
855 778 889 811 Θ·
909 789 939 809 os
959 779 1026 820 eJus
1052 777 1127 815 miro²

234 830 361 878 ferebat
383 856 395 875 ‚
420 840 532 874 natura
569 830 746 877 adulterium
771 825 943 863 maternum
960 827 1120 877 prodente,

241 882 364 930 Qiam-
381 879 552 924 infamiam
574 879 792 924 exstinguere·
806 879 933 922 sperans
965 876 1126 926 Carolus,-

239 930 444 968 Bernardum
469 928 596 973 propria
617 941 719 970 manu
740 926 853 963 doloso
880 937 995 969 contra
1015 927 1126 965 datam

240 981 340 1015 fidem
351 978 512 1017 Tholosae
525 978 735 1017 obtruncavit
743 1003 750 1010 .
763 991 769 998 f
780 977 868 1017 Aliis
876 977 976 1022 etjam
998 975 1126 1014 excessi,-

239 1030 302 1066 bus
314 1022 648 1067 Bernardu's‘foed'aba't
670 1027 852 1067 Palatium.
880 1024 1046 1067 [udovici
1069 1026 1126 1059 cri÷

241 1091 318 1118 men
333 1089 401 1117 erat
413 1104 425 1121 ,
450 1078 541 1124 quod
553 1077 694 1113 n'im‘iu'm
710 1076 821 1113 mollis
841 1077 900 1111 ista
925 1088 994 1111 non
1018 1075 1126 1125 crede-

237 1141 312 1170 ret,
338 1129 488 1165 autcerte
499 1129 732 1168 diffimularer,
759 1126 874 1162 &istis
885 1126 1033 1164 sordibus
1056 1129 1126 1166 non

240 1182 435 1225 expurgaret
451 1180 592 1225 Regiam
605 1178 740 1217 domum
753 1203 760 1210 .
789 1178 884 1211 Hinc
895 1175 966 1219 ejus
977 1187 1018 1228 ως
1040 1176 1125 1219 prio-

238 1231 266 1263 ri
279 1229 378 1268 thoro
405 1230 465 1268 filii
479 1229 662 1265 Lotharius
687 1241 726 1263 ac
737 1226 928 1265 Ludovicus
939 1224 1127 1265 detulerunt

242 1278 283 1313 ad
309 1281 491 1326 Episcopos
516 1303 526 1318 ,
567 1277 602 1311 hi
627 1279 733 1320 ipsum
771 1287 809 1313 ac
829 1275 923 1310 simul
948 1274 1126 1321 adulteram

241 1331 459 1366 trastaverunt
474 1328 539 1371 jam
554 1328 643 1362 disto
657 1327 781 1374 modo,
806 1326 839 1361 δε
854 1326 937 1361 hanc
961 1327 995 1360 in
1009 1327 1128 1365 Saniiae

239 1378 457 1423 Radegnndis
473 1378 660 1412 pictaviensi
672 1382 686 1418 ³,
712 1376 806 1411 illum
831 1377 867 1411 in
877 1374 1128 1419 SanstiMedar-

239 1429 272 1461 di
299 1429 521 1465 Sveffionenfl
536 1427 744 1462 Monaste‘rio
779 1427 819 1464 ad
831 1437 1017 1470 perpetuam
1029 1426 1128 1470 poeni-

240 1479 378 1512 tentiam
392 1479 575 1515 clauserunt
589 1503 596 1511 .
624 1477 730 1522 Large
741 1476 806 1511 haec
819 1476 927 1515 videre
939 1477 1036 1524 po‘ffis'
1044 1474 1129 1524 apud

240 1529 351 1563 varios
371 1528 602 1571 Francicarum
624 1530 735 1561 rerum
748 1525 944 1570 Scriptores.
970 1525 1024 1558 De
1039 1523 1129 1558 dietis

236 1576 316 1614 filiis
342 1571 376 1613 &
391 1577 656 1622 conspirantibus
669 1577 842 1620 Episcopis
854 1575 963 1609 scribit
982 1572 1130 1626 Ludovh

238 1627 490 1670 ci'A-flrelogus
507 1640 515 1663 ;
547 1626 737 1668 Βᾱνὴῆαειὶὶη
763 1628 800 1661 5&
815 1622 1024 1666 abftntemst&
1038 1624 1129 1663 ‘inau-

239 1677 359 1717 ditum,
387 1685 479 1718 neque
501 1671 703 1716 confitentem,
729 1685 820 1717 neque
843 1672 1008 1719 conviigum
1020 1695 1031 1711 ‚
1057 1680 1129 1710 ante

238 1735 340 1768 corpus
354 1726 455 1759 saneti·
471 1726 612 1759 Medardt'
621 1724 797 1767 Confefforis
819 1736 904 1756 arma
927 1722 1070 1773 deponere
1082 1732 1130 1754 *co-

233 1786 312 1822 gunt
328 1800 338 1816 ‚
361 1778 502 1817 pullaque
521 1775 597 1815 veste
610 1774 750 1810 indutum
764 1798 774 1814 ,
798 1773 940 1806 adhibita
962 1784 1074 1817 magna
1087 1783 1130 1805 cu-

235 1826 336 1868 stodia
346 1848 356 1864 ‚
377 1824 434 1869 sub
447 1824 556 1861 tellum
569 1825 719 1867 quoddam
732 1823 892 1860 detrudunt
905 1848 912 1855 .
942 1821 1074 1868 Utique
1087 1822 1128 1873 ad

240 1886 430 1920 perpetuam
456 1887 494 1909 ac
507 1873 754 1912 irrevocabilem
771 1874 1002 1918 poenitentiam
1016 1898 1024 1905 .
1052 1869 1130 1917 Epi-

241 1925 367 1967 scopale
401 1924 675 1961 exauctorationis
708 1924 886 1960 Decretum
924 1923 968 1957 fic
1007 1921 1104 1958 habe't
1117 1937 1128 1956 .-

240 1974 307 2015 Post
315 1980 474 2007 criminum
485 1973 680 2016 confesfionem
694 1979 715 2014 ‚¹
731 1974 901 2018 chartulam
919 1973 1039 2020 suorum
1063 1985 1128 2007 rea-

237 2035 323 2058 tuum
347 2025 381 2061 i&
392 2024 562 2067 conf'effionis
578 2048 589 2064 ,
614 2023 799 2066 obfuturam
810 2029 980 2065 memoriam
991 2048 1003 2065 ‚
1028 2021 1127 2060 Sacer-

1129 573 1134 585 t

237 2075 354 2109 dotibus
366 2076 537 2111 Ludovicus
552 2073 706 2115 tradidit',
732 2087 824 2118 quam
854 2073 1013 2116 ipfi'super
1025 2074 1136 2106 Altare'
1153 2100 1155 2104 ,

234 2123 397 2169 posuerunt
415 2150 426 2166 ,
451 2135 486 2158 ac
498 2125 604 2157 deinde
616 2125 765 2166 cingulum
775 2124 892 2155 militiae
912 2122 1043 2164 deposuit
1054 2145 1064 2161 ‚
1092 2124 1126 2158 er

232 2174 324 2220 fiaeper
339 2176 444 2208 ,Altare
455 2175 607 2207 collocavit
622 2195 632 2211 ,
663 2173 697 2204 Θ
715 2171 818 2205 habitu
830 2169 931 2212 saeculi
940 2168 971 2214 se
993 2181 1104 2206 exuens
1114 2195 1125 2211 ‚

239 2224 375 2256 habitum
407 2225 589 2254 Poenitentis
634 2229 691 2267 per
743 2219 947 2262 impositionem
985 2231 1126 2254 manuum

239 2270 450 2314 Episcoporum
477 2269 606 2315 suscepit
626 2295 637 2311 ‚
676 2280 711 2307 ut
729 2269 792 2313 post
827 2278 946 2304 tantam
980 2272 1126 2313 talemque

234 2326 442 2365 paenitentiam
477 2331 560 2354 nemo
591 2319 674 2353 ultra
703 2321 747 2354 ad
784 2320 924 2353 milltiam
950 2318 1125 2363 saecularem

239 2373 359 2406 redeat.
390 2371 470 2405 Istos
483 2370 661 2416 Episcopos
675 2370 786 2404 nullus
804 2380 958 2412 umquam
973 2371 1100 2404 notavit
1112 2394 1123 2410 ‚

240 2422 329 2466 quod
341 2420 399 2456 sibi
413 2420 606 2464 potestatem
622 2419 840 2463 usurpassent,
866 2419 919 2455 sed
948 2419 1122 2456 dumtaxat
1147 2443 1149 2451 ,

240 2471 331 2515 quod
355 2472 456 2515 ipsam
478 2471 544 2504 fine
572 2469 723 2514 legitima
741 2470 835 2504 causa
847 2471 1062 2505 exercuissent
1086 2471 1119 2504 in

240 2522 437 2554 innoxium.
464 2518 654 2553 Ludovicus
674 2520 764 2554 enirn
787 2518 833 2553 de*
847 2519 974 2554 cunstis
996 2520 1059 2553 suis
1069 2531 1123 2553 ex-

240 2571 376 2605 ceffibus
398 2577 507 2615 egerat
528 2571 680 2605 secretam
703 2569 951 2612 poenitentiam,
980 2569 1122 2613 ideoque

193 2618 195 2623 ’
240 2621 280 2654 ad
295 2618 459 2662 publicam
482 2629 549 2652 non
576 2627 700 2661 poterat
711 2620 804 2663 cogi:
834 2621 987 2662 ‚Quoniam
1012 2623 1122 2655 Foren-

240 2669 287 2713 ses
312 2669 384 2712 leges
396 2677 496 2704 contra
506 2680 598 2702 unam
609 2668 726 2710 culpam
759 2669 805 2703 bis
818 2680 874 2702 non
893 2668 1039 2703 invehunt
1051 2694 1062 2710 ,
1087 2672 1122 2704 Θ*

244 2718 339 2759 nostra
348 2718 395 2753 lex
407 2717 495 2754 habet
506 2718 551 2753 bis
563 2720 762 2761 nonjudicari
773 2719 919 2752 delicium.
953 2714 995 2754 Et
1008 2718 1049 2753 ad
1060 2721 1121 2754 Ni·

245 2768 374 2803 colaum
385 2767 583 2803 Pontificem
603 2767 643 2804 de
655 2766 814 2803 Lothario
841 2780 877 2803 ac
889 2768 1064 2806 Ludovico
1085 2770 1120 2804 fi·

246 2819 298 2852 liis
318 2818 437 2862 scripsit
449 2818 631 2852 Tricaffina
652 2819 827 2862 Synodus:
854 2823 892 2852 Ut
911 2821 1016 2861 populo
1028 2821 1120 2854 credi-

246 2869 302 2901 bile
309 2869 397 2912 posset
407 2866 492 2911 fieri,
518 2869 599 2910 quod
616 2872 718 2903 merito
724 2868 830 2912 fuerat
851 2871 871 2902 ἃ
891 2873 993 2914 Regno
1015 2871 1119 2912 expul-

243 2918 296 2961 sus
327 2944 338 2960 ,
382 2924 415 2953 in
447 2922 658 2959 Imperatorem
678 2921 815 2961 quaedam
851 2926 976 2954 crimina
998 2919 1119 2965 confiAEa

238 2968 366 3010 fuerunt
385 2991 395 3005 ‚
432 2976 527 3014 atque
559 2967 602 3001 ita
637 2967 678 3001 ad
699 2969 862 3012 publicam
890 2971 1117 3014 poenitentiam

245 3017 484 3051 fuitaddistus.
512 3017 908 3060 lniquiffimaesententiae
927 3021 1026 3056 etiam
1052 3021 1118 3065 ipse

244 3067 436 3101 Ludovicus
449 3067 510 3100 fuit
525 3067 609 3102 adeo
625 3079 790 3110 reverens,
817 3081 853 3105 ut
879 3069 1118 3116 RegniProce·

244 3117 354 3157 ribus,
381 3116 479 3160 ipsam
502 3127 570 3150 non
584 3116 775 3161 Episcopale
805 3120 984 3163 judicium,
1011 3121 1118 3156 sedla·

245 3166 404 3202 trocinale
416 3167 601 3201 convitium
623 3168 868 3205 asseverantibus
880 3196 890 3210 ‚
920 3171 1060 3215 ideoque
1072 3182 1119 3205 ar·

243 3227 374 3251 morum
401 3228 438 3251 ac
466 3217 658 3251 diadematis
679 3219 931 3264 resumptionem
957 3222 1113 3256 suadenti-

245 3267 305 3300 bus
317 3291 327 3307 ‚
354 3268 552 3311 acquiescere
567 3278 633 3300 non
658 3269 902 3312 praesumpserit.
926 3276 1092 3314 Imperator
1105 3297 1115 3312 ,

245 3317 353 3360 inquit
368 3317 517 3352 laudatus
530 3316 705 3361 Apologus
715 3340 726 3356 ,
750 3330 929 3362 quamquam
944 3323 1027 3357 modo
1039 3322 1116 3357 dieo

245 3367 377 3408 Ecclefiae
387 3372 583 3402 communione
595 3366 704 3408 ejec'lus
717 3368 782 3410 efflet
793 3394 804 3409 ,
828 3378 928 3404 tamen
947 3380 1115 3415 praeprope·

242 3427 287 3450 ω
299 3416 471 3461 acquiescere
480 3416 639 3462 sententia·
650 3441 661 3459 ,
689 3418 724 3452 et
746 3424 777 3451 in
800 3419 925 3463 Ecclefia
944 3420 1113 3467 Epzftopalt

1868 88 1904 110 ’ἢ

1903 162 1929 192 2
1939 163 1964 193 2
1976 163 1995 206 5

1189 224 1349 267 Ministerio
1359 225 1539 262 reconciliari
1547 251 1558 268 ,
1584 226 1619 261 ὁ·
1628 225 1667 259 ab
1679 226 1834 271 Epist-opis
1846 226 1959 272 rursum
1968 235 2063 264 armis

1170 317 1171 321 Ἰ
1189 281 1300 319 accingi
1320 275 1415 308 voluit
1439 300 1447 308 .
1475 276 1519 311 Et
1541 277 1683 317 materiae
1707 278 1740 311 δε
1760 279 1870 313 formae
1890 281 1983 314 causa
2003 280 2064 322 ini-

1168 363 1172 407 ,ἓ

1167 408 1172 451 ⁴1

1309 1425 1344 1465 in
1379 1424 1507 1465 nodum
1531 1428 1608 1462 torti
1632 1454 1639 1461 .
1676 1427 1722 1461 Et
1743 1429 1779 1463 in
1801 1426 1984 1468 Ezechielis
2004 1428 2082 1463 Pro-

1183 1474 1297 1518 -phetae
1320 1474 1577 1509 Commentariis
1613 1477 1748 1514 Sanctus
1767 1479 1996 1522 Hieronymus
2007 1479 2082 1513 scri-

1190 336 1287 368 quam
1300 332 1397 370 atque
1408 324 1531 364 nullam
1542 328 1738 362 sententiam
1751 328 1793 365 ab
1814 328 1887 372 ipsis
1909 329 1976 363 istis
1987 330 2063 375 Epi-

1191 376 1296 418 scopis
1305 401 1316 417 ‚
1343 371 1398 416 aut
1411 376 1497 415 certe
1510 375 1528 414 ,ὲ
1539 377 1654 420 majori
1665 376 1802 421 synodo
1813 380 1923 413 caffiri
1935 380 2040 414 voluit
2051 404 2064 422 ,

1189 432 1286 469 atque
1309 426 1361 466 ita,
1373 434 1450 459 cum
1463 426 1517 459 sua
1530 427 1664 461 tandem
1677 439 1779 463 uxore
1801 429 1938 474 reparari
1952 430 1985 463 in
2000 430 2065 465 Re-

1189 485 1313 522 gnum⁷
1341 475 1385 511 Et
1395 474 1440 515 ita
1451 475 1593 514 omnino
1604 475 1666 510 fuit
1677 487 1854 521 reparatus.
1883 479 1937 521 De
1947 481 2065 522 cassau-

1189 526 1229 560 da
1238 524 1319 568 justa
1334 525 1493 566 sententia
1507 536 1605 560 nemo
1617 526 1668 562 vel
1681 524 1868 572 cogitasset.
2075 526 2080 529 “

1240 575 1408 611 Caesariem
1427 598 1439 614 ‚
1465 576 1660 618 cincinnos,
1683 577 1721 619 ’ὃς
1741 579 1843 612 cirros
1862 579 1946 614 alere
1971 583 2073 626 atque

1188 636 1304 659 ornare
1335 625 1440 659 cunffl
1479 625 1704 673 plerarumque
1726 628 1810 662 olim
1838 630 1989 674 gentium
2010 643 2068 665 no-

1189 674 1267 713 biles
1293 674 1527 718 praesertim‘ac
1552 676 1673 712 milites
1693 679 1947 720 consueverunt.
1974 679 2069 719 Hinc

1190 725 1223 760 in
1247 725 1466 764 Canticorum
1486 725 1631 762 Cantico
1647 749 1649 751 ·
1668 728 1766 762 etiarn
1801 729 1933 771 sponsus
1958 728 2070 765 laudat

1190 776 1264 810 suos
1286 774 1480 818 cincinnosi
1508 777 1553 811 Et
1575 776 1615 811 de
1634 775 1761 813 summa
1789 778 1944 813 Hanonis
1966 780 2070 825 Regis

1191 824 1462 868 Ammu‘nit'aru'm
1485 826 1520 860 in
1542 827 1649 862 Sancti
1669 823 1773 874 Regis
1794 827 1906 863 David
1927 829 2070 874 Legatos

1189 875 1306 918 injuria
1319 875 1418 911 habet
1439 877 1562 920 primus
1585 877 1666 917 liber
1684 877 1984 924 Paralipomenom
2010 888 2072 916 Ha·
2087 882 2158 920 Cap.
2172 892 2219 912 ιο.

1190 925 1248 958 non
1261 934 1369 968 pueros
1381 929 1492 966 David
1500 923 1672 970 decalvabit
1698 927 1733 964 ¹&
1745 929 1815 972 rafit
1825 956 1833 963 .
1862 929 1907 964 Et
1921 928 1962 963 de
1975 928 2073 973 Assy-

1190 974 1319 1011 riorum*
1326 976 1419 1021 Rege
1430 976 1671 1014 Sennacherib:
1699 978 1901 1023 Reversus'est
1911 990 1975 1014 cum
1995 985 2074 1023 igno-

1189 1030 1284 1068 minia
1294 1033 1327 1058 in
1337 1019 1447 1068 tc‘rfam
1451 1026 1542 1070 suam
1557 1052 1565 1061 .
1592 1030 1779 1074 Exponunt
1791 1028 1963 1070 Hebraicae
1986 1026 2074 1074 apud

1190 1077 1343 1110 Sanstum
1379 1076 1628 1122 Hieronymum
1667 1075 1859 1117 traditiones
1887 1094 1899 1115 .·
1934 1081 2075 1114 Tradunt
2092 1076 2166 1114 C²P=
2194 1084 2242 1113 32·

1190 1126 1307 1164 Hebraei
1331 1126 1378 1158 illi
1395 1135 1485 1169 caput
1519 1128 1553 1160 (Ὗ
1574 1128 1700 1166 barbam
1723 1130 1825 1174 rasam
1848 1130 1888 1164 ab
1910 1130 2016 1174 Angelo
2042 1134 2076 1168 in

1191 1181 1384 1219 ignominiam
1408 1201 1415 1208 .
1440 1176 1487 1216 ‘Et
1508 1175 1544 1211 in
1563 1177 1646 1211 libro
1668 1179 1709 1212 de
1721 1180 1868 1215 velandis
1881 1179 2078 1224 Virginibus

1191 1225 1421 1265 Tertullianus
1444 1231 1606 1267 memorat
1629 1227 1872 1265 Germanorum
1890 1229 2010 1270 cirros,
2036 1229 2079 1264 de

1192 1275 1306 1319 quibus
1320 1276 1353 1309 in
1377 1275 1488 1314 libello
1500 1277 1540 1318 de
1555 1278 1699 1321 ipsorum
1710 1279 1860 1318 moribus
1882 1279 1983 1313 etiam
1996 1276 2086 1313 Cor-'

1193 1325 1295 1365 nelius
1315 1325 1458 1360 Tacitus
1482 1339 1489 1358 ε
1538 1328 1650 1371 Insigne
1663 1335 1768 1372 gentis
1794 1330 1832 1371 est
1852 1329 2004 1372 obliquare
2023 1334 2082 1363 cri-
2095 1351 2185 1384 010,

1192 1387 1280 1414 nem,
1308 1376 1437 1418 nodoque
1454 1374 1653 1421 substringere
1666 1403 1673 1410 .
1702 1378 1790 1414 Cirri
1811 1379 1902 1413 enim
1924 1380 2001 1414 sunt
2013 1379 2081 1413 cin-
2180 1383 2182 1385 ’

1193 1524 1240 1560 bit
1260 1524 1329 1556 rasa
1349 1523 1455 1565 capita
1478 1523 1567 1557 Isidis
1592 1524 1631 1559 a'c
1651 1526 1810 1569 Serapidis
1829 1527 2056 1562 Sacerdotibus
2070 1552 2083 1568 ‚

1191 1571 1354 1605 dimissam
1377 1571 1454 1605 vero
1474 1572 1605 1611 comam
1622 1571 1686 1621 effe
1712 1576 1876 1620 propriam
1909 1578 2085 1612 militanti·

1191 1620 1251 1663 bus¹
1274 1635 1286 1661 >‚
1312 1620 1461 1656 Barbaris
1485 1647 1496 1663 ‚
1523 1631 1619 1666 atque
1641 1624 1809 1661 luxuriosis
1831 1652 1838 1659 .
1878 1627 1922 1661 Et
1951 1627 1988 1660 in
2013 1627 2083 1662 alio

1192 1671 1315 1705 ibidem
1330 1671 1428 1705 loco:
1456 1675 1626 1708 Calvicium
1651 1680 1759 1717 capitis
1780 1677 1877 1710 lullus
1889 1676 1927 1717 est
1941 1675 2079 1721 signum,

1190 1721 1310 1766 quando
1319 1722 1424 1763 perdit
1436 1723 1569 1757 decorem
1583 1723 1743 1768 caesaries,
1770 1728 1805 1761 ό·
1825 1726 2081 1769 pulchritudinem

1190 1782 1338 1817 smmum
1362 1771 1545 1819 amittimus‚
1574 1774 1619 1810 Et
1643 1772 1723 1812 hinc
1733 1777 1844 1826 gentis·
1866 1778 1927 1817 suae
1946 1777 2080 1823 captivi-
2095 1772 2131 1802 C·
2152 1780 2183 1806 ⁷·

1191 1832 1293 1872 tatem
1316 1822 1542 1873 praenuncians
1566 1837 1603 1860 ac
1627 1822 1804 1870 deplorans
1832 1825 1997 1872 Propheta
2031 1829 2081 1862 ait

1189 1877 1221 1908 in
1243 1872 1384 1914 universis
1410 1876 1560 1917 capitibus
1584 1878 1729 1912 futurum
1740 1880 1920 1913 calvitium.
1950 1878 2079 1913 Eadem

1188 1921 1230 1956 de
1249 1923 1345 1957 causa
1366 1924 1487 1960 clamat
1512 1926 1665 1969 Jeremias
1683 1928 1849 1974 Propheta
1873 1942 1880 1962 :
1907 1930 2007 1963 Tonde
2031 1940 2081 1964 ca·
2095 1930 2131 1962 C.
2160 1944 2187 1970 7·

1184 1973 1293 2018 pillum
1317 1983 1401 2007 tuum
1426 2001 1433 2008 .

2097 1652 2192 1692 044,

1474 1975 1623 2021 Exponit
1645 1975 1793 2014 laudatus
1825 1981 2075 2025 Hieronymus:

1189 2025 1280 2065 Apud
1301 2033 1416 2059 veteres
1443 2025 1506 2064 baec
1532 2038 1598 2063 erat
1617 2035 1748 2064 omnium
1783 2029 1954 2074 consuetudo
1976 2034 2077 2076 lugen-

1186 2073 1282 2111 tium,
1307 2076 1428 2111 tondere
1446 2076 1599 2119 caesariem
1621 2104 1628 2112 .
1679 2082 1774 2116 Hinc
1801 2082 1835 2118 &
1862 2083 2025 2126 percussus
2059 2082 2080 2117 ὲ

1188 2118 1339 2155 Domino
1352 2121 1518 2164 Propheta
1544 2125 1606 2168 Job
1618 2129 1756 2172 seipsum
1774 2132 1923 2164 totondit
1935 2156 1942 2164 .
1971 2132 2077 2180 Qod

1185 2181 1316 2204 comam
1340 2170 1648 2211 circumtotonderit
1664 2200 1675 2216 ‚
1700 2176 1883 2214 affirmatin
1900 2179 2078 2216 Encomia-

1185 2220 1272 2254 sticis
1297 2219 1365 2263 ejus
1379 2222 1579 2257 sermonibus
1591 2226 1726 2260 Sanfius
1737 2227 1879 2269 Joannes
1892 2225 2083 2264 Chris0st0-'

1186 2281 1257 2304 mus
1284 2293 1295 2309 ,
1323 2270 1357 2303 δε
1380 2269 1547 2316 adjungit:
1575 2279 1666 2307 Nunc
1689 2282 1765 2311 inter
1785 2289 1837 2310 nos
1863 2281 1949 2312 multi
1967 2279 2074 2321 flentes

1187 2323 1321 2352 nutriunt
1341 2331 1454 2354 comam
1468 2346 1478 2360 ‚
1506 2322 1557 2355 ille
1580 2334 1680 2358 autem
1703 2326 1850 2368 abscidit.
1880 2331 2011 2372 Quare?
2036 2331 2077 2364 ld
2091 2322 2176 2353 serm·
2198 2334 2229 2362 3·

1185 2375 1325 2415 nimirum
1346 2368 1382 2409 est
1399 2371 1577 2413 propositum
1599 2380 1626 2408 ei
1651 2382 1702 2417 qui
1720 2376 1774 2417 flet
1800 2402 1810 2417 ,
1838 2387 1872 2412 ut
1891 2386 2071 2414 contrariam

1184 2424 1217 2453 in
1243 2418 1375 2460 formam
1398 2420 1551 2460 constituat
1574 2423 1709 2459 habitum
1731 2452 1738 2460 .
1776 2427 1831 2461 Ubi
1853 2427 2011 2464 bonoratur
2030 2443 2073 2464 co-

1185 2481 1257 2508 ma,
1276 2468 1391 2512 signum
1415 2470 1454 2510 est
1467 2471 1558 2511 fletus
1581 2477 1716 2510 tonderi.
1744 2477 1801 2515 Ubi
1825 2482 1896 2513 vero
1918 2477 2070 2523 tondetur,

1183 2521 1269 2560 fletus
1283 2518 1399 2563 signum
1426 2520 1465 2560 est
1487 2534 1544 2558 non
1583 2527 1699 2568 tonderi
1720 2552 1727 2562 .
1766 2528 1870 2577 Qod
1891 2530 1992 2573 ipsum
2031 2533 2068 2566 in

1186 2570 1319 2604 laudato
1340 2570 1446 2607 sancti
1469 2573 1612 2616 Jeremiae
1633 2576 1884 2614 Commentario
1919 2580 2068 2627 adjungit

1186 2621 1319 2655 Sanctus
1331 2619 1573 2667 Hieronymus.
1603 2625 1797 2671 Respiciunt
1819 2629 1860 2663 ad
1875 2631 1988 2665 datum
2001 2633 2067 2666 Co-

1184 2669 1314 2704 rinthiis
1338 2670 1378 2705 ab
1399 2670 1563 2716 Apostolo
1587 2676 1761 2712 Canonem
1784 2693 1795 2714 :
1840 2684 1893 2713 Vir
1909 2679 2064 2722 ficomam
2080 2707 2106 2736 C

1184 2727 1323 2761 nutriat,
1348 2726 1510 2765 ignominia
1521 2724 1558 2764 est
1579 2726 1642 2759 illi.
1669 2727 1865 2772 Exponitin
1879 2731 2009 2765 suorum
2022 2733 2063 2766 ad
2112 2727 2117 2735 ’
2140 2716 2187 2735 Π’

1183 2770 1274 2804 istam
1312 2770 1490 2815 Epistolam
1517 2774 1843 2813 Commentariorum
1877 2781 2062 2824 praefatione

1182 2820 1330 2855 laudatus
1353 2819 1609 2867 Chrysostomus
1634 2840 1640 2861 :
1667 2828 1759 2861 Multi
1789 2835 1868 2863 inter
1889 2831 2061 2864 Corinthios

1178 2870 1369 2906 circumibant
1389 2875 1423 2908 (τ
1436 2875 1626 2918 vagabantur
1636 2884 1740 2911 comati
1754 2903 1765 2919 ,
1790 2891 1861 2922 quos
1877 2881 1966 2923 jubet
1989 2887 2063 2924 Apo-

1173 2920 1264 2960 stolus
1276 2923 1410 2956 tonderi.
1439 2924 1481 2959 Et
1494 2925 1528 2958 in
1544 2927 1693 2971 vigesima
1710 2930 1796 2963 sexta
1811 2930 1961 2964 Homilia
1975 2944 1982 2963 :
2010 2937 2060 2965 Vi-

1179 2975 1205 3002 ri
1216 2982 1326 3007 comam
1336 2974 1460 3008 alebant
1472 3000 1482 3015 ‚
1496 2985 1528 3009 ut
1541 2982 1591 3020 qui
1605 2977 1793 3020 versarentur
1808 2983 1840 3013 in
1856 2979 2059 3023 Philosophia,

1176 3023 1258 3062 quod
1280 3024 1398 3065 quidem
1419 3035 1484 3060 crat
1508 3027 1579 3070 legis
1592 3030 1778 3061 Graecorum.
1807 3029 1850 3062 Et
1868 3029 1972 3063 infra:
2000 3034 2058 3063 Et-

1178 3070 1260 3112 iamsi
1267 3082 1335 3105 tunc
1354 3076 1570 3110 contendebant
1605 3077 1777 3118 Corinthii,
1803 3090 1878 3113 nunc
1896 3080 2057 3125 universus

1178 3121 1256 3154 orbis
1266 3129 1354 3156 terrae
1366 3122 1442 3158 hanc
1452 3127 1542 3170 legem
1555 3126 1673 3168 admisit
1695 3129 1730 3162 ὦ·
1739 3128 1857 3169 custodit
1866 3155 1874 3162 .
1903 3133 2002 3163 Tanta
2016 3129 2055 3168 est

1174 3177 1307 3212 potentia
1320 3173 1478 3217 crucifixi.
1505 3176 1602 3210 Orbis
1614 3175 1742 3212 admisit
1755 3179 1795 3213 ab
1809 3180 1837 3213 A
1842 3180 1970 3222 postolo
1981 3191 2055 3222 prae-

1176 3220 1319 3256 dicatum
1350 3222 1557 3265 Iudaicorum
1582 3227 1793 3263 Sacerdotum
1819 3240 1943 3263 morem
1966 3254 1977 3269 ‚
2010 3229 2053 3264 de

1175 3282 1240 3314 quo
1254 3270 1414 3315 Propheta
1427 3274 1580 3310 Ezechiel
1596 3290 1603 3310 ;
1632 3280 1731 3320 Caput
1742 3277 1830 3322 situm
1844 3290 1901 3311 non
1918 3280 2051 3322 radent,
2067 3282 2101 3310 C·
2121 3292 2167 3317 44·

1176 3332 1267 3363 neque
1289 3333 1398 3357 comam
1421 3332 1551 3359 nutrient
1565 3352 1576 3368 ‚
1596 3324 1653 3370 sed
1672 3330 1828 3362 tondentes
1851 3329 2051 3364 attondebunt

1175 3370 1358 3414 capitasiea.
1386 3373 1438 3408 Ex
1449 3375 1559 3411 eadem
1573 3377 1644 3422 lege
1660 3379 1793 3412 Sanctus
1814 3380 1963 3421 Synesius
1985 3379 2052 3412 lau-

1175 3419 1230 3456 dat
1242 3420 1330 3457 hunc
1342 3425 1465 3459 versum
1482 3438 1489 3458 ε
1517 3428 1630 3460 Nullus
1641 3429 1798 3471 capillum,
1823 3433 1895 3470 quin
1917 3429 2050 3468 Cinedus
2068 3434 2223 3474 Epist-104.

1941 3476 2001 3519 fit,
