2366 3756
526 125 1060 167 CONCILIUM

227 224 285 247 mx:
312 209 485 244 Toletanae
509 204 636 248 Synodi
658 204 830 238 Canonem
857 200 948 233 fuisse
961 197 1068 231 laesum
1097 194 1115 227 ὲ.

440 268 476 291 ac
500 255 706 289 mutilatum.
733 250 844 285 Primo
869 250 957 282 enim
981 248 1114 290 praesens

231 260 371 306 praesenti
404 283 413 298 ‚

230 312 348 345 Canon
365 309 543 352 Episcopos
558 330 568 346 ,
593 306 700 349 quiex
726 300 906 342 illiusjuffu
933 298 977 334 ad,
998 297 1117 330 susten-

227 360 330 394 tandae
356 358 482 392 fabricae
497 352 730 391 excutiendum
755 362 839 384 onus
863 350 924 383 suae
948 347 1050 381 tertiae
1072 358 1131 396 req

229 411 419 446 nuntiarant
435 432 445 449 ,
471 405 612 440 restituit
626 405 659 436 in
674 401 830 446 grandem
847 398 945 442 hujus
959 407 1080 441 partem
1102 398 1129 437 ‚³

229 473 289 494 nec
312 470 418 494 tamen
442 455 567 500 reponit
592 454 624 487 in
641 462 763 496 partem
777 451 868 484 istius
881 450 1007 484 oneris.
1034 447 1101 481 De-

226 510 305 544 inde
332 510 511 553 Episcopos
533 530 543 545 ‚
569 504 623 547 qui
651 504 683 535 ὅ(
706 511 791 535 onus
823 501 858 537 δε
879 500 1008 534 tertiam
1020 498 1102 539 uzeti-

228 570 364 594 nuerant
379 585 389 600 ‚
416 559 519 592 firmat
536 554 569 588 in
589 553 682 596 hujus
707 550 911 595 plenitudine
931 573 940 588 ,
969 548 1103 588 nullam-

227 622 290 653 que
315 608 391 642 facit
413 604 521 640 oneris
545 603 736 638 memoriam
751 625 762 641 ,
788 601 867 645 quin
891 598 959 633 imo
981 598 1104 632 sancire

228 659 355 692 videtur
376 656 467 691 istam
491 666 558 687 non
578 651 716 697 amplius
743 650 996 696 impendendam
1010 648 1104 684 fabri-

226 721 290 747 cae,
318 708 370 741 sed
394 707 559 749 Episcopo
586 704 620 742 ὃς
644 703 711 746 ejus
725 700 924 737 cathedrali·
943 700 1041 733 Clero
1054 697 1105 730 de-

227 760 336 802 inceps
349 754 560 791 dividendam
576 779 582 786 .
612 754 719 788 Etiam
734 752 896 786 resuscitat
909 750 1104 784 exstinctum

227 808 374 842 secundae
396 805 594 840 Bracarensis
617 802 744 847 Synodi
765 802 939 835 Canonem
962 825 969 832 .
1008 796 1103 833 Licet

227 859 317 893 enim
336 867 443 900 praeter
463 855 601 888 'tertiam
624 853 748 888 cunstis
770 851 942 895 Episcopis
956 860 1024 883 nou
1039 846 1104 881 affi-

227 919 306 953 gnet
328 907 410 941 duos
425 903 645 939 Cathedratici
669 902 792 937 solidos
812 926 823 942 ,
849 900 1043 943 quibusdam
1057 905 1106 937 zi·

228 969 303 992 men
316 956 487 990 confirmat
498 954 736 998 Synodaticum
764 953 796 986 &
810 952 975 985 paratam.
1002 950 1106 992 Syno-

227 1006 451 1041 daticum'alio
476 1005 551 1038 loco
573 1001 698 1038 abunde
708 1002 866 1045 exposui,
893 1001 1043 1034 Paratam
1056 1009 1110 1032 ve·

228 1056 265 1091 ro
276 1055 419 1092 eruditus
439 1055 575 1089 Carolus
589 1054 743 1099 Sigonius
755 1051 917 1087 existimat
931 1050 1023 1084 fuisse
1041 1047 1106 1082 col-

230 1108 393 1146 lationes,
420 1117 499 1151 quas
523 1105 659 1148 populus
683 1103 722 1137 ad
746 1101 938 1146 reparandos
962 1098 1107 1144 publicos

231 1167 344 1200 pontes
369 1156 403 1188 &
431 1155 587 1200 parandas
611 1156 678 1189 vias
701 1155 805 1187 facere
827 1151 1006 1197 cogebatur
1023 1174 1030 1185 ,
1059 1148 1106 1183 A:

230 1218 353 1240 certum
376 1205 423 1241 est
445 1205 532 1239 labi.
560 1205 732 1239 Labuntur
759 1205 793 1238 ἃς
818 1202 887 1242 illi,
912 1200 969 1245 qui
993 1210 1106 1233 vocem

234 1261 350 1289 Parata
359 1256 545 1289 existimant
558 1254 725 1289 barbaram
749 1279 755 1285 .
785 1253 894 1286 Etiam
908 1252 941 1285 in
957 1249 1107 1285 Canonis

231 1307 331 1339 nossri
357 1307 447 1339 sensu
470 1305 515 1339 est
542 1303 760 1348 antiquissime
773 1304 944 1337 Romana.
974 1300 1106 1334 Etenim

231 1355 272 1389 de
298 1355 493 1390 Posthumio
519 1354 647 1389 Albino
685 1355 914 1390 Romanorum
942 1349 1108 1387 Consule,

164 1432 173 1443 .
231 1403 319 1447 quod
332 1406 454 1447 primus
485 1404 604 1446 jusserit
630 1411 663 1435 ut
687 1401 742 1442 fibi
764 1400 956 1443 Magistratus
991 1397 1108 1433 obviam

231 1459 325 1488 exiret
336 1479 347 1494 ,
373 1455 407 1487 (ε’
421 1456 512 1485 locum
520 1453 636 1493 publice*
642 1458 768 1492 pararet
779 1460 809 1487 ‚tn
822 1461 876 1491 quo
887 1452 1083 1481 diverteretur
1099 1471 1108 1485 ,

229 1502 340 1536 scribit
357 1501 459 1534 Titus
485 1500 618 1533 Lirius.
647 1500 690 1530 Et
712 1497 777 1529 haec
798 1497 843 1527 est
856 1494 1108 1535 omnind'prima

230 1550 350 1584 Paratae
360 1548 473 1592 origo.
501 1546 591 1582 Etin
604 1544 731 1579 funebri
751 1542 976 1578 Valentiniani
1001 1543 1109 1575 secun-

230 1601 264 1634 di
277 1597 483 1643 Imperatoris
495 1597 662 1631 Encomio
675 1593 850 1636 Manfionem
872 1596 1020 1626 Paratum
1045 1591 1108 1624 lau-

230 1650 285 1684 dat
295 1649 426 1684 Sanetus
440 1646 628 1681 Ambrosius
641 1671 648 1678 .
677 1646 762 1692 Qae
777 1655 842 1678 vox
857 1641 1108 1687 frequentiffima

230 1699 312 1734 olim
325 1697 480 1742 fuitapud
495 1697 604 1742 Reges
630 1694 808 1731 Barbaros.
837 1693 970 1728 Etenim
993 1692 1027 1725 in
1050 1702 1108 1725 ter-

231 1750 277 1785 tia
299 1746 487 1790 Marculphi
511 1746 651 1782 formula
677 1746 877 1780 Francorum
905 1743 979 1777 Rex
1001 1741 1111 1775 scribit

231 1798 272 1832 ad
285 1800 356 1833 suos
371 1798 495 1842 Judices
521 1795 561 1831 de
582 1796 736 1831 domibus
751 1793 1016 1839 Episcopalibus:
1043 1797 1110 1827 Nec

233 1847 394 1890 Manfiones
421 1856 473 1880 aut
488 1850 621 1880 Paratus
635 1852 760 1889 exigetis
779 1870 786 1878 .
812 1845 855 1878 Et
867 1845 901 1878 in
916 1854 1028 1887 quarta
1047 1843 1111 1877 for-

232 1899 342 1933 mula:
367 1899 478 1931 Nullus
494 1898 607 1942 Judex
631 1897 746 1941 ingredi
775 1896 856 1929 debet
879 1895 924 1927 ad
947 1891 1109 1935 Manfiones

231 1957 286 1982 aut
306 1951 438 1982 Paratus
455 1946 646 1988 faciendum.
676 1947 721 1979 Et
750 1946 783 1979 in
797 1944 994 1991 privilegio,
1020 1943 1109 1986 quod

231 1997 405 2032 Helenenfi
425 1998 532 2032 Sancti
546 1996 682 2030 Andreae
694 1995 899 2031 Monasterio
923 1993 1014 2030 dedit
1036 1994 1110 2028 Rex

232 2048 368 2082 Carolus
391 2047 513 2082 Calvus
534 2061 546 2082 .-
578 2048 696 2081 Nullus
720 2047 829 2092 Judex
853 2046 1040 2088 ingrediatur
1068 2045 1113 2077 ad

237 2096 396 2139 Manfiones
422 2107 474 2131 aut
486 2100 618 2131 Par-atas
624 2096 790 2139 faciendas
808 2121 814 2128 .
842 2094 947 2142 Qod
960 2095 1109 2136 ipsumin

232 2147 453 2182 Narbonensis
473 2147 514 2182 ad
543 2148 697 2181 Sanctum
710 2146 931 2188 Polycarpum
943 2143 1112 2177 Monaste-

232 2198 272 2229 rii
298 2197 469 2239 privilegio
491 2197 607 2237 repetit
628 2195 700 2228 Rex
722 2194 988 2227 Carolomannus
1011 2214 1018 2222 .
1047 2190 1111 2222 Ex-

233 2246 294 2277 stat
315 2255 486 2287 utrumque
507 2243 717 2288 privilegium
739 2242 774 2275 in
808 2241 994 2283 Specilegio
1012 2240 1111 2272 Lucae

235 2294 412 2329 Dacberii-
439 2293 545 2327 Porro
557 2290 766 2325 Manfionem
781 2289 893 2323 laudat
913 2289 1013 2321 etiam
1034 2289 1112 2322 San-

233 2346 299 2377 ctus
310 2344 449 2387 Joannes
462 2339 717 2383 Chrysostomus
731 2363 741 2378 ,
767 2338 904 2373 asserens
917 2337 1109 2373 Romanum

235 2393 411 2436 Imperium
432 2390 536 2426 dividi
546 2389 581 2424 in
593 2388 772 2429 Civitates,
799 2388 929 2427 Vissas,
956 2399 994 2422 ac
1013 2388 1111 2422 Man·

234 2442 354 2477 fiones.
382 2441 427 2475 Et
452 2442 487 2474 in
500 2439 586 2474 libro
605 2437 646 2472 de
669 2439 795 2472 unitate
817 2438 966 2472 Ecclefiae
978 2439 1110 2474 Sanctus

237 2492 467 2536 Augustinus.-
493 2491 630 2533 ‚Quaerite
654 2488 816 2528 Donatistae
833 2511 843 2528 ‚
871 2488 908 2521 ab
929 2487 1110 2530 Hierusalem

232 2551 287 2584 per
300 2550 418 2576 terrena
440 2545 551 2573 itinera
572 2537 660 2582 usque
675 2544 707 2571 in
718 2539 859 2573 ultricum
872 2562 882 2577 ‚
907 2549 976 2582 quot
989 2538 1110 2580 Manfia-

236 2603 287 2625 nes
301 2589 379 2631 fint.
408 2591 451 2624 Et
476 2591 510 2624 in
522 2588 717 2623 Monasticis
738 2588 1005 2623 Institutionibus
1016 2589 1111 2631 Joan-

238 2653 294 2675 nes
317 2641 502 2675 Caffianus:
531 2642 645 2680 Septem
665 2637 861 2680 Manfionlbus
882 2665 891 2679 ‚
918 2641 970 2672 vel
992 2651 1023 2672 eo
1049 2652 1111 2671 am-

63 2262 133 2286 To:n
150 2260 177 2286 8.

61 2300 143 2327 Tam.
154 2307 180 2327 4.

67 2335 119 2367 fol.
134 2345 198 2370 204*

66 2491 135 2527 Cap.
151 2498 194 2518 ιι.

68 2680 204 2747 lib-'⁰’-
233 2693 314 2735 plius
328 2715 339 2732 ‚
365 2689 650 2735 tiliusseparabatur
673 2689 838 2724 habitatio.
866 2688 960 2726 Etad
975 2688 1110 2724 Chalce-
1122 2716 1126 2735 ,

67 2726 130 2758 Lep
159 2730 193 2755 24

1131 109 1772 161 THOLOSANUM.

1929 130 1987 175 57

1170 196 1346 232 donensem
1359 198 1530 242 Synodum
1542 199 1582 232 de
1598 198 1813 234 Haerefiarcha
1835 199 2022 243 Eutychete
2034 225 2043 240 ,

1170 248 1258 289 quod
1282 261 1336 292 per
1361 250 1456 293 ipsius
1469 249 1647 283 calumnias
1659 250 1764 283 fuisset
1778 250 1815 284 ad
1830 250 2043 294 quadraginta

1173 296 1359 334 Manfiones
1371 300 1575 342 deportatus,
1605 300 1732 341 questus
1755 300 1901 336 fuithas
1921 300 2044 334 Metro·
2064 312 2126 343 Λᾶ,
2150 323 2192 343 10,

1174 348 1275 390 polita
1297 350 1475 384 Edeffenus
1500 372 1510 381 .
1536 351 1647 396 Quare
1671 350 1831 386 Romance
1852 350 2044 385 Manfiones

1173 408 1261 431 erant
1274 397 1401 441 publica
1414 395 1553 439 hospitia
1563 421 1573 436 ‚
1600 399 1750 433 distantia
1765 400 1861 436 unius
1873 398 1938 434 diei
1952 399 2046 435 itine-

1174 459 1223 487 re,
1250 445 1289 481 de
1313 446 1430 489 quibus
1454 448 1487 480 in
1508 447 1580 490 lege
1602 447 1643 480 ad
1665 448 1862 484 Viventium
1889 449 2044 486 Praetorio

1175 496 1359 533 Praefectum
1384 496 1528 531 scribunt
1548 497 1761 538 Imperatores
1789 497 2045 533 Valentinianus

1173 547 1205 580 &
1228 546 1367 580 Valens:
1398 548 1543 580 Addimus
1563 555 1594 579 ut
1617 545 1739 589 quisque
1752 548 1863 591 Judex
1879 551 2044 583 Provinciae
2067 546 2180 576 ¹³¹⁴st-

1175 596 1383 638 Praefidentem
1419 602 1544 639 propria
1565 596 1639 638 posse
1658 607 1718 629 tone
1746 595 1904 639 susceperit
1927 621 1937 636 ,
1975 611 2045 642 ager
2064 597 2089 621 7·
2111 594 2135 616 c·
2152 596 2178 619 4·

1173 650 1259 688 quem
1285 645 1478 690 diversorium
1500 646 1666 689 praedsc‘lus
1687 646 1822 680 habuerit
1849 652 1881 683 in
1900 648 2045 688 tranfitu‚

1175 695 1255 740 Fisii
1277 697 1394 732 viribus
1411 698 1577 733 vindicetur
1594 721 1602 729 .
1626 698 1672 733 Sic
1681 698 1897 744 enlm-Iudices
1925 696 2049 740 Mansio-

1174 758 1224 779 nes
1237 746 1374 788 instruere
1399 749 1433 782 ea·
1452 747 1613 788 instaurare
1627 752 1778 780 nitentur.
1808 747 1851 783 Et
1872 747 1908 781 in
1921 747 1994 792 lege
2008 746 2048 782 ad

1174 797 1413 832 Mamertinum
1426 797 1582 834 Praetorio
1595 797 1780 836 Praefeflum
1800 796 1907 830 eidem
1925 797 2050 833 Princi-

1175 858 1230 890 pes
1248 859 1323 882 cum
1347 847 1441 883 laude
1453 847 1597 883 scribunt
1620 848 1660 882 de
1672 847 1833 881 Anatolio
1853 845 2027 882 Consulari
2042 862 2049 882 ε

1177 897 1309 939 Pabula,
1335 910 1403 940 quae
1423 898 1565 932 bullenus
1586 910 1623 932 ex
1644 897 1871 931 Tabulariorum
1898 899 2051 932 voluntate
2069 892 2125 938 ¹7³b·
2142 903 2152 922 ¹
2162 903 2185 921 ¹·

1175 958 1262 990 atque
1273 948 1397 982 arbitrio
1414 950 1457 981 ad
1466 954 1646 983 mutationes
1666 946 1882 991 Manfionesque
1895 947 2027 993 singulas
2039 973 2050 989 ,
2067 941 2126 962 ΠΜ
2145 941 2200 968 09-

1175 998 1356 1032 animalibus
1380 997 1474 1041 cursui
1481 1000 1597 1041 publico
1617 999 1791 1041 deputatis,
1818 1000 1937 1040 repente
1960 1008 2051 1042 atque

1175 1051 1335 1091 improvise
1339 1047 1475 1098 solebam
1488 1049 1630 1089 convehi,
1660 1060 1738 1082 nunc
1757 1052 1790 1082 in
1810 1046 1916 1090 confilio
1938 1055 2051 1083 ratione

1175 1099 1309 1132 trac‘lata
1328 1124 1338 1140 ‚
1362 1110 1421 1144 pro
1440 1100 1654 1145 longinquitate
1681 1101 1733 1133 vel
1750 1099 1878 1139 molestia
1899 1104 2020 1134 itinerls
2040 1125 2051 1141 ‚

1174 1149 1212 1182 ab
1236 1160 1405 1191 unoquoque
1423 1151 1548 1191 oppido,
1575 1158 1651 1183 certo
1675 1160 1709 1182 ac
1731 1151 1906 1184 denunciato
1925 1158 2052 1193 tempore

1177 1199 1283 1233 devehi
1303 1202 1457 1236 ordinavit
1472 1224 1479 1232 .
1506 1198 1650 1233 Proinde
1673 1200 1855 1234 mansiones
1869 1212 1937 1234 non
1959 1209 2054 1235 erant

1175 1261 1330 1292 cauponae
1355 1260 1412 1284 aut
1427 1249 1566 1288 tabernae
1586 1248 1784 1290 meritoriae,
1811 1249 1864 1284 sed
1887 1249 1928 1284 ad
1951 1251 2056 1292 Impe-

1178 1300 1260 1334 rium
1272 1300 1467 1345 spee‘tantia,
1492 1312 1530 1334 ac
1552 1300 1709 1335 omnibus
1719 1299 1759 1334 ad
1785 1299 1936 1333 lassorum
1949 1299 2054 1334 homi-

1177 1360 1255 1382 num
1282 1350 1316 1382 δε
1335 1349 1557 1390 Jumentorum
1571 1350 1778 1384 refectionem
1802 1351 1982 1384 necessariis
2006 1351 2056 1383 in-

1177 1397 1290 1431 strusta
1302 1394 1442 1441 hospitia
1455 1422 1464 1437 ‚
1492 1409 1632 1441 quorum
1655 1397 1810 1441 Princeps
1829 1401 1986 1433 summam
2001 1398 2056 1433 ha-

1178 1446 1273 1480 bebat
1285 1457 1413 1480 curam»
1442 1448 1534 1480 Hinc
1546 1448 1634 1480 enim
1648 1446 1794 1488 Iudicem
1809 1471 1819 1486 ‚
1844 1450 1899 1491 qui
1919 1449 2057 1482 Provin-

1176 1495 1233 1526 ciae
1243 1494 1431 1526 Praefed‘tum
1444 1504 1513 1526 non
1533 1495 1673 1536 inipfis,
1699 1496 1751 1527 sed
1777 1497 1810 1527 in
1825 1498 1956 1538 proprio
1977 1509 2055 1540 agro

1177 1542 1380 1584 suscepisset,
1407 1541 1549 1583 ejusdem
1573 1543 1642 1585 agri
1660 1542 1779 1585 jastura
1806 1545 2057 1580 &confiscatio-

1178 1590 1497 1628 ne‘Valentinianus
1524 1593 1558 1626 &
1580 1590 1705 1629 Valens
1726 1593 1923 1629 muldiarunt
1942 1620 1949 1627 .
1976 1597 2056 1630 Suas
2097 1605 2101 1610 '

1177 1642 1359 1677 mansiones
1370 1642 1547 1677 voluerunt
1559 1643 1682 1687 semper
1693 1644 1756 1678 esse
1770 1643 1935 1679 instructas
1960 1653 2058 1691 atque

1178 1703 1302 1736 paratas
1326 1718 1332 1724 .
1359 1693 1523 1736 Principis
1548 1704 1604 1727 aut
1626 1692 1741 1727 militis
1778 1693 1812 1728 in
1841 1694 1949 1729 alieno
1975 1708 2058 1742 agro

1178 1750 1234 1776 aut
1254 1742 1358 1777 domo
1385 1742 1565 1786 hospitium
1591 1743 1742 1778 Romana
1763 1744 1960 1789 Respublica
1986 1759 2059 1782 non

1178 1793 1352 1837 appellavit
1373 1794 1575 1828 mansionem
1590 1818 1601 1834 ,
1627 1793 1681 1829 sed
1706 1795 1892 1830 Metaturn.
1920 1796 1964 1830 Et
1978 1795 2058 1831 hinc

1178 1842 1218 1877 ad
1239 1854 1355 1878 omnes
1375 1843 1522 1879 Clericos
1545 1844 1664 1889 scripsit
1688 1844 1930 1880 Constantinus
1943 1846 2058 1891 Augu-

1179 1894 1244 1927 stus
1266 1906 1273 1926 ι
1311 1897 1419 1937 Neque
1454 1892 1580 1937 hospites
1614 1893 1785 1939 suscipiatis
1806 1921 1812 1928 .
1832 1894 2056 1941 'privilegium
2076 1886 2136 1932 Lib·
2151 1892 2193 1916 ¹⁶·

1179 1943 1261 1978 istud
1281 1944 1395 1980 eadem
1420 1943 1614 1987 Respublica
1636 1943 1818 1989 appellabat
1844 1953 2057 1989 exemptionem
2075 1932 2212 1958 tit.2.c.8.

1177 1994 1215 2027 ab
1226 2006 1308 2029 onere
1320 1997 1449 2029 Metatl.
1476 1993 1689 2029 Barbarorum
1702 1994 1811 2041 Reges
1824 1994 1891 2031 haec
1917 2009 1984 2032 non
2010 1998 2057 2033 di-

1177 2043 1358 2079 stinxerunt
1373 2058 1384 2079 .·
1410 2045 1482 2079 Nec
1493 2045 1582 2079 enim
1597 2044 1975 2083 habuerunt-manfiones
1986 2060 2057 2093 pro-

1175 2095 1276 2137 prias.
1307 2095 1399 2128 Hinc
1420 2106 1578 2129 metatum
1592 2106 1747 2130 vocarunt
1760 2098 1981 2133 manfionem.
2011 2099 2056 2134 Et

1175 2144 1208 2175 in
1222 2144 1286 2176 suis
1300 2143 1420 2177 Ediecis
1447 2156 1484 2176 ac
1498 2144 1884 2188 Praeceptismanfionem
1909 2159 1947 2182 ac
1958 2148 2055 2183 Para-

1173 2199 1240 2225 tam
1253 2190 1366 2234 passim
1390 2190 1596 2235 conjungunt
1610 2215 1621 2231 ‚
1648 2192 1795 2227 volentes
1816 2195 1962 2239 intelligi
1983 2209 2054 2232 non

1171 2241 1444 2283 qualemcumque
1459 2241 1659 2274 mansionem
1672 2264 1682 2280 ‚
1710 2241 1763 2275 sed
1775 2243 1961 2279 instrustam
1984 2258 2054 2281 om-

1172 2289 1271 2323 nibus
1297 2299 1334 2321 ac
1347 2289 1443 2331 plene
1456 2299 1617 2331 paratam.
1645 2289 1756 2333 Itaque
1771 2290 1935 2336 Episcopo
1956 2294 1974 2329 ὲ
1996 2295 2056 2331 Pa·

1171 2337 1259 2382 genfi
1287 2338 1426 2373 Ecclefia
1457 2339 1566 2373 deberi
1589 2349 1732 2382 paratam
1748 2364 1759 2380 ,
1783 2341 1830 2375 est
1856 2343 1888 2377 &
1912 2344 1992 2387 ipfi‚
2017 2347 2053 2381 ὃς

1174 2389 1266 2432 ipsius
1285 2400 1362 2422 curn
1384 2390 1540 2432 jumentis
1560 2389 1598 2422 ἃ
1623 2388 1783 2424 vehiculis
1799 2393 1931 2428 familiae
1942 2394 2051 2430 deberi

1175 2439 1374 2482 hospitium,
1402 2439 1490 2482 quod
1514 2438 1578 2473 hoc
1598 2450 1743 2483 tempore
1753 2443 1864 2485 paffim
1893 2455 2051 2480 vocamus

1175 2490 1442 2524 procurationem
1464 2515 1470 2521 .
1510 2490 1553 2523 Et
1576 2488 1641 2524 hoc
1663 2490 1863 2536 Pagenfibus
1899 2495 2054 2530 Ecclesxis-

1174 2539 1373 2573 dutissimum
1396 2540 1445 2582 jus
1467 2539 1658 2584 quibusdam
1671 2542 1904 2585 Hispaniarum
1919 2544 2051 2589 Episco-

1174 2591 1244 2633 pis,
1271 2589 1399 2632 quoties
1423 2590 1529 2633 Pagos
1555 2592 1629 2625 suos
1648 2592 1853 2628 transiverint
1880 2619 1892 2635 ‚
1918 2597 2051 2640 praesens

1173 2641 1292 2675 Canon
1312 2639 1502 2676 confirmat.

1648 2821 2016 2839 U——w———O—

523 2948 1428 3038 CANON
1599 2957 1760 3044 XI.

246 3137 421 3272 ITem
457 3134 513 3184 de
551 3137 754 3187 Ecclefiis
791 3141 837 3187 in
873 3137 1044 3189 Alodiis
1096 3142 1326 3190 Laicorum
1362 3141 1606 3192 constitutis
1641 3180 1653 3204 ‚
1703 3159 1751 3193 ut
1788 3148 1914 3194 tertia
1950 3163 2049 3213 pars

343 3207 630 3256 Decimarum
668 3226 768 3257 cum
806 3211 1019 3259 Primitiis
1053 3249 1067 3272 ‚
1103 3217 1146 3260 δι
1183 3210 1461 3279 Presbyterio
1496 3251 1508 3273 ‚
1558 3218 1601 3262 δε
1638 3218 1805 3264 caeteris
1842 3253 1854 3275 ‚
1891 3219 1935 3264 in
1971 3234 2050 3282 po-

243 3277 399 3325 testate
436 3276 682 3343 Presbyteri
717 3277 773 3326 ad
809 3278 1027 3329 servitium
1065 3282 1191 3349 ipfius
1228 3282 1428 3331 Ecclefiae
1463 3282 1538 3331 sub
1574 3283 1779 3352 Episcopi
1836 3287 1905 3334 vel
1940 3288 2050 3334 Cle-

240 3350 428 3397 ricorum
462 3345 628 3396 ditione
665 3365 943 3415 permaneant
978 3388 990 3400 .

1055 3354 1149 3420 Qui
1187 3367 1331 3401 autem
1369 3356 1575 3403 contrarii
1611 3353 1757 3406 sanitae
1793 3357 1926 3406 Matri
1963 3360 2049 3403 Ec-

1851 3425 1982 3473 clefiae
