<?xml version="1.0" encoding="UTF-8"?>
<!DOCTYPE html PUBLIC "-//W3C//DTD XHTML 1.0 Transitional//EN"
    "http://www.w3.org/TR/xhtml1/DTD/xhtml1-transitional.dtd">
<html xmlns="http://www.w3.org/1999/xhtml" xml:lang="en" lang="en">
 <head>
  <title>
</title>
<meta http-equiv="Content-Type" content="text/html;charset=utf-8" />
  <meta name='ocr-system' content='tesseract 3.04.00' />
  <meta name='ocr-capabilities' content='ocr_page ocr_carea ocr_par ocr_line ocrx_word'/>
</head>
<body>
  <div class='ocr_page' id='page_1' title='image "./operaomniastudio05lupuuoft_0151.png"; bbox 0 0 2366 3756; ppageno 0'>
   <div class='ocr_carea' id='block_1_1' title="bbox 601 164 1140 210">
    <p class='ocr_par' dir='ltr' id='par_1_1' title="bbox 601 164 1140 210">
     <span class='ocr_line' id='line_1_1' title="bbox 601 164 1140 210; baseline -0.013 0"><span class='ocrx_word' id='word_1_1' title='bbox 601 164 1140 210; x_wconf 73' lang='lat' dir='ltr'>CONclLIUM</span> 
     </span>
    </p>
   </div>
   <div class='ocr_carea' id='block_1_2' title="bbox 209 243 1108 1741">
    <p class='ocr_par' dir='ltr' id='par_1_2' title="bbox 215 243 1107 546">
     <span class='ocr_line' id='line_1_2' title="bbox 220 243 1107 297; baseline -0.012 -10"><span class='ocrx_word' id='word_1_2' title='bbox 220 254 303 297; x_wconf 66' lang='lat' dir='ltr'>quad</span> <span class='ocrx_word' id='word_1_3' title='bbox 310 253 409 286; x_wconf 86' lang='lat' dir='ltr'>nullus</span> <span class='ocrx_word' id='word_1_4' title='bbox 420 251 558 291; x_wconf 77' lang='lat' dir='ltr'><em>deinceps</em></span> <span class='ocrx_word' id='word_1_5' title='bbox 581 247 738 284; x_wconf 82' lang='lat' dir='ltr'>baberetur</span> <span class='ocrx_word' id='word_1_6' title='bbox 753 251 906 284; x_wconf 78' lang='lat' dir='ltr'>Romanus</span> <span class='ocrx_word' id='word_1_7' title='bbox 918 243 1082 287; x_wconf 70' lang='lat' dir='ltr'><em>Episcopus</em></span> <span class='ocrx_word' id='word_1_8' title='bbox 1096 269 1107 285; x_wconf 83' lang='lat'>‚</span> 
     </span>
     <span class='ocr_line' id='line_1_3' title="bbox 217 295 1104 347; baseline -0.009 -11"><span class='ocrx_word' id='word_1_9' title='bbox 217 302 274 344; x_wconf 70' lang='lat' dir='ltr'>nist</span> <span class='ocrx_word' id='word_1_10' title='bbox 276 303 363 344; x_wconf 75' lang='lat' dir='ltr'>prius</span> <span class='ocrx_word' id='word_1_11' title='bbox 378 302 398 335; x_wconf 77' lang='grc' dir='ltr'><em>ἃ</em></span> <span class='ocrx_word' id='word_1_12' title='bbox 410 299 628 333; x_wconf 73' lang='lat' dir='ltr'><em>cardinalibus</em></span> <span class='ocrx_word' id='word_1_13' title='bbox 650 301 800 347; x_wconf 80' lang='lat' dir='ltr'><em>eligeretur</em></span> <span class='ocrx_word' id='word_1_14' title='bbox 811 320 822 336; x_wconf 91' lang='lat'>,</span> <span class='ocrx_word' id='word_1_15' title='bbox 851 301 898 328; x_wconf 84' lang='lat' dir='ltr'>cui</span> <span class='ocrx_word' id='word_1_16' title='bbox 917 295 1015 336; x_wconf 63' lang='lat' dir='ltr'>posted</span> <span class='ocrx_word' id='word_1_17' title='bbox 1028 305 1104 329; x_wconf 87' lang='lat' dir='ltr'>acce-</span> 
     </span>
     <span class='ocr_line' id='line_1_4' title="bbox 216 345 1105 395; baseline -0.01 -9"><span class='ocrx_word' id='word_1_18' title='bbox 216 355 299 387; x_wconf 83' lang='lat' dir='ltr'><em>deret</em></span> <span class='ocrx_word' id='word_1_19' title='bbox 351 349 502 395; x_wconf 78' lang='lat' dir='ltr'><em>consensus</em></span> <span class='ocrx_word' id='word_1_20' title='bbox 538 353 629 393; x_wconf 67' lang='lat' dir='ltr'>Regis</span> <span class='ocrx_word' id='word_1_21' title='bbox 650 373 659 382; x_wconf 89' lang='lat'><strong>.</strong></span> <span class='ocrx_word' id='word_1_22' title='bbox 695 348 824 383; x_wconf 76' lang='lat' dir='ltr'>Revera</span> <span class='ocrx_word' id='word_1_23' title='bbox 871 345 1076 388; x_wconf 84' lang='lat' dir='ltr'>impudenter</span> <span class='ocrx_word' id='word_1_24' title='bbox 1098 369 1105 377; x_wconf 92' lang='lat'>.</span> 
     </span>
     <span class='ocr_line' id='line_1_5' title="bbox 215 395 1098 452; baseline -0.007 -16"><span class='ocrx_word' id='word_1_25' title='bbox 215 401 309 452; x_wconf 82' lang='lat' dir='ltr'>Qid</span> <span class='ocrx_word' id='word_1_26' title='bbox 330 401 422 437; x_wconf 87' lang='lat' dir='ltr'>enim</span> <span class='ocrx_word' id='word_1_27' title='bbox 447 398 671 442; x_wconf 80' lang='lat' dir='ltr'>impudentius</span> <span class='ocrx_word' id='word_1_28' title='bbox 691 421 704 438; x_wconf 86' lang='lat'>,</span> <span class='ocrx_word' id='word_1_29' title='bbox 728 406 827 440; x_wconf 88' lang='lat' dir='ltr'>quam</span> <span class='ocrx_word' id='word_1_30' title='bbox 848 406 885 431; x_wconf 87' lang='lat' dir='ltr'>ea</span> <span class='ocrx_word' id='word_1_31' title='bbox 908 395 974 439; x_wconf 86' lang='lat' dir='ltr'>ipsa</span> <span class='ocrx_word' id='word_1_32' title='bbox 988 420 1000 437; x_wconf 91' lang='lat'>,</span> <span class='ocrx_word' id='word_1_33' title='bbox 1026 407 1098 439; x_wconf 80' lang='lat' dir='ltr'>quae</span> 
     </span>
     <span class='ocr_line' id='line_1_6' title="bbox 215 445 1106 494; baseline -0.007 -8"><span class='ocrx_word' id='word_1_34' title='bbox 215 451 466 488; x_wconf 82' lang='lat' dir='ltr'>circumduxisti</span> <span class='ocrx_word' id='word_1_35' title='bbox 488 447 690 494; x_wconf 79' lang='lat' dir='ltr'>&amp;damnasti</span> <span class='ocrx_word' id='word_1_36' title='bbox 704 470 716 487; x_wconf 91' lang='lat'>,</span> <span class='ocrx_word' id='word_1_37' title='bbox 742 445 885 487; x_wconf 77' lang='lat' dir='ltr'>Decreta</span> <span class='ocrx_word' id='word_1_38' title='bbox 907 446 944 484; x_wconf 82' lang='lat' dir='ltr'>in</span> <span class='ocrx_word' id='word_1_39' title='bbox 966 456 1030 481; x_wconf 82' lang='lat' dir='ltr'>tuae</span> <span class='ocrx_word' id='word_1_40' title='bbox 1049 457 1106 488; x_wconf 80' lang='lat' dir='ltr'>au-</span> 
     </span>
     <span class='ocr_line' id='line_1_7' title="bbox 215 497 743 546; baseline -0.015 -8"><span class='ocrx_word' id='word_1_41' title='bbox 215 502 316 538; x_wconf 83' lang='lat' dir='ltr'>daciae</span> <span class='ocrx_word' id='word_1_42' title='bbox 326 501 548 546; x_wconf 77' lang='lat' dir='ltr'>patrocinium</span> <span class='ocrx_word' id='word_1_43' title='bbox 560 497 743 536; x_wconf 73' lang='lat' dir='ltr'>advocare?</span> 
     </span>
    </p>

    <p class='ocr_par' dir='ltr' id='par_1_3' title="bbox 209 545 1108 1741">
     <span class='ocr_line' id='line_1_8' title="bbox 264 545 1107 597; baseline -0.006 -10"><span class='ocrx_word' id='word_1_44' title='bbox 264 552 347 587; x_wconf 80' lang='lat' dir='ltr'>Haec</span> <span class='ocrx_word' id='word_1_45' title='bbox 359 553 461 597; x_wconf 83' lang='lat' dir='ltr'>igitur</span> <span class='ocrx_word' id='word_1_46' title='bbox 468 549 652 592; x_wconf 66' lang='lat' dir='ltr'>conjuncto</span> <span class='ocrx_word' id='word_1_47' title='bbox 678 547 836 584; x_wconf 70' lang='lat' dir='ltr'>factiones</span> <span class='ocrx_word' id='word_1_48' title='bbox 848 545 1032 582; x_wconf 82' lang='lat' dir='ltr'><strong>Alexandri</strong></span> <span class='ocrx_word' id='word_1_49' title='bbox 1043 546 1107 582; x_wconf 82' lang='lat' dir='ltr'>ele-</span> 
     </span>
     <span class='ocr_line' id='line_1_9' title="bbox 221 596 1106 642; baseline -0.003 -7"><span class='ocrx_word' id='word_1_50' title='bbox 221 603 367 638; x_wconf 69' lang='lat' dir='ltr'>stionem</span> <span class='ocrx_word' id='word_1_51' title='bbox 379 600 569 637; x_wconf 81' lang='lat' dir='ltr'>accusarunt</span> <span class='ocrx_word' id='word_1_52' title='bbox 580 597 620 633; x_wconf 91' lang='lat' dir='ltr'>de</span> <span class='ocrx_word' id='word_1_53' title='bbox 630 596 757 634; x_wconf 85' lang='lat' dir='ltr'>multis.</span> <span class='ocrx_word' id='word_1_54' title='bbox 790 596 907 632; x_wconf 74' lang='lat' dir='ltr'>Primo</span> <span class='ocrx_word' id='word_1_55' title='bbox 920 622 932 638; x_wconf 92' lang='lat'>,</span> <span class='ocrx_word' id='word_1_56' title='bbox 957 596 1047 642; x_wconf 73' lang='lat' dir='ltr'>quod</span> <span class='ocrx_word' id='word_1_57' title='bbox 1059 598 1106 632; x_wconf 64' lang='lat' dir='ltr'>fv</span> 
     </span>
     <span class='ocr_line' id='line_1_10' title="bbox 214 646 1105 694; baseline -0.006 -8"><span class='ocrx_word' id='word_1_58' title='bbox 214 655 262 687; x_wconf 69' lang='grc' dir='ltr'>ἂι</span> <span class='ocrx_word' id='word_1_59' title='bbox 274 651 352 686; x_wconf 70' lang='lat' dir='ltr'>esset</span> <span class='ocrx_word' id='word_1_60' title='bbox 361 661 416 694; x_wconf 83' lang='lat' dir='ltr'>per</span> <span class='ocrx_word' id='word_1_61' title='bbox 426 649 693 693; x_wconf 77' lang='lat' dir='ltr'>cooperationem</span> <span class='ocrx_word' id='word_1_62' title='bbox 706 646 743 686; x_wconf 87' lang='lat' dir='ltr'>N</span> <span class='ocrx_word' id='word_1_63' title='bbox 744 657 997 684; x_wconf 83' lang='lat' dir='ltr'>ortmannorum</span> <span class='ocrx_word' id='word_1_64' title='bbox 1010 673 1021 688; x_wconf 96' lang='lat'>,</span> <span class='ocrx_word' id='word_1_65' title='bbox 1047 646 1105 681; x_wconf 90' lang='lat' dir='ltr'>ho-</span> 
     </span>
     <span class='ocr_line' id='line_1_11' title="bbox 214 697 1104 745; baseline -0.003 -9"><span class='ocrx_word' id='word_1_66' title='bbox 214 702 313 738; x_wconf 82' lang='lat' dir='ltr'>stium</span> <span class='ocrx_word' id='word_1_67' title='bbox 336 700 485 738; x_wconf 85' lang='lat' dir='ltr'>Romani</span> <span class='ocrx_word' id='word_1_68' title='bbox 498 699 647 745; x_wconf 76' lang='lat' dir='ltr'>Imperii.</span> <span class='ocrx_word' id='word_1_69' title='bbox 673 698 824 734; x_wconf 79' lang='lat' dir='ltr'>ltaiucet</span> <span class='ocrx_word' id='word_1_70' title='bbox 851 706 892 733; x_wconf 82' lang='lat' dir='ltr'>ex</span> <span class='ocrx_word' id='word_1_71' title='bbox 916 697 1104 733; x_wconf 83' lang='lat' dir='ltr'>Cardinalis</span> 
     </span>
     <span class='ocr_line' id='line_1_12' title="bbox 216 747 1102 795; baseline -0.008 -8"><span class='ocrx_word' id='word_1_72' title='bbox 216 751 390 787; x_wconf 86' lang='lat' dir='ltr'>Bennonis</span> <span class='ocrx_word' id='word_1_73' title='bbox 411 751 448 785; x_wconf 87' lang='lat' dir='ltr'>in</span> <span class='ocrx_word' id='word_1_74' title='bbox 473 749 671 795; x_wconf 85' lang='lat' dir='ltr'>Gregorium</span> <span class='ocrx_word' id='word_1_75' title='bbox 699 747 879 791; x_wconf 84' lang='lat' dir='ltr'>septimum</span> <span class='ocrx_word' id='word_1_76' title='bbox 905 747 1102 787; x_wconf 80' lang='lat' dir='ltr'>calumniis,</span> 
     </span>
     <span class='ocr_line' id='line_1_13' title="bbox 215 798 1102 842; baseline -0.007 -5"><span class='ocrx_word' id='word_1_77' title='bbox 215 801 371 839; x_wconf 73' lang='lat' dir='ltr'>Secundo</span> <span class='ocrx_word' id='word_1_78' title='bbox 386 826 397 841; x_wconf 92' lang='lat'>‚</span> <span class='ocrx_word' id='word_1_79' title='bbox 422 801 512 842; x_wconf 91' lang='lat' dir='ltr'>quod</span> <span class='ocrx_word' id='word_1_80' title='bbox 536 802 617 837; x_wconf 64' lang='lat' dir='ltr'>faeta</span> <span class='ocrx_word' id='word_1_81' title='bbox 638 801 717 834; x_wconf 72' lang='lat' dir='ltr'>effer</span> <span class='ocrx_word' id='word_1_82' title='bbox 736 809 797 842; x_wconf 73' lang='lat' dir='ltr'>»per</span> <span class='ocrx_word' id='word_1_83' title='bbox 821 799 1027 834; x_wconf 86' lang='lat' dir='ltr'>Simoniam.</span> <span class='ocrx_word' id='word_1_84' title='bbox 1047 798 1102 834; x_wconf 79' lang='lat' dir='ltr'>‚lta</span> 
     </span>
     <span class='ocr_line' id='line_1_14' title="bbox 214 846 1099 889; baseline -0.003 -4"><span class='ocrx_word' id='word_1_85' title='bbox 214 851 342 889; x_wconf 85' lang='lat' dir='ltr'>videbis</span> <span class='ocrx_word' id='word_1_86' title='bbox 364 862 405 886; x_wconf 83' lang='lat' dir='ltr'>ex</span> <span class='ocrx_word' id='word_1_87' title='bbox 418 862 499 888; x_wconf 84' lang='lat' dir='ltr'>mox</span> <span class='ocrx_word' id='word_1_88' title='bbox 520 847 721 888; x_wconf 81' lang='lat' dir='ltr'>adducendis</span> <span class='ocrx_word' id='word_1_89' title='bbox 733 848 932 887; x_wconf 81' lang='lat' dir='ltr'>testimoniis</span> <span class='ocrx_word' id='word_1_90' title='bbox 945 846 1099 886; x_wconf 75' lang='lat' dir='ltr'>Matthaei</span> 
     </span>
     <span class='ocr_line' id='line_1_15' title="bbox 215 897 1103 944; baseline -0.006 -6"><span class='ocrx_word' id='word_1_91' title='bbox 215 900 399 938; x_wconf 74' lang='lat' dir='ltr'>Parmensis</span> <span class='ocrx_word' id='word_1_92' title='bbox 417 899 453 934; x_wconf 84' lang='lat'>&amp;</span> <span class='ocrx_word' id='word_1_93' title='bbox 476 899 639 944; x_wconf 86' lang='lat' dir='ltr'>Sigeberti</span> <span class='ocrx_word' id='word_1_94' title='bbox 660 898 907 938; x_wconf 84' lang='lat' dir='ltr'>Gemblacensis</span> <span class='ocrx_word' id='word_1_95' title='bbox 920 924 928 933; x_wconf 87' lang='lat'><em>.</em></span> <span class='ocrx_word' id='word_1_96' title='bbox 954 897 1076 933; x_wconf 75' lang='lat' dir='ltr'>Tertio</span> <span class='ocrx_word' id='word_1_97' title='bbox 1091 922 1103 939; x_wconf 90' lang='lat'>‚</span> 
     </span>
     <span class='ocr_line' id='line_1_16' title="bbox 215 948 1102 995; baseline -0.005 -9"><span class='ocrx_word' id='word_1_98' title='bbox 215 950 305 995; x_wconf 74' lang='lat' dir='ltr'>quo&#39;d</span> <span class='ocrx_word' id='word_1_99' title='bbox 328 950 455 995; x_wconf 89' lang='lat' dir='ltr'>Regius</span> <span class='ocrx_word' id='word_1_100' title='bbox 477 951 618 984; x_wconf 70' lang='lat' dir='ltr'>assensus</span> <span class='ocrx_word' id='word_1_101' title='bbox 633 962 701 984; x_wconf 87' lang='lat' dir='ltr'>non</span> <span class='ocrx_word' id='word_1_102' title='bbox 723 950 830 984; x_wconf 73' lang='lat' dir='ltr'>fuisset</span> <span class='ocrx_word' id='word_1_103' title='bbox 842 949 1043 993; x_wconf 86' lang='lat' dir='ltr'>postulatus,</span> <span class='ocrx_word' id='word_1_104' title='bbox 1067 948 1102 982; x_wconf 90' lang='lat'>&amp;</span> 
     </span>
     <span class='ocr_line' id='line_1_17' title="bbox 215 998 1103 1044; baseline -0.005 -8"><span class='ocrx_word' id='word_1_105' title='bbox 215 1002 281 1038; x_wconf 85' lang='lat' dir='ltr'>sine</span> <span class='ocrx_word' id='word_1_106' title='bbox 302 1001 373 1044; x_wconf 87' lang='lat' dir='ltr'>ipso</span> <span class='ocrx_word' id='word_1_107' title='bbox 388 999 580 1038; x_wconf 81' lang='lat' dir='ltr'>Alexander</span> <span class='ocrx_word' id='word_1_108' title='bbox 602 1000 681 1035; x_wconf 78' lang='lat' dir='ltr'>esset</span> <span class='ocrx_word' id='word_1_109' title='bbox 692 1000 945 1035; x_wconf 82' lang='lat' dir='ltr'>consecratusin</span> <span class='ocrx_word' id='word_1_110' title='bbox 964 998 1103 1033; x_wconf 90' lang='lat' dir='ltr'>Pontifi-</span> 
     </span>
     <span class='ocr_line' id='line_1_18' title="bbox 215 1048 1104 1095; baseline -0.006 -10"><span class='ocrx_word' id='word_1_111' title='bbox 215 1062 286 1085; x_wconf 85' lang='lat' dir='ltr'>cem</span> <span class='ocrx_word' id='word_1_112' title='bbox 298 1077 305 1088; x_wconf 55' lang='lat'>2</span> <span class='ocrx_word' id='word_1_113' title='bbox 333 1051 530 1095; x_wconf 86' lang='lat' dir='ltr'>Repugnare</span> <span class='ocrx_word' id='word_1_114' title='bbox 549 1049 586 1084; x_wconf 88' lang='lat' dir='ltr'>id</span> <span class='ocrx_word' id='word_1_115' title='bbox 606 1050 762 1090; x_wconf 72' lang='lat' dir='ltr'>dixerunt</span> <span class='ocrx_word' id='word_1_116' title='bbox 773 1060 842 1083; x_wconf 88' lang='lat' dir='ltr'>non</span> <span class='ocrx_word' id='word_1_117' title='bbox 856 1048 962 1083; x_wconf 72' lang='lat' dir='ltr'>solum</span> <span class='ocrx_word' id='word_1_118' title='bbox 975 1050 1104 1092; x_wconf 89' lang='lat' dir='ltr'>nuperis</span> 
     </span>
     <span class='ocr_line' id='line_1_19' title="bbox 214 1098 1103 1143; baseline -0.002 -8"><span class='ocrx_word' id='word_1_119' title='bbox 214 1101 353 1135; x_wconf 84' lang='lat' dir='ltr'>Nicolai</span> <span class='ocrx_word' id='word_1_120' title='bbox 377 1100 510 1135; x_wconf 88' lang='lat' dir='ltr'>secundi</span> <span class='ocrx_word' id='word_1_121' title='bbox 533 1098 683 1136; x_wconf 80' lang='lat' dir='ltr'>Decretis</span> <span class='ocrx_word' id='word_1_122' title='bbox 705 1125 717 1141; x_wconf 89' lang='lat'>,</span> <span class='ocrx_word' id='word_1_123' title='bbox 745 1099 804 1142; x_wconf 74' lang='lat' dir='ltr'>sed</span> <span class='ocrx_word' id='word_1_124' title='bbox 820 1100 919 1139; x_wconf 89' lang='lat' dir='ltr'>etiam</span> <span class='ocrx_word' id='word_1_125' title='bbox 945 1109 1103 1143; x_wconf 78' lang='lat' dir='ltr'>perpetuae</span> 
     </span>
     <span class='ocr_line' id='line_1_20' title="bbox 214 1144 1105 1195; baseline -0.004 -8"><span class='ocrx_word' id='word_1_126' title='bbox 214 1150 364 1187; x_wconf 85' lang='lat' dir='ltr'>Romani</span> <span class='ocrx_word' id='word_1_127' title='bbox 387 1151 520 1195; x_wconf 76' lang='lat' dir='ltr'>Imperii</span> <span class='ocrx_word' id='word_1_128' title='bbox 542 1144 904 1195; x_wconf 75' lang='lat' dir='ltr'>acApostolicaeSedis</span> <span class='ocrx_word' id='word_1_129' title='bbox 931 1152 1105 1184; x_wconf 85' lang='lat' dir='ltr'>consuetu-</span> 
     </span>
     <span class='ocr_line' id='line_1_21' title="bbox 213 1199 1103 1246; baseline -0.002 -12"><span class='ocrx_word' id='word_1_130' title='bbox 213 1200 309 1243; x_wconf 79' lang='lat' dir='ltr'>dini,</span> <span class='ocrx_word' id='word_1_131' title='bbox 336 1200 467 1238; x_wconf 86' lang='lat' dir='ltr'>nullum</span> <span class='ocrx_word' id='word_1_132' title='bbox 503 1199 570 1238; x_wconf 90' lang='lat' dir='ltr'>huc</span> <span class='ocrx_word' id='word_1_133' title='bbox 607 1203 709 1246; x_wconf 89' lang='lat' dir='ltr'>usque</span> <span class='ocrx_word' id='word_1_134' title='bbox 736 1199 941 1239; x_wconf 76' lang='lat' dir='ltr'>admittentis</span> <span class='ocrx_word' id='word_1_135' title='bbox 964 1200 1103 1234; x_wconf 89' lang='lat' dir='ltr'>Pontifi-</span> 
     </span>
     <span class='ocr_line' id='line_1_22' title="bbox 214 1250 1102 1294; baseline -0.002 -9"><span class='ocrx_word' id='word_1_136' title='bbox 214 1262 285 1285; x_wconf 85' lang='lat' dir='ltr'>cem</span> <span class='ocrx_word' id='word_1_137' title='bbox 300 1275 311 1291; x_wconf 89' lang='lat'>,</span> <span class='ocrx_word' id='word_1_138' title='bbox 337 1250 398 1285; x_wconf 79' lang='lat' dir='ltr'>nist</span> <span class='ocrx_word' id='word_1_139' title='bbox 407 1251 426 1287; x_wconf 62' lang='lat' dir='ltr'>a</span> <span class='ocrx_word' id='word_1_140' title='bbox 439 1252 598 1288; x_wconf 88' lang='lat' dir='ltr'>Romano</span> <span class='ocrx_word' id='word_1_141' title='bbox 610 1251 750 1290; x_wconf 76' lang='lat' dir='ltr'>Pati-itio</span> <span class='ocrx_word' id='word_1_142' title='bbox 761 1250 977 1294; x_wconf 80' lang='lat' dir='ltr'>approbatum</span> <span class='ocrx_word' id='word_1_143' title='bbox 989 1275 996 1283; x_wconf 91' lang='lat'><em>.</em></span> <span class='ocrx_word' id='word_1_144' title='bbox 1024 1250 1102 1289; x_wconf 80' lang='lat' dir='ltr'>Por-</span> 
     </span>
     <span class='ocr_line' id='line_1_23' title="bbox 214 1300 1103 1345; baseline -0.001 -10"><span class='ocrx_word' id='word_1_145' title='bbox 214 1301 253 1335; x_wconf 77' lang='lat' dir='ltr'>ro</span> <span class='ocrx_word' id='word_1_146' title='bbox 266 1301 453 1334; x_wconf 87' lang='lat' dir='ltr'>Henricum</span> <span class='ocrx_word' id='word_1_147' title='bbox 471 1300 599 1345; x_wconf 87' lang='lat' dir='ltr'><em>Regem</em></span> <span class='ocrx_word' id='word_1_148' title='bbox 611 1326 621 1341; x_wconf 93' lang='lat'>,</span> <span class='ocrx_word' id='word_1_149' title='bbox 648 1302 723 1336; x_wconf 76' lang='lat' dir='ltr'>licet</span> <span class='ocrx_word' id='word_1_150' title='bbox 738 1301 878 1335; x_wconf 86' lang='lat' dir='ltr'>necdum</span> <span class='ocrx_word' id='word_1_151' title='bbox 894 1300 1082 1345; x_wconf 69' lang='lat' dir='ltr'>Augustum</span> <span class='ocrx_word' id='word_1_152' title='bbox 1094 1323 1103 1338; x_wconf 90' lang='lat'>,</span> 
     </span>
     <span class='ocr_line' id='line_1_24' title="bbox 215 1349 1102 1395; baseline -0.002 -12"><span class='ocrx_word' id='word_1_153' title='bbox 215 1350 280 1395; x_wconf 85' lang='lat' dir='ltr'>jam</span> <span class='ocrx_word' id='word_1_154' title='bbox 302 1360 413 1384; x_wconf 88' lang='lat' dir='ltr'>tamen</span> <span class='ocrx_word' id='word_1_155' title='bbox 435 1351 580 1385; x_wconf 78' lang='lat' dir='ltr'>omnino</span> <span class='ocrx_word' id='word_1_156' title='bbox 603 1352 666 1387; x_wconf 80' lang='lat' dir='ltr'>effe</span> <span class='ocrx_word' id='word_1_157' title='bbox 687 1351 880 1387; x_wconf 85' lang='lat' dir='ltr'>Romanum</span> <span class='ocrx_word' id='word_1_158' title='bbox 911 1349 1102 1392; x_wconf 75' lang='lat' dir='ltr'>patritium.</span> 
     </span>
     <span class='ocr_line' id='line_1_25' title="bbox 215 1395 1103 1446; baseline -0.001 -13"><span class='ocrx_word' id='word_1_159' title='bbox 215 1401 260 1434; x_wconf 90' lang='lat' dir='ltr'>Et</span> <span class='ocrx_word' id='word_1_160' title='bbox 273 1401 307 1434; x_wconf 87' lang='lat' dir='ltr'>in</span> <span class='ocrx_word' id='word_1_161' title='bbox 332 1399 427 1444; x_wconf 85' lang='lat' dir='ltr'>hujus</span> <span class='ocrx_word' id='word_1_162' title='bbox 439 1401 614 1445; x_wconf 83' lang='lat' dir='ltr'>dignitatis</span> <span class='ocrx_word' id='word_1_163' title='bbox 634 1402 865 1446; x_wconf 79' lang='lat' dir='ltr'>professionem</span> <span class='ocrx_word' id='word_1_164' title='bbox 886 1401 1041 1433; x_wconf 87' lang='lat' dir='ltr'>miserunt</span> <span class='ocrx_word' id='word_1_165' title='bbox 1055 1395 1103 1433; x_wconf 82' lang='lat' dir='ltr'>illi</span> 
     </span>
     <span class='ocr_line' id='line_1_26' title="bbox 215 1449 1105 1499; baseline 0 -15"><span class='ocrx_word' id='word_1_166' title='bbox 215 1449 422 1487; x_wconf 73' lang='lat' dir='ltr'>patritialem</span> <span class='ocrx_word' id='word_1_167' title='bbox 448 1450 639 1485; x_wconf 86' lang='lat' dir='ltr'>Coronam.</span> <span class='ocrx_word' id='word_1_168' title='bbox 667 1451 762 1499; x_wconf 82' lang='lat' dir='ltr'>Qin</span> <span class='ocrx_word' id='word_1_169' title='bbox 786 1452 821 1485; x_wconf 91' lang='lat'>&amp;</span> <span class='ocrx_word' id='word_1_170' title='bbox 844 1450 900 1484; x_wconf 89' lang='lat' dir='ltr'>ille</span> <span class='ocrx_word' id='word_1_171' title='bbox 916 1450 1021 1484; x_wconf 86' lang='lat' dir='ltr'>edixit</span> <span class='ocrx_word' id='word_1_172' title='bbox 1043 1450 1105 1484; x_wconf 91' lang='lat' dir='ltr'>Re-</span> 
     </span>
     <span class='ocr_line' id='line_1_27' title="bbox 214 1499 1106 1544; baseline -0.001 -11"><span class='ocrx_word' id='word_1_173' title='bbox 214 1500 262 1544; x_wconf 78' lang='lat' dir='ltr'>gii</span> <span class='ocrx_word' id='word_1_174' title='bbox 282 1501 364 1543; x_wconf 82' lang='lat' dir='ltr'>juris</span> <span class='ocrx_word' id='word_1_175' title='bbox 387 1499 605 1534; x_wconf 78' lang='lat' dir='ltr'>violationem</span> <span class='ocrx_word' id='word_1_176' title='bbox 629 1502 693 1534; x_wconf 84' lang='lat' dir='ltr'>effe</span> <span class='ocrx_word' id='word_1_177' title='bbox 715 1499 946 1534; x_wconf 85' lang='lat' dir='ltr'>ludiciffimam</span> <span class='ocrx_word' id='word_1_178' title='bbox 969 1525 980 1540; x_wconf 91' lang='lat'>,</span> <span class='ocrx_word' id='word_1_179' title='bbox 1006 1499 1040 1531; x_wconf 89' lang='lat'>&amp;</span> <span class='ocrx_word' id='word_1_180' title='bbox 1065 1499 1106 1532; x_wconf 91' lang='lat' dir='ltr'>ab</span> 
     </span>
     <span class='ocr_line' id='line_1_28' title="bbox 214 1548 1108 1593; baseline -0.001 -12"><span class='ocrx_word' id='word_1_181' title='bbox 214 1550 285 1592; x_wconf 85' lang='lat' dir='ltr'>ipso</span> <span class='ocrx_word' id='word_1_182' title='bbox 297 1549 398 1585; x_wconf 84' lang='lat' dir='ltr'>etiam</span> <span class='ocrx_word' id='word_1_183' title='bbox 412 1548 608 1587; x_wconf 87' lang='lat' dir='ltr'>Alexandro</span> <span class='ocrx_word' id='word_1_184' title='bbox 619 1550 756 1593; x_wconf 83' lang='lat' dir='ltr'>agnosci</span> <span class='ocrx_word' id='word_1_185' title='bbox 767 1549 808 1582; x_wconf 90' lang='lat' dir='ltr'>sic</span> <span class='ocrx_word' id='word_1_186' title='bbox 821 1548 972 1592; x_wconf 75' lang='lat' dir='ltr'>probavit</span> <span class='ocrx_word' id='word_1_187' title='bbox 984 1557 1108 1581; x_wconf 88' lang='lat' dir='ltr'>memo·</span> 
     </span>
     <span class='ocr_line' id='line_1_29' title="bbox 214 1597 1104 1635; baseline -0.003 -3"><span class='ocrx_word' id='word_1_188' title='bbox 214 1609 306 1632; x_wconf 83' lang='lat' dir='ltr'>ratus.</span> <span class='ocrx_word' id='word_1_189' title='bbox 319 1597 505 1634; x_wconf 80' lang='lat' dir='ltr'>cardinalis</span> <span class='ocrx_word' id='word_1_190' title='bbox 517 1598 660 1635; x_wconf 89' lang='lat' dir='ltr'>Benno:</span> <span class='ocrx_word' id='word_1_191' title='bbox 688 1600 744 1633; x_wconf 74' lang='lat' dir='ltr'>Ubi·</span> <span class='ocrx_word' id='word_1_192' title='bbox 758 1600 927 1635; x_wconf 64' lang='lat' dir='ltr'>Alexander</span> <span class='ocrx_word' id='word_1_193' title='bbox 952 1598 1104 1633; x_wconf 75' lang='lat' dir='ltr'>,intellexit</span> 
     </span>
     <span class='ocr_line' id='line_1_30' title="bbox 209 1648 1103 1694; baseline -0.002 -12"><span class='ocrx_word' id='word_1_194' title='bbox 209 1648 244 1694; x_wconf 88' lang='lat' dir='ltr'>se</span> <span class='ocrx_word' id='word_1_195' title='bbox 263 1649 340 1682; x_wconf 78' lang='lat' dir='ltr'>dolis</span> <span class='ocrx_word' id='word_1_196' title='bbox 363 1650 396 1683; x_wconf 67' lang='grc' dir='ltr'>(ν</span> <span class='ocrx_word' id='word_1_197' title='bbox 409 1657 487 1693; x_wconf 49' lang='grc' dir='ltr'>ιυιντεζ</span> <span class='ocrx_word' id='word_1_198' title='bbox 500 1648 543 1680; x_wconf 78' lang='lat' dir='ltr'>ab</span> <span class='ocrx_word' id='word_1_199' title='bbox 553 1648 760 1684; x_wconf 71' lang='lat' dir='ltr'>Hildebrando</span> <span class='ocrx_word' id='word_1_200' title='bbox 783 1649 817 1685; x_wconf 64' lang='grc' dir='ltr'>ὁ·</span> <span class='ocrx_word' id='word_1_201' title='bbox 828 1653 957 1683; x_wconf 66' lang='lat' dir='ltr'>inimicis</span> <span class='ocrx_word' id='word_1_202' title='bbox 971 1651 1103 1690; x_wconf 79' lang='lat' dir='ltr'>Impera-</span> 
     </span>
     <span class='ocr_line' id='line_1_31' title="bbox 213 1696 1104 1741; baseline 0.001 -9"><span class='ocrx_word' id='word_1_203' title='bbox 213 1704 289 1732; x_wconf 75' lang='lat' dir='ltr'>toris</span> <span class='ocrx_word' id='word_1_204' title='bbox 304 1698 433 1734; x_wconf 54' lang='lat' dir='ltr'>electum</span> <span class='ocrx_word' id='word_1_205' title='bbox 453 1696 734 1734; x_wconf 62' lang='lat' dir='ltr'>&amp;inthronizatum</span> <span class='ocrx_word' id='word_1_206' title='bbox 745 1724 756 1740; x_wconf 88' lang='lat'>‚</span> <span class='ocrx_word' id='word_1_207' title='bbox 783 1700 832 1732; x_wconf 81' lang='lat' dir='ltr'>die</span> <span class='ocrx_word' id='word_1_208' title='bbox 841 1699 970 1741; x_wconf 84' lang='lat' dir='ltr'>quodam</span> <span class='ocrx_word' id='word_1_209' title='bbox 981 1710 1046 1732; x_wconf 88' lang='lat' dir='ltr'>cum</span> <span class='ocrx_word' id='word_1_210' title='bbox 1061 1704 1104 1733; x_wconf 78' lang='lat' dir='ltr'>in-</span> 
     </span>
    </p>
   </div>
   <div class='ocr_carea' id='block_1_3' title="bbox 215 1746 1131 1792">
    <p class='ocr_par' dir='ltr' id='par_1_4' title="bbox 215 1746 1131 1792">
     <span class='ocr_line' id='line_1_32' title="bbox 215 1746 1131 1792; baseline -0.004 -8"><span class='ocrx_word' id='word_1_211' title='bbox 215 1758 261 1784; x_wconf 82' lang='lat' dir='ltr'>ter</span> <span class='ocrx_word' id='word_1_212' title='bbox 274 1748 426 1791; x_wconf 77' lang='lat' dir='ltr'>Missurum</span> <span class='ocrx_word' id='word_1_213' title='bbox 436 1747 579 1792; x_wconf 79' lang='lat' dir='ltr'>folemnia</span> <span class='ocrx_word' id='word_1_214' title='bbox 586 1746 748 1791; x_wconf 73' lang='lat' dir='ltr'>sermonem</span> <span class='ocrx_word' id='word_1_215' title='bbox 763 1748 885 1783; x_wconf 81' lang='lat' dir='ltr'>haberet</span> <span class='ocrx_word' id='word_1_216' title='bbox 893 1750 940 1782; x_wconf 84' lang='lat' dir='ltr'>ad</span> <span class='ocrx_word' id='word_1_217' title='bbox 943 1750 1084 1791; x_wconf 86' lang='lat' dir='ltr'>populum</span> <span class='ocrx_word' id='word_1_218' title='bbox 1095 1772 1105 1788; x_wconf 93' lang='lat'>,</span> <span class='ocrx_word' id='word_1_219' title='bbox 1128 1784 1131 1787; x_wconf 20' lang='lat'>³</span> 
     </span>
    </p>
   </div>
   <div class='ocr_carea' id='block_1_4' title="bbox 211 1796 1106 3487">
    <p class='ocr_par' dir='ltr' id='par_1_5' title="bbox 211 1796 1106 2578">
     <span class='ocr_line' id='line_1_33' title="bbox 211 1796 1106 1843; baseline -0.001 -12"><span class='ocrx_word' id='word_1_220' title='bbox 211 1800 398 1843; x_wconf 77' lang='lat' dir='ltr'>praedicavlt</span> <span class='ocrx_word' id='word_1_221' title='bbox 407 1822 417 1839; x_wconf 89' lang='lat'>,</span> <span class='ocrx_word' id='word_1_222' title='bbox 440 1798 478 1843; x_wconf 78' lang='lat' dir='ltr'>se</span> <span class='ocrx_word' id='word_1_223' title='bbox 490 1800 563 1835; x_wconf 84' lang='lat' dir='ltr'>nolle</span> <span class='ocrx_word' id='word_1_224' title='bbox 569 1797 671 1841; x_wconf 84' lang='lat' dir='ltr'>sedere</span> <span class='ocrx_word' id='word_1_225' title='bbox 692 1805 724 1833; x_wconf 75' lang='lat' dir='ltr'>in</span> <span class='ocrx_word' id='word_1_226' title='bbox 738 1802 758 1833; x_wconf 87' lang='lat'><em>5</em></span> <span class='ocrx_word' id='word_1_227' title='bbox 760 1800 813 1835; x_wconf 84' lang='lat' dir='ltr'>ede</span> <span class='ocrx_word' id='word_1_228' title='bbox 825 1799 984 1841; x_wconf 65' lang='lat' dir='ltr'>apostolica</span> <span class='ocrx_word' id='word_1_229' title='bbox 997 1796 1059 1841; x_wconf 83' lang='lat' dir='ltr'>abs</span> <span class='ocrx_word' id='word_1_230' title='bbox 1053 1809 1106 1840; x_wconf 81' lang='lat' dir='ltr'>que</span> 
     </span>
     <span class='ocr_line' id='line_1_34' title="bbox 216 1850 1103 1893; baseline -0.001 -11"><span class='ocrx_word' id='word_1_231' title='bbox 216 1851 336 1883; x_wconf 68' lang='lat' dir='ltr'>licentia</span> <span class='ocrx_word' id='word_1_232' title='bbox 361 1850 395 1885; x_wconf 65' lang='grc' dir='ltr'><em>Θ</em></span> <span class='ocrx_word' id='word_1_233' title='bbox 409 1854 513 1893; x_wconf 81' lang='lat' dir='ltr'>gratia</span> <span class='ocrx_word' id='word_1_234' title='bbox 538 1853 732 1890; x_wconf 84' lang='lat' dir='ltr'>Imperatoris</span> <span class='ocrx_word' id='word_1_235' title='bbox 757 1875 764 1882; x_wconf 92' lang='lat'><strong>.</strong></span> <span class='ocrx_word' id='word_1_236' title='bbox 792 1853 839 1885; x_wconf 81' lang='lat' dir='ltr'>Et</span> <span class='ocrx_word' id='word_1_237' title='bbox 860 1850 978 1891; x_wconf 75' lang='lat' dir='ltr'>publice?</span> <span class='ocrx_word' id='word_1_238' title='bbox 997 1850 1103 1889; x_wconf 74' lang='lat' dir='ltr'>dixit,</span> 
     </span>
     <span class='ocr_line' id='line_1_35' title="bbox 213 1897 1103 1943; baseline 0 -12"><span class='ocrx_word' id='word_1_239' title='bbox 213 1897 252 1943; x_wconf 86' lang='lat' dir='ltr'>se</span> <span class='ocrx_word' id='word_1_240' title='bbox 263 1900 381 1932; x_wconf 82' lang='lat' dir='ltr'>litteras</span> <span class='ocrx_word' id='word_1_241' title='bbox 402 1898 491 1940; x_wconf 85' lang='lat' dir='ltr'>hujus</span> <span class='ocrx_word' id='word_1_242' title='bbox 512 1905 667 1943; x_wconf 75' lang='lat' dir='ltr'>relgratia</span> <span class='ocrx_word' id='word_1_243' title='bbox 683 1900 831 1943; x_wconf 73' lang='lat' dir='ltr'>missurum</span> <span class='ocrx_word' id='word_1_244' title='bbox 847 1899 904 1942; x_wconf 81' lang='lat' dir='ltr'>ipsi</span> <span class='ocrx_word' id='word_1_245' title='bbox 912 1903 1103 1941; x_wconf 80' lang='lat' dir='ltr'>Imperatori.</span> 
     </span>
     <span class='ocr_line' id='line_1_36' title="bbox 219 1948 1103 1995; baseline -0.002 -12"><span class='ocrx_word' id='word_1_246' title='bbox 219 1948 275 1983; x_wconf 91' lang='lat' dir='ltr'>Ob</span> <span class='ocrx_word' id='word_1_247' title='bbox 286 1959 357 1992; x_wconf 87' lang='lat' dir='ltr'>quae</span> <span class='ocrx_word' id='word_1_248' title='bbox 368 1949 460 1984; x_wconf 81' lang='lat' dir='ltr'>verba</span> <span class='ocrx_word' id='word_1_249' title='bbox 472 1948 574 1992; x_wconf 84' lang='lat' dir='ltr'>garrit</span> <span class='ocrx_word' id='word_1_250' title='bbox 589 1949 695 1991; x_wconf 77' lang='lat' dir='ltr'>ipsum</span> <span class='ocrx_word' id='word_1_251' title='bbox 718 1950 789 1995; x_wconf 87' lang='lat' dir='ltr'>post</span> <span class='ocrx_word' id='word_1_252' title='bbox 803 1951 959 1994; x_wconf 65' lang='lat' dir='ltr'>peradiam</span> <span class='ocrx_word' id='word_1_253' title='bbox 971 1949 1103 1983; x_wconf 61' lang='lat' dir='ltr'>Missam</span> 
     </span>
     <span class='ocr_line' id='line_1_37' title="bbox 218 1997 1104 2042; baseline -0.001 -10"><span class='ocrx_word' id='word_1_254' title='bbox 218 1998 312 2032; x_wconf 81' lang='lat' dir='ltr'>fuiffe</span> <span class='ocrx_word' id='word_1_255' title='bbox 324 1998 427 2042; x_wconf 80' lang='lat' dir='ltr'>alapis</span> <span class='ocrx_word' id='word_1_256' title='bbox 447 1998 489 2034; x_wconf 77' lang='lat' dir='ltr'>ab</span> <span class='ocrx_word' id='word_1_257' title='bbox 501 1997 734 2033; x_wconf 82' lang='lat' dir='ltr'>Hildebrando</span> <span class='ocrx_word' id='word_1_258' title='bbox 745 2001 944 2042; x_wconf 74' lang='lat' dir='ltr'>percussum.</span> <span class='ocrx_word' id='word_1_259' title='bbox 978 1999 1030 2034; x_wconf 84' lang='lat' dir='ltr'>Ex</span> <span class='ocrx_word' id='word_1_260' title='bbox 1052 1997 1104 2032; x_wconf 84' lang='lat' dir='ltr'>his</span> 
     </span>
     <span class='ocr_line' id='line_1_38' title="bbox 215 2047 1104 2094; baseline -0.001 -12"><span class='ocrx_word' id='word_1_261' title='bbox 215 2049 296 2094; x_wconf 76' lang='lat' dir='ltr'>ergo</span> <span class='ocrx_word' id='word_1_262' title='bbox 315 2049 414 2082; x_wconf 80' lang='lat' dir='ltr'>causis</span> <span class='ocrx_word' id='word_1_263' title='bbox 436 2047 554 2091; x_wconf 73' lang='lat' dir='ltr'>praefati</span> <span class='ocrx_word' id='word_1_264' title='bbox 577 2047 699 2083; x_wconf 67' lang='lat' dir='ltr'>factiosi</span> <span class='ocrx_word' id='word_1_265' title='bbox 720 2048 762 2084; x_wconf 83' lang='lat' dir='ltr'>ab</span> <span class='ocrx_word' id='word_1_266' title='bbox 786 2049 997 2084; x_wconf 86' lang='lat' dir='ltr'>adolescente</span> <span class='ocrx_word' id='word_1_267' title='bbox 1010 2048 1104 2082; x_wconf 84' lang='lat' dir='ltr'>Prin-</span> 
     </span>
     <span class='ocr_line' id='line_1_39' title="bbox 214 2097 1106 2142; baseline 0 -10"><span class='ocrx_word' id='word_1_268' title='bbox 214 2099 288 2142; x_wconf 86' lang='lat' dir='ltr'>cipe</span> <span class='ocrx_word' id='word_1_269' title='bbox 308 2099 342 2134; x_wconf 87' lang='lat'>&amp;</span> <span class='ocrx_word' id='word_1_270' title='bbox 354 2098 422 2141; x_wconf 86' lang='lat' dir='ltr'>ejus</span> <span class='ocrx_word' id='word_1_271' title='bbox 435 2106 538 2133; x_wconf 85' lang='lat' dir='ltr'>matre</span> <span class='ocrx_word' id='word_1_272' title='bbox 548 2097 754 2142; x_wconf 88' lang='lat' dir='ltr'>postularunt</span> <span class='ocrx_word' id='word_1_273' title='bbox 766 2098 839 2140; x_wconf 79' lang='lat' dir='ltr'>ejici</span> <span class='ocrx_word' id='word_1_274' title='bbox 853 2098 1085 2133; x_wconf 87' lang='lat' dir='ltr'>Alexandrum</span> <span class='ocrx_word' id='word_1_275' title='bbox 1095 2121 1106 2138; x_wconf 94' lang='lat'>,</span> 
     </span>
     <span class='ocr_line' id='line_1_40' title="bbox 213 2147 1104 2191; baseline -0.003 -9"><span class='ocrx_word' id='word_1_276' title='bbox 213 2148 248 2182; x_wconf 72' lang='grc' dir='ltr'>ὅ(</span> <span class='ocrx_word' id='word_1_277' title='bbox 260 2160 388 2182; x_wconf 88' lang='lat' dir='ltr'>novum</span> <span class='ocrx_word' id='word_1_278' title='bbox 398 2148 477 2191; x_wconf 87' lang='lat' dir='ltr'>eligi</span> <span class='ocrx_word' id='word_1_279' title='bbox 489 2147 690 2182; x_wconf 82' lang='lat' dir='ltr'>Pontificem</span> <span class='ocrx_word' id='word_1_280' title='bbox 703 2172 713 2187; x_wconf 93' lang='lat'>‚</span> <span class='ocrx_word' id='word_1_281' title='bbox 733 2148 767 2182; x_wconf 72' lang='grc' dir='ltr'>ὅ(</span> <span class='ocrx_word' id='word_1_282' title='bbox 782 2148 823 2181; x_wconf 89' lang='lat' dir='ltr'>de</span> <span class='ocrx_word' id='word_1_283' title='bbox 838 2149 924 2182; x_wconf 71' lang='lat' dir='ltr'>facto</span> <span class='ocrx_word' id='word_1_284' title='bbox 935 2149 1104 2189; x_wconf 85' lang='lat' dir='ltr'>elegerunt</span> 
     </span>
     <span class='ocr_line' id='line_1_41' title="bbox 217 2195 1104 2238; baseline -0.003 -6"><span class='ocrx_word' id='word_1_285' title='bbox 217 2198 404 2232; x_wconf 79' lang='lat' dir='ltr'>cadaloum</span> <span class='ocrx_word' id='word_1_286' title='bbox 426 2196 635 2231; x_wconf 67' lang='lat' dir='ltr'>Par-mensem</span> <span class='ocrx_word' id='word_1_287' title='bbox 659 2196 880 2237; x_wconf 84' lang='lat' dir='ltr'>Episcopum,</span> <span class='ocrx_word' id='word_1_288' title='bbox 914 2195 1104 2238; x_wconf 85' lang='lat' dir='ltr'>suggestum</span> 
     </span>
     <span class='ocr_line' id='line_1_42' title="bbox 215 2243 1105 2288; baseline -0.006 -7"><span class='ocrx_word' id='word_1_289' title='bbox 215 2244 533 2281; x_wconf 87' lang='lat' dir='ltr'>&amp;commendatum</span> <span class='ocrx_word' id='word_1_290' title='bbox 558 2244 577 2278; x_wconf 70' lang='lat' dir='ltr'>a</span> <span class='ocrx_word' id='word_1_291' title='bbox 600 2243 780 2279; x_wconf 85' lang='lat' dir='ltr'>Guitberto</span> <span class='ocrx_word' id='word_1_292' title='bbox 805 2244 908 2288; x_wconf 88' lang='lat' dir='ltr'>Regis</span> <span class='ocrx_word' id='word_1_293' title='bbox 933 2243 1105 2278; x_wconf 84' lang='lat' dir='ltr'>Cancella-</span> 
     </span>
     <span class='ocr_line' id='line_1_43' title="bbox 216 2292 1101 2337; baseline -0.001 -9"><span class='ocrx_word' id='word_1_294' title='bbox 216 2295 266 2328; x_wconf 88' lang='lat' dir='ltr'>rio</span> <span class='ocrx_word' id='word_1_295' title='bbox 293 2318 305 2335; x_wconf 90' lang='lat'>,</span> <span class='ocrx_word' id='word_1_296' title='bbox 330 2292 467 2328; x_wconf 88' lang='lat' dir='ltr'>homine</span> <span class='ocrx_word' id='word_1_297' title='bbox 488 2293 651 2327; x_wconf 85' lang='lat' dir='ltr'>Parmensi</span> <span class='ocrx_word' id='word_1_298' title='bbox 682 2318 690 2325; x_wconf 85' lang='lat'>.</span> <span class='ocrx_word' id='word_1_299' title='bbox 717 2293 826 2335; x_wconf 87' lang='lat' dir='ltr'>Ipsum</span> <span class='ocrx_word' id='word_1_300' title='bbox 849 2294 1019 2337; x_wconf 87' lang='lat' dir='ltr'>elegerunt</span> <span class='ocrx_word' id='word_1_301' title='bbox 1043 2292 1101 2327; x_wconf 89' lang='lat' dir='ltr'>soli</span> 
     </span>
     <span class='ocr_line' id='line_1_44' title="bbox 216 2342 1103 2385; baseline 0 -8"><span class='ocrx_word' id='word_1_302' title='bbox 216 2343 427 2378; x_wconf 84' lang='lat' dir='ltr'>Placentinus</span> <span class='ocrx_word' id='word_1_303' title='bbox 447 2342 703 2378; x_wconf 88' lang='lat' dir='ltr'>&amp;Vercellensis</span> <span class='ocrx_word' id='word_1_304' title='bbox 726 2342 879 2385; x_wconf 84' lang='lat' dir='ltr'>Episcopi</span> <span class='ocrx_word' id='word_1_305' title='bbox 896 2367 908 2384; x_wconf 84' lang='lat'>,</span> <span class='ocrx_word' id='word_1_306' title='bbox 932 2342 1103 2377; x_wconf 67' lang='lat' dir='ltr'>findiffime</span> 
     </span>
     <span class='ocr_line' id='line_1_45' title="bbox 217 2391 1101 2433; baseline -0.003 -4"><span class='ocrx_word' id='word_1_307' title='bbox 217 2391 392 2429; x_wconf 79' lang='lat' dir='ltr'>&amp;notorie</span> <span class='ocrx_word' id='word_1_308' title='bbox 411 2392 599 2433; x_wconf 71' lang='lat' dir='ltr'>criminosi,</span> <span class='ocrx_word' id='word_1_309' title='bbox 625 2391 834 2427; x_wconf 85' lang='lat' dir='ltr'>deduxerunt</span> <span class='ocrx_word' id='word_1_310' title='bbox 859 2391 1004 2427; x_wconf 84' lang='lat' dir='ltr'>Romam</span> <span class='ocrx_word' id='word_1_311' title='bbox 1026 2403 1101 2426; x_wconf 89' lang='lat' dir='ltr'>cum</span> 
     </span>
     <span class='ocr_line' id='line_1_46' title="bbox 217 2442 1101 2485; baseline -0.005 -6"><span class='ocrx_word' id='word_1_312' title='bbox 217 2455 341 2479; x_wconf 84' lang='lat' dir='ltr'>armato</span> <span class='ocrx_word' id='word_1_313' title='bbox 363 2443 469 2477; x_wconf 87' lang='lat' dir='ltr'>milite</span> <span class='ocrx_word' id='word_1_314' title='bbox 481 2468 492 2485; x_wconf 88' lang='lat'>‚</span> <span class='ocrx_word' id='word_1_315' title='bbox 519 2442 667 2478; x_wconf 87' lang='lat' dir='ltr'>Romani</span> <span class='ocrx_word' id='word_1_316' title='bbox 686 2442 801 2484; x_wconf 88' lang='lat' dir='ltr'>populi</span> <span class='ocrx_word' id='word_1_317' title='bbox 822 2443 936 2476; x_wconf 87' lang='lat' dir='ltr'>foecem</span> <span class='ocrx_word' id='word_1_318' title='bbox 953 2453 1101 2485; x_wconf 86' lang='lat' dir='ltr'>corrupe-</span> 
     </span>
     <span class='ocr_line' id='line_1_47' title="bbox 218 2491 1098 2537; baseline 0 -11"><span class='ocrx_word' id='word_1_319' title='bbox 218 2504 295 2528; x_wconf 87' lang='lat' dir='ltr'>runt</span> <span class='ocrx_word' id='word_1_320' title='bbox 317 2493 489 2537; x_wconf 87' lang='lat' dir='ltr'>pecuniis,</span> <span class='ocrx_word' id='word_1_321' title='bbox 511 2502 610 2536; x_wconf 89' lang='lat' dir='ltr'>atque</span> <span class='ocrx_word' id='word_1_322' title='bbox 630 2492 676 2526; x_wconf 86' lang='lat' dir='ltr'>ita</span> <span class='ocrx_word' id='word_1_323' title='bbox 687 2491 819 2527; x_wconf 81' lang='lat' dir='ltr'>[dolum</span> <span class='ocrx_word' id='word_1_324' title='bbox 833 2492 972 2527; x_wconf 89' lang='lat' dir='ltr'>suumin</span> <span class='ocrx_word' id='word_1_325' title='bbox 992 2493 1098 2529; x_wconf 70' lang='lat' dir='ltr'>Sancti</span> 
     </span>
     <span class='ocr_line' id='line_1_48' title="bbox 218 2542 719 2578; baseline -0.006 0"><span class='ocrx_word' id='word_1_326' title='bbox 218 2543 308 2578; x_wconf 82' lang='lat' dir='ltr'>Petri</span> <span class='ocrx_word' id='word_1_327' title='bbox 330 2542 489 2576; x_wconf 86' lang='lat' dir='ltr'>thronum</span> <span class='ocrx_word' id='word_1_328' title='bbox 501 2542 719 2577; x_wconf 86' lang='lat' dir='ltr'>intruserunt.</span> 
     </span>
    </p>

    <p class='ocr_par' dir='ltr' id='par_1_6' title="bbox 219 2592 1101 3487">
     <span class='ocr_line' id='line_1_49' title="bbox 268 2592 1098 2635; baseline 0 -9"><span class='ocrx_word' id='word_1_329' title='bbox 268 2592 394 2626; x_wconf 78' lang='lat' dir='ltr'>Verum</span> <span class='ocrx_word' id='word_1_330' title='bbox 415 2593 456 2626; x_wconf 91' lang='lat' dir='ltr'>de</span> <span class='ocrx_word' id='word_1_331' title='bbox 469 2592 692 2628; x_wconf 87' lang='lat' dir='ltr'>Nortmannis</span> <span class='ocrx_word' id='word_1_332' title='bbox 713 2592 842 2635; x_wconf 81' lang='lat' dir='ltr'>quaefita</span> <span class='ocrx_word' id='word_1_333' title='bbox 866 2593 1032 2627; x_wconf 88' lang='lat' dir='ltr'>calumnia</span> <span class='ocrx_word' id='word_1_334' title='bbox 1053 2592 1098 2627; x_wconf 89' lang='lat' dir='ltr'>est</span> 
     </span>
     <span class='ocr_line' id='line_1_50' title="bbox 219 2642 1099 2686; baseline 0.001 -10"><span class='ocrx_word' id='word_1_335' title='bbox 219 2643 301 2677; x_wconf 74' lang='lat' dir='ltr'>adeo</span> <span class='ocrx_word' id='word_1_336' title='bbox 322 2642 438 2676; x_wconf 85' lang='lat' dir='ltr'>frivola</span> <span class='ocrx_word' id='word_1_337' title='bbox 462 2666 473 2682; x_wconf 93' lang='lat'>‚</span> <span class='ocrx_word' id='word_1_338' title='bbox 500 2652 537 2676; x_wconf 87' lang='lat' dir='ltr'>ut</span> <span class='ocrx_word' id='word_1_339' title='bbox 558 2642 625 2686; x_wconf 89' lang='lat' dir='ltr'>ipse</span> <span class='ocrx_word' id='word_1_340' title='bbox 647 2651 763 2675; x_wconf 87' lang='lat' dir='ltr'>contra</span> <span class='ocrx_word' id='word_1_341' title='bbox 785 2642 939 2676; x_wconf 59' lang='lat' dir='ltr'>sanetum</span> <span class='ocrx_word' id='word_1_342' title='bbox 964 2643 1099 2679; x_wconf 87' lang='lat' dir='ltr'>Petrum</span> 
     </span>
     <span class='ocr_line' id='line_1_51' title="bbox 220 2692 1101 2736; baseline -0.001 -8"><span class='ocrx_word' id='word_1_343' title='bbox 220 2693 378 2728; x_wconf 80' lang='lat' dir='ltr'>Damiani</span> <span class='ocrx_word' id='word_1_344' title='bbox 398 2693 565 2736; x_wconf 83' lang='lat' dir='ltr'>disputans</span> <span class='ocrx_word' id='word_1_345' title='bbox 591 2692 719 2736; x_wconf 85' lang='lat' dir='ltr'>Regius</span> <span class='ocrx_word' id='word_1_346' title='bbox 744 2692 937 2727; x_wconf 83' lang='lat' dir='ltr'>Advocatus</span> <span class='ocrx_word' id='word_1_347' title='bbox 977 2692 1101 2727; x_wconf 82' lang='lat' dir='ltr'>nullam</span> 
     </span>
     <span class='ocr_line' id='line_1_52' title="bbox 221 2741 1101 2787; baseline 0 -11"><span class='ocrx_word' id='word_1_348' title='bbox 221 2743 363 2777; x_wconf 72' lang='lat' dir='ltr'>omnino</span> <span class='ocrx_word' id='word_1_349' title='bbox 374 2744 486 2778; x_wconf 83' lang='lat' dir='ltr'>fecerit</span> <span class='ocrx_word' id='word_1_350' title='bbox 495 2742 564 2786; x_wconf 80' lang='lat' dir='ltr'>ejus</span> <span class='ocrx_word' id='word_1_351' title='bbox 575 2742 779 2776; x_wconf 83' lang='lat' dir='ltr'>mentionem</span> <span class='ocrx_word' id='word_1_352' title='bbox 790 2766 797 2775; x_wconf 92' lang='lat'><strong>.</strong></span> <span class='ocrx_word' id='word_1_353' title='bbox 826 2742 908 2777; x_wconf 86' lang='lat' dir='ltr'>Non</span> <span class='ocrx_word' id='word_1_354' title='bbox 929 2741 970 2776; x_wconf 90' lang='lat' dir='ltr'>ad</span> <span class='ocrx_word' id='word_1_355' title='bbox 981 2742 1101 2787; x_wconf 83' lang='lat' dir='ltr'>eligen-</span> 
     </span>
     <span class='ocr_line' id='line_1_53' title="bbox 221 2793 1101 2835; baseline 0.001 -8"><span class='ocrx_word' id='word_1_356' title='bbox 221 2794 302 2833; x_wconf 84' lang='lat' dir='ltr'>dum</span> <span class='ocrx_word' id='word_1_357' title='bbox 314 2817 324 2832; x_wconf 91' lang='lat'>,</span> <span class='ocrx_word' id='word_1_358' title='bbox 344 2793 402 2835; x_wconf 62' lang='lat' dir='ltr'>&gt;sed</span> <span class='ocrx_word' id='word_1_359' title='bbox 414 2793 455 2827; x_wconf 84' lang='lat' dir='ltr'>ad</span> <span class='ocrx_word' id='word_1_360' title='bbox 469 2794 585 2828; x_wconf 69' lang='lat' dir='ltr'>fastam</span> <span class='ocrx_word' id='word_1_361' title='bbox 597 2793 788 2827; x_wconf 61' lang='lat' dir='ltr'>elestionem</span> <span class='ocrx_word' id='word_1_362' title='bbox 799 2804 913 2827; x_wconf 88' lang='lat' dir='ltr'>contra</span> <span class='ocrx_word' id='word_1_363' title='bbox 927 2794 1101 2828; x_wconf 83' lang='lat' dir='ltr'>violentias</span> 
     </span>
     <span class='ocr_line' id='line_1_54' title="bbox 223 2842 1097 2881; baseline 0 -5"><span class='ocrx_word' id='word_1_364' title='bbox 223 2842 394 2877; x_wconf 85' lang='lat' dir='ltr'>tutandam</span> <span class='ocrx_word' id='word_1_365' title='bbox 415 2843 495 2877; x_wconf 84' lang='lat' dir='ltr'>Dux</span> <span class='ocrx_word' id='word_1_366' title='bbox 507 2843 795 2881; x_wconf 80' lang='lat' dir='ltr'>Nortmannorum</span> <span class='ocrx_word' id='word_1_367' title='bbox 817 2843 881 2878; x_wconf 90' lang='lat' dir='ltr'>fuit</span> <span class='ocrx_word' id='word_1_368' title='bbox 902 2842 1097 2879; x_wconf 84' lang='lat' dir='ltr'>advocatus.</span> 
     </span>
     <span class='ocr_line' id='line_1_55' title="bbox 223 2891 1097 2938; baseline 0.001 -11"><span class='ocrx_word' id='word_1_369' title='bbox 223 2894 325 2927; x_wconf 64' lang='lat' dir='ltr'>Dicto</span> <span class='ocrx_word' id='word_1_370' title='bbox 348 2902 456 2926; x_wconf 88' lang='lat' dir='ltr'>autem</span> <span class='ocrx_word' id='word_1_371' title='bbox 483 2891 681 2933; x_wconf 81' lang='lat' dir='ltr'>Advocato,</span> <span class='ocrx_word' id='word_1_372' title='bbox 709 2893 866 2937; x_wconf 82' lang='lat' dir='ltr'>alleganti</span> <span class='ocrx_word' id='word_1_373' title='bbox 890 2893 939 2936; x_wconf 83' lang='lat' dir='ltr'>jus</span> <span class='ocrx_word' id='word_1_374' title='bbox 953 2893 1097 2938; x_wconf 88' lang='lat' dir='ltr'>Regium</span> 
     </span>
     <span class='ocr_line' id='line_1_56' title="bbox 223 2941 1085 2993; baseline 0.001 -17"><span class='ocrx_word' id='word_1_375' title='bbox 223 2945 257 2976; x_wconf 74' lang='grc' dir='ltr'>ἀ</span> <span class='ocrx_word' id='word_1_376' title='bbox 280 2942 388 2976; x_wconf 79' lang='lat' dir='ltr'>datam</span> <span class='ocrx_word' id='word_1_377' title='bbox 410 2942 466 2985; x_wconf 88' lang='lat' dir='ltr'>ipsi</span> <span class='ocrx_word' id='word_1_378' title='bbox 502 2941 520 2974; x_wconf 65' lang='lat' dir='ltr'>a</span> <span class='ocrx_word' id='word_1_379' title='bbox 543 2941 688 2977; x_wconf 85' lang='lat' dir='ltr'>Nicolao</span> <span class='ocrx_word' id='word_1_380' title='bbox 708 2944 850 2977; x_wconf 89' lang='lat' dir='ltr'>secundo</span> <span class='ocrx_word' id='word_1_381' title='bbox 871 2944 1085 2993; x_wconf 29' lang='lat' dir='ltr'>*confirmatio</span> 
     </span>
     <span class='ocr_line' id='line_1_57' title="bbox 226 2992 1100 3036; baseline 0.001 -10"><span class='ocrx_word' id='word_1_382' title='bbox 226 3004 300 3026; x_wconf 87' lang='lat' dir='ltr'>nem</span> <span class='ocrx_word' id='word_1_383' title='bbox 315 3016 324 3031; x_wconf 88' lang='lat'>‚</span> <span class='ocrx_word' id='word_1_384' title='bbox 350 2992 499 3026; x_wconf 84' lang='lat' dir='ltr'>laudatus</span> <span class='ocrx_word' id='word_1_385' title='bbox 511 2992 668 3026; x_wconf 85' lang='lat' dir='ltr'>Damiani</span> <span class='ocrx_word' id='word_1_386' title='bbox 691 2992 829 3027; x_wconf 86' lang='lat' dir='ltr'>reddidit</span> <span class='ocrx_word' id='word_1_387' title='bbox 842 2994 902 3026; x_wconf 87' lang='lat' dir='ltr'>tria</span> <span class='ocrx_word' id='word_1_388' title='bbox 922 3004 1100 3036; x_wconf 88' lang='lat' dir='ltr'>perempto-</span> 
     </span>
     <span class='ocr_line' id='line_1_58' title="bbox 226 3041 1100 3087; baseline 0.002 -13"><span class='ocrx_word' id='word_1_389' title='bbox 226 3044 272 3075; x_wconf 86' lang='lat' dir='ltr'>ria</span> <span class='ocrx_word' id='word_1_390' title='bbox 289 3042 455 3084; x_wconf 86' lang='lat' dir='ltr'>Responsa</span> <span class='ocrx_word' id='word_1_391' title='bbox 467 3066 474 3074; x_wconf 96' lang='lat'>.</span> <span class='ocrx_word' id='word_1_392' title='bbox 500 3041 648 3075; x_wconf 89' lang='lat' dir='ltr'>Primum</span> <span class='ocrx_word' id='word_1_393' title='bbox 660 3042 704 3076; x_wconf 84' lang='lat' dir='ltr'>est</span> <span class='ocrx_word' id='word_1_394' title='bbox 718 3056 728 3076; x_wconf 86' lang='lat'>.·</span> <span class='ocrx_word' id='word_1_395' title='bbox 756 3045 952 3087; x_wconf 83' lang='lat' dir='ltr'>Privilegium</span> <span class='ocrx_word' id='word_1_396' title='bbox 965 3042 1100 3086; x_wconf 56' lang='lat' dir='ltr'>invidis-</span> 
     </span>
     <span class='ocr_line' id='line_1_59' title="bbox 220 3090 1085 3136; baseline 0.006 -14"><span class='ocrx_word' id='word_1_397' title='bbox 220 3092 289 3135; x_wconf 84' lang='lat' dir='ltr'>fimo</span> <span class='ocrx_word' id='word_1_398' title='bbox 313 3096 383 3135; x_wconf 78' lang='lat' dir='ltr'>Regi</span> <span class='ocrx_word' id='word_1_399' title='bbox 404 3090 496 3130; x_wconf 81' lang='lat' dir='ltr'>nostro</span> <span class='ocrx_word' id='word_1_400' title='bbox 519 3090 575 3132; x_wconf 79' lang='lat' dir='ltr'>ipsi</span> <span class='ocrx_word' id='word_1_401' title='bbox 580 3103 692 3134; x_wconf 88' lang='lat' dir='ltr'>quoque</span> <span class='ocrx_word' id='word_1_402' title='bbox 709 3092 914 3133; x_wconf 84' lang='lat' dir='ltr'>defendimus,</span> <span class='ocrx_word' id='word_1_403' title='bbox 939 3092 1085 3136; x_wconf 76' lang='lat' dir='ltr'>&amp;utsem</span> 
     </span>
     <span class='ocr_line' id='line_1_60' title="bbox 224 3140 1100 3185; baseline 0.002 -11"><span class='ocrx_word' id='word_1_404' title='bbox 224 3151 275 3184; x_wconf 78' lang='lat' dir='ltr'>per</span> <span class='ocrx_word' id='word_1_405' title='bbox 283 3142 403 3183; x_wconf 86' lang='lat' dir='ltr'>plenum</span> <span class='ocrx_word' id='word_1_406' title='bbox 416 3140 619 3183; x_wconf 72' lang='lat' dir='ltr'>illibatumque</span> <span class='ocrx_word' id='word_1_407' title='bbox 635 3142 773 3184; x_wconf 82' lang='lat' dir='ltr'>poffideat</span> <span class='ocrx_word' id='word_1_408' title='bbox 784 3167 794 3182; x_wconf 91' lang='lat'>‚</span> <span class='ocrx_word' id='word_1_409' title='bbox 820 3143 1006 3177; x_wconf 80' lang='lat' dir='ltr'>vehementer</span> <span class='ocrx_word' id='word_1_410' title='bbox 1018 3152 1100 3185; x_wconf 87' lang='lat' dir='ltr'>opta-</span> 
     </span>
     <span class='ocr_line' id='line_1_61' title="bbox 226 3193 1098 3234; baseline 0.005 -11"><span class='ocrx_word' id='word_1_411' title='bbox 226 3204 313 3223; x_wconf 88' lang='lat' dir='ltr'>mus.</span> <span class='ocrx_word' id='word_1_412' title='bbox 344 3193 434 3223; x_wconf 79' lang='grc' dir='ltr'>Ροννό</span> <span class='ocrx_word' id='word_1_413' title='bbox 455 3200 556 3223; x_wconf 87' lang='lat' dir='ltr'>autem</span> <span class='ocrx_word' id='word_1_414' title='bbox 578 3193 712 3224; x_wconf 74' lang='lat' dir='ltr'>Romana</span> <span class='ocrx_word' id='word_1_415' title='bbox 733 3193 858 3234; x_wconf 72' lang='lat' dir='ltr'>Ecclesia</span> <span class='ocrx_word' id='word_1_416' title='bbox 869 3195 961 3227; x_wconf 66' lang='lat' dir='ltr'>multa</span> <span class='ocrx_word' id='word_1_417' title='bbox 973 3193 1098 3227; x_wconf 74' lang='lat' dir='ltr'>nobilius</span> 
     </span>
     <span class='ocr_line' id='line_1_62' title="bbox 226 3239 1100 3284; baseline 0.005 -11"><span class='ocrx_word' id='word_1_418' title='bbox 226 3252 313 3283; x_wconf 81' lang='lat' dir='ltr'>atque</span> <span class='ocrx_word' id='word_1_419' title='bbox 319 3239 472 3283; x_wconf 78' lang='lat' dir='ltr'>sublimius</span> <span class='ocrx_word' id='word_1_420' title='bbox 484 3266 493 3280; x_wconf 93' lang='lat'>‚</span> <span class='ocrx_word' id='word_1_421' title='bbox 518 3243 609 3281; x_wconf 58' lang='lat' dir='ltr'>quam</span> <span class='ocrx_word' id='word_1_422' title='bbox 628 3249 723 3274; x_wconf 81' lang='lat' dir='ltr'>mater</span> <span class='ocrx_word' id='word_1_423' title='bbox 743 3249 842 3284; x_wconf 63' lang='lat' dir='ltr'>qarms</span> <span class='ocrx_word' id='word_1_424' title='bbox 855 3268 864 3283; x_wconf 88' lang='lat'><em>‚</em></span> <span class='ocrx_word' id='word_1_425' title='bbox 890 3251 984 3276; x_wconf 81' lang='lat' dir='ltr'>mater</span> <span class='ocrx_word' id='word_1_426' title='bbox 995 3243 1032 3283; x_wconf 81' lang='lat' dir='ltr'>est</span> <span class='ocrx_word' id='word_1_427' title='bbox 1046 3247 1100 3277; x_wconf 86' lang='lat' dir='ltr'>Re-</span> 
     </span>
     <span class='ocr_line' id='line_1_63' title="bbox 223 3290 1100 3334; baseline 0.005 -12"><span class='ocrx_word' id='word_1_428' title='bbox 223 3298 271 3334; x_wconf 82' lang='lat' dir='ltr'>gis</span> <span class='ocrx_word' id='word_1_429' title='bbox 288 3316 293 3322; x_wconf 95' lang='lat'>.</span> <span class='ocrx_word' id='word_1_430' title='bbox 320 3293 377 3323; x_wconf 85' lang='lat' dir='ltr'><em>Illa</em></span> <span class='ocrx_word' id='word_1_431' title='bbox 382 3290 524 3333; x_wconf 75' lang='lat' dir='ltr'>fiqut&#39;dem</span> <span class='ocrx_word' id='word_1_432' title='bbox 538 3296 657 3332; x_wconf 84' lang='lat' dir='ltr'>peperit</span> <span class='ocrx_word' id='word_1_433' title='bbox 672 3298 704 3323; x_wconf 86' lang='lat' dir='ltr'>ut</span> <span class='ocrx_word' id='word_1_434' title='bbox 711 3298 765 3331; x_wconf 84' lang='lat' dir='ltr'>per</span> <span class='ocrx_word' id='word_1_435' title='bbox 776 3295 923 3326; x_wconf 86' lang='lat' dir='ltr'>traducem</span> <span class='ocrx_word' id='word_1_436' title='bbox 936 3302 1100 3327; x_wconf 84' lang='lat' dir='ltr'>revertatur</span> 
     </span>
     <span class='ocr_line' id='line_1_64' title="bbox 229 3339 1100 3387; baseline 0.008 -15"><span class='ocrx_word' id='word_1_437' title='bbox 229 3353 261 3373; x_wconf 83' lang='lat' dir='ltr'>m</span> <span class='ocrx_word' id='word_1_438' title='bbox 267 3341 423 3383; x_wconf 75' lang='lat' dir='ltr'>pulverem</span> <span class='ocrx_word' id='word_1_439' title='bbox 434 3366 444 3382; x_wconf 83' lang='lat'>‚</span> <span class='ocrx_word' id='word_1_440' title='bbox 470 3339 523 3380; x_wconf 70' lang='lat' dir='ltr'>ista</span> <span class='ocrx_word' id='word_1_441' title='bbox 530 3345 632 3384; x_wconf 82' lang='lat' dir='ltr'>genuit</span> <span class='ocrx_word' id='word_1_442' title='bbox 643 3349 675 3372; x_wconf 85' lang='lat' dir='ltr'>ut</span> <span class='ocrx_word' id='word_1_443' title='bbox 690 3340 798 3381; x_wconf 67' lang='lat' dir='ltr'>christi</span> <span class='ocrx_word' id='word_1_444' title='bbox 807 3365 817 3382; x_wconf 91' lang='lat'>‚</span> <span class='ocrx_word' id='word_1_445' title='bbox 835 3342 965 3385; x_wconf 75' lang='lat' dir='ltr'>fine-fine</span> <span class='ocrx_word' id='word_1_446' title='bbox 974 3355 1100 3387; x_wconf 86' lang='lat' dir='ltr'>regnan-</span> 
     </span>
     <span class='ocr_line' id='line_1_65' title="bbox 229 3389 1099 3434; baseline 0.007 -13"><span class='ocrx_word' id='word_1_447' title='bbox 229 3397 269 3422; x_wconf 72' lang='lat' dir='ltr'>tis</span> <span class='ocrx_word' id='word_1_448' title='bbox 291 3391 393 3432; x_wconf 77' lang='lat' dir='ltr'>efficiat</span> <span class='ocrx_word' id='word_1_449' title='bbox 416 3389 613 3424; x_wconf 84' lang='lat' dir='ltr'>cohaeredem.</span> <span class='ocrx_word' id='word_1_450' title='bbox 644 3393 689 3422; x_wconf 88' lang='lat' dir='ltr'>Et</span> <span class='ocrx_word' id='word_1_451' title='bbox 699 3391 914 3434; x_wconf 67' lang='lat' dir='ltr'>cunfflh&#39;quidd</span> <span class='ocrx_word' id='word_1_452' title='bbox 936 3400 1074 3427; x_wconf 78' lang='lat' dir='ltr'>novimus</span> <span class='ocrx_word' id='word_1_453' title='bbox 1090 3419 1099 3434; x_wconf 91' lang='lat'>‚</span> 
     </span>
     <span class='ocr_line' id='line_1_66' title="bbox 227 3441 1098 3487; baseline 0.007 -16"><span class='ocrx_word' id='word_1_454' title='bbox 227 3446 298 3483; x_wconf 77' lang='lat' dir='ltr'>quia</span> <span class='ocrx_word' id='word_1_455' title='bbox 320 3445 408 3484; x_wconf 80' lang='lat' dir='ltr'>Rex,</span> <span class='ocrx_word' id='word_1_456' title='bbox 434 3441 499 3476; x_wconf 78' lang='lat' dir='ltr'>licet</span> <span class='ocrx_word' id='word_1_457' title='bbox 509 3445 632 3486; x_wconf 78' lang='lat' dir='ltr'>egregiae</span> <span class='ocrx_word' id='word_1_458' title='bbox 643 3441 769 3483; x_wconf 70' lang='lat' dir='ltr'>indolis,</span> <span class='ocrx_word' id='word_1_459' title='bbox 795 3449 894 3476; x_wconf 85' lang='lat' dir='ltr'>tamen</span> <span class='ocrx_word' id='word_1_460' title='bbox 913 3443 1012 3477; x_wconf 84' lang='lat' dir='ltr'>adbuc</span> <span class='ocrx_word' id='word_1_461' title='bbox 1023 3451 1098 3487; x_wconf 84' lang='lat' dir='ltr'>puer</span> 
     </span>
    </p>
   </div>
   <div class='ocr_carea' id='block_1_5' title="bbox 1209 161 1985 224">
    <p class='ocr_par' dir='ltr' id='par_1_7' title="bbox 1209 161 1985 224">
     <span class='ocr_line' id='line_1_67' title="bbox 1209 161 1985 224; baseline 0.004 -17"><span class='ocrx_word' id='word_1_462' title='bbox 1209 161 1671 214; x_wconf 76' lang='lat' dir='ltr'>ROMANuM·</span> <span class='ocrx_word' id='word_1_463' title='bbox 1899 180 1985 224; x_wconf 83' lang='lat'>141</span> 
     </span>
    </p>
   </div>
   <div class='ocr_carea' id='block_1_6' title="bbox 1116 244 2061 3536">
    <p class='ocr_par' dir='ltr' id='par_1_8' title="bbox 1116 244 2061 2528">
     <span class='ocr_line' id='line_1_68' title="bbox 1116 244 2051 290; baseline 0.005 -15"><span class='ocrx_word' id='word_1_464' title='bbox 1116 247 1122 274; x_wconf 76' lang='grc' dir='ltr'>ἲ</span> <span class='ocrx_word' id='word_1_465' title='bbox 1174 244 1231 284; x_wconf 82' lang='lat' dir='ltr'>est.</span> <span class='ocrx_word' id='word_1_466' title='bbox 1257 247 1345 289; x_wconf 74' lang='lat' dir='ltr'>,Quid</span> <span class='ocrx_word' id='word_1_467' title='bbox 1364 249 1431 290; x_wconf 69' lang='lat' dir='ltr'>ergd</span> <span class='ocrx_word' id='word_1_468' title='bbox 1454 248 1527 280; x_wconf 75' lang='lat' dir='ltr'>malz·</span> <span class='ocrx_word' id='word_1_469' title='bbox 1536 250 1671 286; x_wconf 86' lang='lat' dir='ltr'>Romana</span> <span class='ocrx_word' id='word_1_470' title='bbox 1689 248 1763 290; x_wconf 79' lang='lat' dir='ltr'>fecit</span> <span class='ocrx_word' id='word_1_471' title='bbox 1785 248 1930 290; x_wconf 73' lang='lat' dir='ltr'>Ecclesia,</span> <span class='ocrx_word' id='word_1_472' title='bbox 1949 248 1980 290; x_wconf 79' lang='lat' dir='ltr'><em>fi</em></span> <span class='ocrx_word' id='word_1_473' title='bbox 1990 248 2051 290; x_wconf 74' lang='lat' dir='ltr'>filici</span> 
     </span>
     <span class='ocr_line' id='line_1_69' title="bbox 1166 294 2051 342; baseline 0.003 -15"><span class='ocrx_word' id='word_1_474' title='bbox 1166 294 1218 336; x_wconf 87' lang='lat' dir='ltr'>suo</span> <span class='ocrx_word' id='word_1_475' title='bbox 1234 319 1244 335; x_wconf 88' lang='lat'>‚</span> <span class='ocrx_word' id='word_1_476' title='bbox 1270 308 1335 329; x_wconf 85' lang='lat' dir='ltr'>cum</span> <span class='ocrx_word' id='word_1_477' title='bbox 1354 295 1452 331; x_wconf 85' lang='lat' dir='ltr'>adbuc</span> <span class='ocrx_word' id='word_1_478' title='bbox 1474 298 1608 340; x_wconf 73' lang='lat' dir='ltr'>impubes</span> <span class='ocrx_word' id='word_1_479' title='bbox 1634 298 1722 342; x_wconf 85' lang='lat' dir='ltr'>esset,</span> <span class='ocrx_word' id='word_1_480' title='bbox 1747 300 1812 332; x_wconf 80' lang='lat' dir='ltr'>cum</span> <span class='ocrx_word' id='word_1_481' title='bbox 1835 298 1931 333; x_wconf 82' lang='lat' dir='ltr'>adhuc</span> <span class='ocrx_word' id='word_1_482' title='bbox 1942 305 2051 332; x_wconf 82' lang='lat' dir='ltr'>tutoris</span> 
     </span>
     <span class='ocr_line' id='line_1_70' title="bbox 1169 345 2051 392; baseline 0.006 -16"><span class='ocrx_word' id='word_1_483' title='bbox 1169 353 1286 387; x_wconf 81' lang='lat' dir='ltr'>egeret,</span> <span class='ocrx_word' id='word_1_484' title='bbox 1311 345 1377 388; x_wconf 73' lang='lat' dir='ltr'>ipsq</span> <span class='ocrx_word' id='word_1_485' title='bbox 1402 353 1509 384; x_wconf 73' lang='lat' dir='ltr'>tutoris</span> <span class='ocrx_word' id='word_1_486' title='bbox 1533 350 1651 390; x_wconf 83' lang='lat' dir='ltr'>officium</span> <span class='ocrx_word' id='word_1_487' title='bbox 1668 348 1784 392; x_wconf 68' lang='lat' dir='ltr'>subiit,</span> <span class='ocrx_word' id='word_1_488' title='bbox 1810 351 1844 383; x_wconf 66' lang='lat'>&lt;5</span> <span class='ocrx_word' id='word_1_489' title='bbox 1850 351 1905 389; x_wconf 86' lang='lat' dir='ltr'>jus</span> <span class='ocrx_word' id='word_1_490' title='bbox 1917 351 1997 391; x_wconf 77' lang='lat' dir='ltr'>quod</span> <span class='ocrx_word' id='word_1_491' title='bbox 2003 349 2051 384; x_wconf 67' lang='lat' dir='ltr'>ille</span> 
     </span>
     <span class='ocr_line' id='line_1_71' title="bbox 1169 395 2050 442; baseline 0.005 -15"><span class='ocrx_word' id='word_1_492' title='bbox 1169 395 1348 436; x_wconf 82' lang='lat' dir='ltr'>competebat</span> <span class='ocrx_word' id='word_1_493' title='bbox 1369 397 1527 436; x_wconf 70' lang='lat' dir='ltr'>implevit?</span> <span class='ocrx_word' id='word_1_494' title='bbox 1555 400 1638 440; x_wconf 75' lang='lat' dir='ltr'>,Quis</span> <span class='ocrx_word' id='word_1_495' title='bbox 1654 404 1733 432; x_wconf 83' lang='lat' dir='ltr'>enim</span> <span class='ocrx_word' id='word_1_496' title='bbox 1758 397 1891 442; x_wconf 64' lang='lat' dir='ltr'>nesciat,</span> <span class='ocrx_word' id='word_1_497' title='bbox 1912 404 1984 441; x_wconf 79' lang='lat' dir='ltr'>quia</span> <span class='ocrx_word' id='word_1_498' title='bbox 1994 400 2050 434; x_wconf 55' lang='lat' dir='ltr'>Sa*</span> 
     </span>
     <span class='ocr_line' id='line_1_72' title="bbox 1168 447 2051 493; baseline 0.008 -16"><span class='ocrx_word' id='word_1_499' title='bbox 1168 447 1311 479; x_wconf 84' lang='lat' dir='ltr'>cerdotem</span> <span class='ocrx_word' id='word_1_500' title='bbox 1334 447 1437 489; x_wconf 66' lang='lat' dir='ltr'>eligere</span> <span class='ocrx_word' id='word_1_501' title='bbox 1452 453 1531 493; x_wconf 78' lang='lat' dir='ltr'>puer</span> <span class='ocrx_word' id='word_1_502' title='bbox 1549 450 1690 490; x_wconf 75' lang='lat' dir='ltr'>ignorat?</span> <span class='ocrx_word' id='word_1_503' title='bbox 1716 448 1803 483; x_wconf 88' lang='lat' dir='ltr'>Puer</span> <span class='ocrx_word' id='word_1_504' title='bbox 1822 449 1971 493; x_wconf 80' lang='lat' dir='ltr'>impubes</span> <span class='ocrx_word' id='word_1_505' title='bbox 1982 458 2051 490; x_wconf 72' lang='lat' dir='ltr'>erat</span> 
     </span>
     <span class='ocr_line' id='line_1_73' title="bbox 1168 493 2050 544; baseline 0.007 -16"><span class='ocrx_word' id='word_1_506' title='bbox 1168 504 1247 528; x_wconf 90' lang='lat' dir='ltr'>tunc</span> <span class='ocrx_word' id='word_1_507' title='bbox 1270 494 1436 534; x_wconf 78' lang='lat' dir='ltr'>Henricus</span> <span class='ocrx_word' id='word_1_508' title='bbox 1457 493 1590 537; x_wconf 83' lang='lat' dir='ltr'>quartus</span> <span class='ocrx_word' id='word_1_509' title='bbox 1612 495 1670 529; x_wconf 91' lang='lat' dir='ltr'>sub</span> <span class='ocrx_word' id='word_1_510' title='bbox 1690 499 1792 531; x_wconf 85' lang='lat' dir='ltr'>tutela</span> <span class='ocrx_word' id='word_1_511' title='bbox 1813 497 2050 544; x_wconf 83' lang='lat' dir='ltr'>matrisAgne-</span> 
     </span>
     <span class='ocr_line' id='line_1_74' title="bbox 1167 544 2057 592; baseline 0.008 -14"><span class='ocrx_word' id='word_1_512' title='bbox 1167 545 1233 584; x_wconf 88' lang='lat' dir='ltr'>tis,</span> <span class='ocrx_word' id='word_1_513' title='bbox 1258 545 1400 592; x_wconf 84' lang='lat' dir='ltr'>ideoque</span> <span class='ocrx_word' id='word_1_514' title='bbox 1425 545 1554 588; x_wconf 84' lang='lat' dir='ltr'>Papalis</span> <span class='ocrx_word' id='word_1_515' title='bbox 1579 544 1748 585; x_wconf 67' lang='lat' dir='ltr'>elestionis</span> <span class='ocrx_word' id='word_1_516' title='bbox 1759 549 2057 585; x_wconf 83' lang='lat' dir='ltr'>confirmationem·</span> 
     </span>
     <span class='ocr_line' id='line_1_75' title="bbox 1166 594 2049 638; baseline 0.007 -10"><span class='ocrx_word' id='word_1_517' title='bbox 1166 594 1206 628; x_wconf 87' lang='lat' dir='ltr'>ad</span> <span class='ocrx_word' id='word_1_518' title='bbox 1218 606 1372 630; x_wconf 85' lang='lat' dir='ltr'>neutrum</span> <span class='ocrx_word' id='word_1_519' title='bbox 1393 594 1451 629; x_wconf 84' lang='lat' dir='ltr'>ista</span> <span class='ocrx_word' id='word_1_520' title='bbox 1475 594 1546 634; x_wconf 77' lang='lat' dir='ltr'>vice</span> <span class='ocrx_word' id='word_1_521' title='bbox 1560 596 1707 638; x_wconf 57' lang='lat' dir='ltr'>spediasi‘e</span> <span class='ocrx_word' id='word_1_522' title='bbox 1728 596 1879 630; x_wconf 86' lang='lat' dir='ltr'>sustinuit</span> <span class='ocrx_word' id='word_1_523' title='bbox 1898 598 2049 634; x_wconf 86' lang='lat' dir='ltr'>laudatus</span> 
     </span>
     <span class='ocr_line' id='line_1_76' title="bbox 1166 645 2054 685; baseline 0.003 -6"><span class='ocrx_word' id='word_1_524' title='bbox 1166 645 1284 683; x_wconf 82' lang='lat' dir='ltr'>Petrus</span> <span class='ocrx_word' id='word_1_525' title='bbox 1314 645 1473 685; x_wconf 77' lang='lat' dir='ltr'>Damiani</span> <span class='ocrx_word' id='word_1_526' title='bbox 1494 669 1501 677; x_wconf 90' lang='lat'><strong><em>.</em></strong></span> <span class='ocrx_word' id='word_1_527' title='bbox 1529 646 1662 681; x_wconf 81' lang='lat' dir='ltr'>Fatetur</span> <span class='ocrx_word' id='word_1_528' title='bbox 1684 646 1718 679; x_wconf 89' lang='lat'>&amp;</span> <span class='ocrx_word' id='word_1_529' title='bbox 1743 645 1863 681; x_wconf 85' lang='lat' dir='ltr'>Civilia</span> <span class='ocrx_word' id='word_1_530' title='bbox 1888 647 2054 682; x_wconf 83' lang='lat' dir='ltr'>&amp;Eccle·.</span> 
     </span>
     <span class='ocr_line' id='line_1_77' title="bbox 1165 694 2045 740; baseline 0.006 -12"><span class='ocrx_word' id='word_1_531' title='bbox 1165 695 1288 735; x_wconf 80' lang='lat' dir='ltr'>siastica</span> <span class='ocrx_word' id='word_1_532' title='bbox 1308 696 1445 740; x_wconf 84' lang='lat' dir='ltr'>negotia</span> <span class='ocrx_word' id='word_1_533' title='bbox 1467 698 1592 730; x_wconf 61' lang='lat' dir='ltr'>trafiari</span> <span class='ocrx_word' id='word_1_534' title='bbox 1614 696 1652 735; x_wconf 86' lang='lat' dir='ltr'>in</span> <span class='ocrx_word' id='word_1_535' title='bbox 1674 694 1825 737; x_wconf 86' lang='lat' dir='ltr'>Palatio,</span> <span class='ocrx_word' id='word_1_536' title='bbox 1852 696 1966 735; x_wconf 74' lang='lat' dir='ltr'>verum</span> <span class='ocrx_word' id='word_1_537' title='bbox 1977 697 2045 738; x_wconf 72' lang='lat' dir='ltr'>haec</span> 
     </span>
     <span class='ocr_line' id='line_1_78' title="bbox 1165 746 2046 791; baseline 0.005 -12"><span class='ocrx_word' id='word_1_538' title='bbox 1165 746 1215 782; x_wconf 88' lang='lat' dir='ltr'>uti</span> <span class='ocrx_word' id='word_1_539' title='bbox 1241 757 1309 780; x_wconf 88' lang='lat' dir='ltr'>non</span> <span class='ocrx_word' id='word_1_540' title='bbox 1333 757 1389 789; x_wconf 89' lang='lat' dir='ltr'>per</span> <span class='ocrx_word' id='word_1_541' title='bbox 1408 757 1544 791; x_wconf 88' lang='lat' dir='ltr'>puerum</span> <span class='ocrx_word' id='word_1_542' title='bbox 1556 772 1566 788; x_wconf 93' lang='lat'>‚</span> <span class='ocrx_word' id='word_1_543' title='bbox 1594 747 1638 780; x_wconf 88' lang='lat' dir='ltr'>ita</span> <span class='ocrx_word' id='word_1_544' title='bbox 1651 756 1712 779; x_wconf 88' lang='lat' dir='ltr'>nec</span> <span class='ocrx_word' id='word_1_545' title='bbox 1729 757 1784 789; x_wconf 83' lang='lat' dir='ltr'>per</span> <span class='ocrx_word' id='word_1_546' title='bbox 1801 748 1969 786; x_wconf 82' lang='lat' dir='ltr'>foeminam</span> <span class='ocrx_word' id='word_1_547' title='bbox 1981 758 2046 783; x_wconf 86' lang='lat' dir='ltr'>tra-</span> 
     </span>
     <span class='ocr_line' id='line_1_79' title="bbox 1165 795 2056 840; baseline 0.001 -10"><span class='ocrx_word' id='word_1_548' title='bbox 1165 795 1240 830; x_wconf 70' lang='lat' dir='ltr'>stari</span> <span class='ocrx_word' id='word_1_549' title='bbox 1266 797 1353 839; x_wconf 77' lang='lat' dir='ltr'>posse</span> <span class='ocrx_word' id='word_1_550' title='bbox 1384 820 1396 836; x_wconf 89' lang='lat'>,</span> <span class='ocrx_word' id='word_1_551' title='bbox 1433 795 1541 840; x_wconf 90' lang='lat' dir='ltr'>quoad</span> <span class='ocrx_word' id='word_1_552' title='bbox 1576 796 1634 830; x_wconf 87' lang='lat' dir='ltr'>ista</span> <span class='ocrx_word' id='word_1_553' title='bbox 1655 795 1843 830; x_wconf 80' lang='lat' dir='ltr'>Romanam</span> <span class='ocrx_word' id='word_1_554' title='bbox 1873 797 2056 837; x_wconf 82' lang='lat' dir='ltr'>Ecclesiam.</span> 
     </span>
     <span class='ocr_line' id='line_1_80' title="bbox 1165 845 2054 892; baseline -0.002 -9"><span class='ocrx_word' id='word_1_555' title='bbox 1165 847 1226 883; x_wconf 78' lang='lat' dir='ltr'>effe</span> <span class='ocrx_word' id='word_1_556' title='bbox 1240 846 1389 887; x_wconf 82' lang='lat' dir='ltr'>Romani</span> <span class='ocrx_word' id='word_1_557' title='bbox 1400 848 1505 892; x_wconf 85' lang='lat' dir='ltr'>Regis</span> <span class='ocrx_word' id='word_1_558' title='bbox 1516 847 1666 881; x_wconf 87' lang='lat' dir='ltr'>tutricem</span> <span class='ocrx_word' id='word_1_559' title='bbox 1678 870 1689 886; x_wconf 91' lang='lat'>,</span> <span class='ocrx_word' id='word_1_560' title='bbox 1715 845 1857 889; x_wconf 86' lang='lat' dir='ltr'>ideoque</span> <span class='ocrx_word' id='word_1_561' title='bbox 1876 845 1916 879; x_wconf 88' lang='lat' dir='ltr'>ab</span> <span class='ocrx_word' id='word_1_562' title='bbox 1930 847 1985 880; x_wconf 93' lang='lat' dir='ltr'>illa</span> <span class='ocrx_word' id='word_1_563' title='bbox 2000 850 2054 881; x_wconf 46' lang='lat' dir='ltr'>so*</span> 
     </span>
     <span class='ocr_line' id='line_1_81' title="bbox 1166 896 2054 940; baseline 0 -12"><span class='ocrx_word' id='word_1_564' title='bbox 1166 896 1197 929; x_wconf 88' lang='lat' dir='ltr'>la</span> <span class='ocrx_word' id='word_1_565' title='bbox 1208 896 1365 940; x_wconf 85' lang='lat' dir='ltr'>Papalem</span> <span class='ocrx_word' id='word_1_566' title='bbox 1385 897 1582 939; x_wconf 60' lang='lat' dir='ltr'>electionem</span> <span class='ocrx_word' id='word_1_567' title='bbox 1594 897 1738 932; x_wconf 83' lang='lat' dir='ltr'>debuisse</span> <span class='ocrx_word' id='word_1_568' title='bbox 1749 896 1954 930; x_wconf 84' lang='lat' dir='ltr'>confirmari.</span> <span class='ocrx_word' id='word_1_569' title='bbox 1983 897 2054 930; x_wconf 81' lang='lat' dir='ltr'>Ad..</span> 
     </span>
     <span class='ocr_line' id='line_1_82' title="bbox 1164 944 2052 990; baseline 0 -10"><span class='ocrx_word' id='word_1_570' title='bbox 1164 945 1215 981; x_wconf 79' lang='lat' dir='ltr'>d‘it</span> <span class='ocrx_word' id='word_1_571' title='bbox 1236 947 1381 982; x_wconf 88' lang='lat' dir='ltr'>&amp;aliam</span> <span class='ocrx_word' id='word_1_572' title='bbox 1391 948 1539 982; x_wconf 82' lang='lat' dir='ltr'>causam:</span> <span class='ocrx_word' id='word_1_573' title='bbox 1569 951 1650 981; x_wconf 86' lang='lat' dir='ltr'>Tunc</span> <span class='ocrx_word' id='word_1_574' title='bbox 1672 948 1797 990; x_wconf 86' lang='lat' dir='ltr'>quando</span> <span class='ocrx_word' id='word_1_575' title='bbox 1812 944 1980 987; x_wconf 78' lang='lat' dir='ltr'>Pontificem</span> <span class='ocrx_word' id='word_1_576' title='bbox 1992 950 2052 980; x_wconf 88' lang='lat' dir='ltr'>Ro·</span> 
     </span>
     <span class='ocr_line' id='line_1_83' title="bbox 1166 996 2051 1040; baseline 0.002 -11"><span class='ocrx_word' id='word_1_577' title='bbox 1166 1008 1258 1029; x_wconf 88' lang='lat' dir='ltr'>mana</span> <span class='ocrx_word' id='word_1_578' title='bbox 1272 996 1331 1037; x_wconf 75' lang='lat' dir='ltr'>fibi</span> <span class='ocrx_word' id='word_1_579' title='bbox 1347 998 1488 1040; x_wconf 82' lang='lat' dir='ltr'>praefecit</span> <span class='ocrx_word' id='word_1_580' title='bbox 1501 998 1648 1040; x_wconf 80' lang='lat' dir='ltr'>Ecclefia,</span> <span class='ocrx_word' id='word_1_581' title='bbox 1675 1005 1770 1031; x_wconf 75' lang='lat' dir='ltr'>tantae</span> <span class='ocrx_word' id='word_1_582' title='bbox 1783 996 1944 1040; x_wconf 66' lang='lat' dir='ltr'>simultatis</span> <span class='ocrx_word' id='word_1_583' title='bbox 1950 996 2051 1038; x_wconf 80' lang='lat' dir='ltr'>fomes</span> 
     </span>
     <span class='ocr_line' id='line_1_84' title="bbox 1165 1044 2051 1090; baseline 0.003 -11"><span class='ocrx_word' id='word_1_584' title='bbox 1165 1052 1197 1087; x_wconf 69' lang='lat' dir='ltr'>in</span> <span class='ocrx_word' id='word_1_585' title='bbox 1217 1044 1394 1090; x_wconf 85' lang='lat' dir='ltr'>seditionem</span> <span class='ocrx_word' id='word_1_586' title='bbox 1433 1053 1529 1082; x_wconf 73' lang='lat' dir='ltr'>Cives</span> <span class='ocrx_word' id='word_1_587' title='bbox 1564 1050 1760 1088; x_wconf 81' lang='lat' dir='ltr'>accenderat,</span> <span class='ocrx_word' id='word_1_588' title='bbox 1786 1057 1893 1080; x_wconf 85' lang='lat' dir='ltr'>tantus</span> <span class='ocrx_word' id='word_1_589' title='bbox 1919 1049 1995 1080; x_wconf 70' lang='lat' dir='ltr'>livor</span> <span class='ocrx_word' id='word_1_590' title='bbox 2016 1050 2051 1082; x_wconf 58' lang='grc' dir='ltr'>(θ’</span> 
     </span>
     <span class='ocr_line' id='line_1_85' title="bbox 1165 1098 2052 1140; baseline 0.002 -10"><span class='ocrx_word' id='word_1_591' title='bbox 1165 1098 1267 1134; x_wconf 78' lang='lat' dir='ltr'>odium</span> <span class='ocrx_word' id='word_1_592' title='bbox 1289 1099 1501 1131; x_wconf 77' lang='lat' dir='ltr'>tumultuantis</span> <span class='ocrx_word' id='word_1_593' title='bbox 1519 1100 1624 1140; x_wconf 82' lang='lat' dir='ltr'>populi</span> <span class='ocrx_word' id='word_1_594' title='bbox 1638 1100 1728 1131; x_wconf 83' lang='lat' dir='ltr'>corda</span> <span class='ocrx_word' id='word_1_595' title='bbox 1741 1098 1941 1137; x_wconf 82' lang='lat' dir='ltr'>turbaverat,</span> <span class='ocrx_word' id='word_1_596' title='bbox 1970 1108 2002 1132; x_wconf 86' lang='lat' dir='ltr'>ut</span> <span class='ocrx_word' id='word_1_597' title='bbox 2014 1101 2052 1133; x_wconf 87' lang='lat' dir='ltr'>de</span> 
     </span>
     <span class='ocr_line' id='line_1_86' title="bbox 1165 1148 2051 1191; baseline 0.001 -11"><span class='ocrx_word' id='word_1_598' title='bbox 1165 1157 1229 1180; x_wconf 88' lang='lat' dir='ltr'>tam</span> <span class='ocrx_word' id='word_1_599' title='bbox 1240 1149 1410 1191; x_wconf 81' lang='lat' dir='ltr'>longinquis</span> <span class='ocrx_word' id='word_1_600' title='bbox 1422 1157 1571 1188; x_wconf 72' lang='lat' dir='ltr'>terrarum</span> <span class='ocrx_word' id='word_1_601' title='bbox 1580 1148 1693 1191; x_wconf 79' lang='lat' dir='ltr'>spatiis</span> <span class='ocrx_word' id='word_1_602' title='bbox 1706 1159 1890 1191; x_wconf 79' lang='lat' dir='ltr'>nequaquam</span> <span class='ocrx_word' id='word_1_603' title='bbox 1907 1148 2051 1191; x_wconf 75' lang='lat' dir='ltr'>possemus</span> 
     </span>
     <span class='ocr_line' id='line_1_87' title="bbox 1167 1198 2053 1241; baseline 0.002 -11"><span class='ocrx_word' id='word_1_604' title='bbox 1167 1201 1269 1241; x_wconf 79' lang='lat' dir='ltr'>Regt&#39;ae</span> <span class='ocrx_word' id='word_1_605' title='bbox 1297 1200 1474 1235; x_wconf 80' lang='lat' dir='ltr'>Clementiae</span> <span class='ocrx_word' id='word_1_606' title='bbox 1490 1198 1658 1240; x_wconf 75' lang='lat' dir='ltr'>praestolarz·</span> <span class='ocrx_word' id='word_1_607' title='bbox 1678 1200 1824 1231; x_wconf 86' lang='lat' dir='ltr'>oraculum</span> <span class='ocrx_word' id='word_1_608' title='bbox 1851 1223 1858 1229; x_wconf 96' lang='lat'>.</span> <span class='ocrx_word' id='word_1_609' title='bbox 1886 1198 1958 1239; x_wconf 80' lang='lat' dir='ltr'>Nisi</span> <span class='ocrx_word' id='word_1_610' title='bbox 1972 1204 2053 1236; x_wconf 76' lang='lat' dir='ltr'>enim</span> 
     </span>
     <span class='ocr_line' id='line_1_88' title="bbox 1166 1246 2054 1290; baseline -0.002 -9"><span class='ocrx_word' id='word_1_611' title='bbox 1166 1254 1337 1290; x_wconf 84' lang='lat' dir='ltr'>quantocius</span> <span class='ocrx_word' id='word_1_612' title='bbox 1360 1250 1552 1282; x_wconf 82' lang='lat' dir='ltr'>ordinaretur</span> <span class='ocrx_word' id='word_1_613' title='bbox 1577 1247 1705 1288; x_wconf 78' lang='lat' dir='ltr'>Antistes</span> <span class='ocrx_word' id='word_1_614' title='bbox 1722 1273 1733 1289; x_wconf 91' lang='lat'>,</span> <span class='ocrx_word' id='word_1_615' title='bbox 1754 1246 1938 1290; x_wconf 79' lang='lat' dir='ltr'>perniciosus</span> <span class='ocrx_word' id='word_1_616' title='bbox 1960 1253 2054 1290; x_wconf 78' lang='lat' dir='ltr'>inpo·—</span> 
     </span>
     <span class='ocr_line' id='line_1_89' title="bbox 1163 1296 2052 1343; baseline 0.001 -12"><span class='ocrx_word' id='word_1_617' title='bbox 1163 1299 1234 1340; x_wconf 84' lang='lat' dir='ltr'>pulo</span> <span class='ocrx_word' id='word_1_618' title='bbox 1257 1299 1378 1343; x_wconf 82' lang='lat' dir='ltr'>gladius</span> <span class='ocrx_word' id='word_1_619' title='bbox 1399 1303 1512 1337; x_wconf 74' lang='lat' dir='ltr'>mutuIs</span> <span class='ocrx_word' id='word_1_620' title='bbox 1531 1299 1704 1338; x_wconf 70' lang='lat' dir='ltr'>vulneribus</span> <span class='ocrx_word' id='word_1_621' title='bbox 1728 1296 1911 1342; x_wconf 81' lang='lat' dir='ltr'>desaeviret,</span> <span class='ocrx_word' id='word_1_622' title='bbox 1936 1299 1970 1332; x_wconf 78' lang='lat'><em>&amp;</em></span> <span class='ocrx_word' id='word_1_623' title='bbox 1994 1310 2052 1332; x_wconf 85' lang='lat' dir='ltr'>non</span> 
     </span>
     <span class='ocr_line' id='line_1_90' title="bbox 1165 1347 2052 1390; baseline 0.001 -10"><span class='ocrx_word' id='word_1_624' title='bbox 1165 1357 1270 1389; x_wconf 84' lang='lat' dir='ltr'>parva</span> <span class='ocrx_word' id='word_1_625' title='bbox 1291 1351 1491 1386; x_wconf 80' lang='lat' dir='ltr'>Romanorum</span> <span class='ocrx_word' id='word_1_626' title='bbox 1505 1352 1628 1387; x_wconf 76' lang='lat' dir='ltr'>Civium</span> <span class='ocrx_word' id='word_1_627' title='bbox 1633 1348 1749 1390; x_wconf 82' lang='lat' dir='ltr'>strages</span> <span class='ocrx_word' id='word_1_628' title='bbox 1757 1347 1839 1390; x_wconf 82' lang='lat' dir='ltr'>fieret</span> <span class='ocrx_word' id='word_1_629' title='bbox 1849 1371 1857 1385; x_wconf 73' lang='grc'>.,</span> <span class='ocrx_word' id='word_1_630' title='bbox 1885 1347 1930 1381; x_wconf 90' lang='lat' dir='ltr'>Et</span> <span class='ocrx_word' id='word_1_631' title='bbox 1948 1348 2031 1383; x_wconf 59' lang='lat' dir='ltr'>infr&amp;</span> <span class='ocrx_word' id='word_1_632' title='bbox 2044 1362 2052 1381; x_wconf 95' lang='lat'>:</span> 
     </span>
     <span class='ocr_line' id='line_1_91' title="bbox 1168 1395 2054 1441; baseline 0.002 -11"><span class='ocrx_word' id='word_1_633' title='bbox 1168 1395 1296 1439; x_wconf 83' lang='lat' dir='ltr'>Glorioso</span> <span class='ocrx_word' id='word_1_634' title='bbox 1319 1400 1393 1440; x_wconf 70' lang='lat' dir='ltr'>Regi</span> <span class='ocrx_word' id='word_1_635' title='bbox 1413 1422 1424 1438; x_wconf 94' lang='lat'>,</span> <span class='ocrx_word' id='word_1_636' title='bbox 1451 1397 1534 1430; x_wconf 77' lang='lat' dir='ltr'>nobis</span> <span class='ocrx_word' id='word_1_637' title='bbox 1556 1399 1687 1441; x_wconf 70' lang='lat' dir='ltr'>eligendo</span> <span class='ocrx_word' id='word_1_638' title='bbox 1711 1397 1900 1438; x_wconf 84' lang='lat' dir='ltr'>Pontificem,</span> <span class='ocrx_word' id='word_1_639' title='bbox 1925 1396 1997 1438; x_wconf 85' lang='lat' dir='ltr'>abfit</span> <span class='ocrx_word' id='word_1_640' title='bbox 2019 1407 2054 1431; x_wconf 83' lang='lat' dir='ltr'>ut</span> 
     </span>
     <span class='ocr_line' id='line_1_92' title="bbox 1168 1446 2054 1489; baseline 0.001 -9"><span class='ocrx_word' id='word_1_641' title='bbox 1168 1459 1220 1483; x_wconf 82' lang='lat' dir='ltr'>nos</span> <span class='ocrx_word' id='word_1_642' title='bbox 1231 1447 1420 1489; x_wconf 76' lang='lat' dir='ltr'>intulissemus</span> <span class='ocrx_word' id='word_1_643' title='bbox 1441 1449 1587 1487; x_wconf 78' lang='lat' dir='ltr'>injuriam</span> <span class='ocrx_word' id='word_1_644' title='bbox 1599 1472 1611 1488; x_wconf 89' lang='lat'>,</span> <span class='ocrx_word' id='word_1_645' title='bbox 1636 1459 1702 1482; x_wconf 87' lang='lat' dir='ltr'>cum</span> <span class='ocrx_word' id='word_1_646' title='bbox 1714 1448 1759 1486; x_wconf 80' lang='lat' dir='ltr'>ad</span> <span class='ocrx_word' id='word_1_647' title='bbox 1780 1446 1832 1480; x_wconf 81' lang='lat' dir='ltr'>hoc</span> <span class='ocrx_word' id='word_1_648' title='bbox 1841 1458 1894 1481; x_wconf 87' lang='lat' dir='ltr'>nos</span> <span class='ocrx_word' id='word_1_649' title='bbox 1907 1449 2054 1488; x_wconf 83' lang='lat' dir='ltr'>neceffitas</span> 
     </span>
     <span class='ocr_line' id='line_1_93' title="bbox 1168 1497 2056 1538; baseline 0.002 -10"><span class='ocrx_word' id='word_1_650' title='bbox 1168 1499 1323 1537; x_wconf 75' lang='lat' dir='ltr'>impulerit</span> <span class='ocrx_word' id='word_1_651' title='bbox 1334 1520 1346 1535; x_wconf 94' lang='lat'>,</span> <span class='ocrx_word' id='word_1_652' title='bbox 1373 1508 1432 1529; x_wconf 87' lang='lat' dir='ltr'>non</span> <span class='ocrx_word' id='word_1_653' title='bbox 1450 1502 1565 1536; x_wconf 79' lang='lat' dir='ltr'>rapina</span> <span class='ocrx_word' id='word_1_654' title='bbox 1579 1520 1586 1527; x_wconf 94' lang='lat'>.</span> <span class='ocrx_word' id='word_1_655' title='bbox 1614 1498 1664 1528; x_wconf 79' lang='lat' dir='ltr'>Ad</span> <span class='ocrx_word' id='word_1_656' title='bbox 1676 1497 1726 1529; x_wconf 82' lang='lat' dir='ltr'>boc</span> <span class='ocrx_word' id='word_1_657' title='bbox 1736 1519 1748 1535; x_wconf 90' lang='lat'>,</span> <span class='ocrx_word' id='word_1_658' title='bbox 1773 1502 1898 1538; x_wconf 82' lang='lat' dir='ltr'>inquam</span> <span class='ocrx_word' id='word_1_659' title='bbox 1910 1520 1920 1535; x_wconf 92' lang='lat'>,</span> <span class='ocrx_word' id='word_1_660' title='bbox 1946 1509 1998 1530; x_wconf 87' lang='lat' dir='ltr'>nos</span> <span class='ocrx_word' id='word_1_661' title='bbox 2009 1504 2056 1531; x_wconf 80' lang='lat' dir='ltr'>in-</span> 
     </span>
     <span class='ocr_line' id='line_1_94' title="bbox 1168 1545 2056 1586; baseline 0.001 -7"><span class='ocrx_word' id='word_1_662' title='bbox 1168 1550 1247 1579; x_wconf 76' lang='lat' dir='ltr'>vitos</span> <span class='ocrx_word' id='word_1_663' title='bbox 1271 1550 1407 1578; x_wconf 76' lang='lat' dir='ltr'>attraxit</span> <span class='ocrx_word' id='word_1_664' title='bbox 1418 1550 1579 1578; x_wconf 71' lang='lat' dir='ltr'>imminens</span> <span class='ocrx_word' id='word_1_665' title='bbox 1585 1545 1753 1586; x_wconf 77' lang='lat' dir='ltr'>periculum</span> <span class='ocrx_word' id='word_1_666' title='bbox 1774 1547 1873 1579; x_wconf 78' lang='lat' dir='ltr'>civilis</span> <span class='ocrx_word' id='word_1_667' title='bbox 1885 1545 1972 1586; x_wconf 84' lang='lat' dir='ltr'>belli,</span> <span class='ocrx_word' id='word_1_668' title='bbox 1998 1558 2056 1580; x_wconf 89' lang='lat' dir='ltr'>non</span> 
     </span>
     <span class='ocr_line' id='line_1_95' title="bbox 1167 1595 2059 1638; baseline 0.003 -11"><span class='ocrx_word' id='word_1_669' title='bbox 1167 1595 1301 1629; x_wconf 73' lang='lat' dir='ltr'>laedenda·</span> <span class='ocrx_word' id='word_1_670' title='bbox 1315 1596 1369 1629; x_wconf 85' lang='lat' dir='ltr'>vel</span> <span class='ocrx_word' id='word_1_671' title='bbox 1378 1596 1535 1630; x_wconf 72' lang='lat' dir='ltr'>minuendi</span> <span class='ocrx_word' id='word_1_672' title='bbox 1557 1595 1636 1629; x_wconf 83' lang='lat' dir='ltr'>livor</span> <span class='ocrx_word' id='word_1_673' title='bbox 1646 1598 1788 1638; x_wconf 75' lang='lat' dir='ltr'>Imperii.</span> <span class='ocrx_word' id='word_1_674' title='bbox 1817 1595 1870 1629; x_wconf 87' lang='lat' dir='ltr'>Ex</span> <span class='ocrx_word' id='word_1_675' title='bbox 1882 1605 1972 1630; x_wconf 84' lang='lat' dir='ltr'>tanta</span> <span class='ocrx_word' id='word_1_676' title='bbox 1984 1607 2059 1631; x_wconf 86' lang='lat' dir='ltr'>cau-</span> 
     </span>
     <span class='ocr_line' id='line_1_96' title="bbox 1168 1644 2059 1686; baseline -0.002 -4"><span class='ocrx_word' id='word_1_677' title='bbox 1168 1646 1201 1682; x_wconf 85' lang='lat' dir='ltr'>sa</span> <span class='ocrx_word' id='word_1_678' title='bbox 1213 1644 1368 1683; x_wconf 73' lang='lat' dir='ltr'>asseverat</span> <span class='ocrx_word' id='word_1_679' title='bbox 1378 1670 1389 1686; x_wconf 84' lang='lat'>‚</span> <span class='ocrx_word' id='word_1_680' title='bbox 1417 1644 1495 1684; x_wconf 73' lang='lat' dir='ltr'>licet</span> <span class='ocrx_word' id='word_1_681' title='bbox 1520 1645 1607 1684; x_wconf 87' lang='lat' dir='ltr'>istud</span> <span class='ocrx_word' id='word_1_682' title='bbox 1619 1646 1654 1681; x_wconf 89' lang='lat' dir='ltr'>in</span> <span class='ocrx_word' id='word_1_683' title='bbox 1666 1646 1812 1684; x_wconf 86' lang='lat' dir='ltr'>Decreto</span> <span class='ocrx_word' id='word_1_684' title='bbox 1824 1648 1884 1681; x_wconf 86' lang='lat' dir='ltr'>suo</span> <span class='ocrx_word' id='word_1_685' title='bbox 1896 1646 2059 1682; x_wconf 83' lang='lat' dir='ltr'>Nicolaus</span> 
     </span>
     <span class='ocr_line' id='line_1_97' title="bbox 1168 1695 2060 1742; baseline 0.001 -11"><span class='ocrx_word' id='word_1_686' title='bbox 1168 1696 1329 1731; x_wconf 88' lang='lat' dir='ltr'>secundus</span> <span class='ocrx_word' id='word_1_687' title='bbox 1355 1695 1474 1731; x_wconf 74' lang='lat' dir='ltr'>diserte</span> <span class='ocrx_word' id='word_1_688' title='bbox 1497 1707 1567 1732; x_wconf 85' lang='lat' dir='ltr'>non</span> <span class='ocrx_word' id='word_1_689' title='bbox 1588 1697 1797 1742; x_wconf 77' lang='lat' dir='ltr'>expresserit,</span> <span class='ocrx_word' id='word_1_690' title='bbox 1822 1697 1958 1732; x_wconf 70' lang='lat' dir='ltr'>electum</span> <span class='ocrx_word' id='word_1_691' title='bbox 1971 1697 2060 1732; x_wconf 87' lang='lat' dir='ltr'>Pon·</span> 
     </span>
     <span class='ocr_line' id='line_1_98' title="bbox 1168 1746 2061 1793; baseline 0.003 -14"><span class='ocrx_word' id='word_1_692' title='bbox 1168 1747 1293 1782; x_wconf 82' lang='lat' dir='ltr'>tificem</span> <span class='ocrx_word' id='word_1_693' title='bbox 1319 1746 1387 1780; x_wconf 88' lang='lat' dir='ltr'>sine</span> <span class='ocrx_word' id='word_1_694' title='bbox 1399 1747 1486 1781; x_wconf 85' lang='lat' dir='ltr'>sacra</span> <span class='ocrx_word' id='word_1_695' title='bbox 1500 1746 1665 1793; x_wconf 76' lang='lat' dir='ltr'>Principis</span> <span class='ocrx_word' id='word_1_696' title='bbox 1683 1746 1822 1791; x_wconf 78' lang='lat' dir='ltr'>jussione</span> <span class='ocrx_word' id='word_1_697' title='bbox 1832 1748 1970 1793; x_wconf 77' lang='lat' dir='ltr'>potuisse</span> <span class='ocrx_word' id='word_1_698' title='bbox 1980 1759 2061 1783; x_wconf 91' lang='lat' dir='ltr'>cou-</span> 
     </span>
     <span class='ocr_line' id='line_1_99' title="bbox 1168 1796 2060 1842; baseline 0.003 -12"><span class='ocrx_word' id='word_1_699' title='bbox 1168 1796 1281 1831; x_wconf 84' lang='lat' dir='ltr'>secrari</span> <span class='ocrx_word' id='word_1_700' title='bbox 1296 1822 1303 1829; x_wconf 88' lang='lat'><em>.</em></span> <span class='ocrx_word' id='word_1_701' title='bbox 1331 1796 1374 1832; x_wconf 88' lang='lat' dir='ltr'>Et</span> <span class='ocrx_word' id='word_1_702' title='bbox 1386 1796 1461 1832; x_wconf 75' lang='lat' dir='ltr'>sane</span> <span class='ocrx_word' id='word_1_703' title='bbox 1472 1796 1645 1842; x_wconf 85' lang='lat' dir='ltr'>Pelagium</span> <span class='ocrx_word' id='word_1_704' title='bbox 1657 1799 1799 1841; x_wconf 87' lang='lat' dir='ltr'>primum</span> <span class='ocrx_word' id='word_1_705' title='bbox 1811 1822 1822 1837; x_wconf 94' lang='lat'>,</span> <span class='ocrx_word' id='word_1_706' title='bbox 1847 1797 1935 1842; x_wconf 74' lang='lat' dir='ltr'>quod</span> <span class='ocrx_word' id='word_1_707' title='bbox 1949 1799 2060 1833; x_wconf 78' lang='lat' dir='ltr'>Roma.</span> 
     </span>
     <span class='ocr_line' id='line_1_100' title="bbox 1167 1846 2061 1891; baseline -0.001 -8"><span class='ocrx_word' id='word_1_708' title='bbox 1167 1846 1367 1883; x_wconf 73' lang='lat' dir='ltr'>obsideretur</span> <span class='ocrx_word' id='word_1_709' title='bbox 1385 1847 1403 1883; x_wconf 70' lang='lat' dir='ltr'>a</span> <span class='ocrx_word' id='word_1_710' title='bbox 1428 1847 1664 1891; x_wconf 85' lang='lat' dir='ltr'>Longobardis</span> <span class='ocrx_word' id='word_1_711' title='bbox 1678 1872 1688 1888; x_wconf 91' lang='lat'>,</span> <span class='ocrx_word' id='word_1_712' title='bbox 1717 1849 1764 1882; x_wconf 86' lang='lat' dir='ltr'>ita</span> <span class='ocrx_word' id='word_1_713' title='bbox 1784 1848 1879 1884; x_wconf 83' lang='lat' dir='ltr'>fuisse</span> <span class='ocrx_word' id='word_1_714' title='bbox 1893 1850 2061 1883; x_wconf 86' lang='lat' dir='ltr'>consecra-</span> 
     </span>
     <span class='ocr_line' id='line_1_101' title="bbox 1167 1896 2061 1935; baseline 0.002 -4"><span class='ocrx_word' id='word_1_715' title='bbox 1167 1906 1240 1931; x_wconf 90' lang='lat' dir='ltr'>tum</span> <span class='ocrx_word' id='word_1_716' title='bbox 1264 1896 1400 1930; x_wconf 88' lang='lat' dir='ltr'>testatur</span> <span class='ocrx_word' id='word_1_717' title='bbox 1425 1896 1509 1933; x_wconf 85' lang='lat' dir='ltr'>liber</span> <span class='ocrx_word' id='word_1_718' title='bbox 1536 1897 1750 1932; x_wconf 84' lang='lat' dir='ltr'>Pontificalis</span> <span class='ocrx_word' id='word_1_719' title='bbox 1765 1923 1772 1930; x_wconf 88' lang='lat'><strong><em>.</em></strong></span> <span class='ocrx_word' id='word_1_720' title='bbox 1800 1898 1957 1935; x_wconf 75' lang='lat' dir='ltr'>Tertium</span> <span class='ocrx_word' id='word_1_721' title='bbox 1970 1898 2061 1933; x_wconf 87' lang='lat' dir='ltr'>Petri</span> 
     </span>
     <span class='ocr_line' id='line_1_102' title="bbox 1169 1946 2060 1991; baseline 0.003 -10"><span class='ocrx_word' id='word_1_722' title='bbox 1169 1946 1329 1981; x_wconf 80' lang='lat' dir='ltr'>Damiani</span> <span class='ocrx_word' id='word_1_723' title='bbox 1341 1946 1549 1991; x_wconf 88' lang='lat' dir='ltr'>Responsum</span> <span class='ocrx_word' id='word_1_724' title='bbox 1567 1948 1653 1982; x_wconf 87' lang='lat' dir='ltr'>di&#39;xit</span> <span class='ocrx_word' id='word_1_725' title='bbox 1667 1949 1785 1983; x_wconf 88' lang='lat' dir='ltr'>omnia</span> <span class='ocrx_word' id='word_1_726' title='bbox 1801 1948 1935 1984; x_wconf 86' lang='lat' dir='ltr'>Nicolai</span> <span class='ocrx_word' id='word_1_727' title='bbox 1949 1950 2060 1985; x_wconf 89' lang='lat' dir='ltr'>secun-</span> 
     </span>
     <span class='ocr_line' id='line_1_103' title="bbox 1166 1995 2061 2037; baseline 0.006 -7"><span class='ocrx_word' id='word_1_728' title='bbox 1166 1996 1202 2032; x_wconf 90' lang='lat' dir='ltr'>di</span> <span class='ocrx_word' id='word_1_729' title='bbox 1231 1995 1406 2031; x_wconf 70' lang='lat' dir='ltr'>Decretaa</span> <span class='ocrx_word' id='word_1_730' title='bbox 1432 1998 1572 2034; x_wconf 63' lang='lat' dir='ltr'>fastiosis</span> <span class='ocrx_word' id='word_1_731' title='bbox 1583 1998 1676 2036; x_wconf 71' lang='lat' dir='ltr'>fuisse</span> <span class='ocrx_word' id='word_1_732' title='bbox 1686 1999 1905 2037; x_wconf 65' lang='lat' dir='ltr'>circumducta</span> <span class='ocrx_word' id='word_1_733' title='bbox 1927 2001 2061 2035; x_wconf 87' lang='lat' dir='ltr'>&amp;dam-</span> 
     </span>
     <span class='ocr_line' id='line_1_104' title="bbox 1169 2047 2060 2094; baseline 0.004 -14"><span class='ocrx_word' id='word_1_734' title='bbox 1169 2056 1242 2081; x_wconf 87' lang='lat' dir='ltr'>nata</span> <span class='ocrx_word' id='word_1_735' title='bbox 1256 2070 1267 2087; x_wconf 92' lang='lat'>,</span> <span class='ocrx_word' id='word_1_736' title='bbox 1294 2047 1437 2091; x_wconf 88' lang='lat' dir='ltr'>ideoque</span> <span class='ocrx_word' id='word_1_737' title='bbox 1458 2049 1499 2082; x_wconf 92' lang='lat' dir='ltr'>ad</span> <span class='ocrx_word' id='word_1_738' title='bbox 1512 2048 1708 2093; x_wconf 74' lang='lat' dir='ltr'>datumper</span> <span class='ocrx_word' id='word_1_739' title='bbox 1721 2051 1788 2093; x_wconf 90' lang='lat' dir='ltr'>ipsa</span> <span class='ocrx_word' id='word_1_740' title='bbox 1799 2049 1898 2094; x_wconf 84' lang='lat' dir='ltr'>Regii</span> <span class='ocrx_word' id='word_1_741' title='bbox 1921 2051 2060 2084; x_wconf 73' lang='lat' dir='ltr'>assensus</span> 
     </span>
     <span class='ocr_line' id='line_1_105' title="bbox 1166 2095 2058 2148; baseline 0.007 -19"><span class='ocrx_word' id='word_1_742' title='bbox 1166 2095 1216 2138; x_wconf 82' lang='lat' dir='ltr'>jus</span> <span class='ocrx_word' id='word_1_743' title='bbox 1229 2108 1297 2131; x_wconf 91' lang='lat' dir='ltr'>non</span> <span class='ocrx_word' id='word_1_744' title='bbox 1311 2099 1399 2139; x_wconf 71' lang='lat' dir='ltr'>posse</span> <span class='ocrx_word' id='word_1_745' title='bbox 1411 2098 1451 2132; x_wconf 84' lang='lat' dir='ltr'>ab</span> <span class='ocrx_word' id='word_1_746' title='bbox 1464 2097 1577 2132; x_wconf 86' lang='lat' dir='ltr'>iisdem</span> <span class='ocrx_word' id='word_1_747' title='bbox 1591 2100 1783 2142; x_wconf 86' lang='lat' dir='ltr'>proclamari</span> <span class='ocrx_word' id='word_1_748' title='bbox 1795 2126 1802 2136; x_wconf 84' lang='lat'><strong>.</strong></span> <span class='ocrx_word' id='word_1_749' title='bbox 1834 2100 1937 2148; x_wconf 73' lang='lat' dir='ltr'>Qdd</span> <span class='ocrx_word' id='word_1_750' title='bbox 1952 2102 2058 2144; x_wconf 87' lang='lat' dir='ltr'>ipsum</span> 
     </span>
     <span class='ocr_line' id='line_1_106' title="bbox 1167 2145 2058 2193; baseline 0.009 -16"><span class='ocrx_word' id='word_1_751' title='bbox 1167 2146 1287 2179; x_wconf 66' lang='lat' dir='ltr'>Sancto</span> <span class='ocrx_word' id='word_1_752' title='bbox 1301 2145 1441 2180; x_wconf 88' lang='lat' dir='ltr'>Annoni</span> <span class='ocrx_word' id='word_1_753' title='bbox 1455 2146 1648 2183; x_wconf 82' lang='lat' dir='ltr'>Coloniensi</span> <span class='ocrx_word' id='word_1_754' title='bbox 1663 2150 1942 2193; x_wconf 83' lang='lat' dir='ltr'>Archiepiscopo,</span> <span class='ocrx_word' id='word_1_755' title='bbox 1965 2153 2058 2185; x_wconf 86' lang='lat' dir='ltr'>Hen-</span> 
     </span>
     <span class='ocr_line' id='line_1_107' title="bbox 1167 2192 2056 2243; baseline 0.009 -18"><span class='ocrx_word' id='word_1_756' title='bbox 1167 2192 1226 2226; x_wconf 90' lang='lat' dir='ltr'>rici</span> <span class='ocrx_word' id='word_1_757' title='bbox 1253 2193 1359 2237; x_wconf 83' lang='lat' dir='ltr'>Regis</span> <span class='ocrx_word' id='word_1_758' title='bbox 1380 2193 1421 2228; x_wconf 84' lang='lat' dir='ltr'>ad</span> <span class='ocrx_word' id='word_1_759' title='bbox 1435 2193 1660 2230; x_wconf 84' lang='lat' dir='ltr'>Alexandrum</span> <span class='ocrx_word' id='word_1_760' title='bbox 1684 2196 1885 2232; x_wconf 88' lang='lat' dir='ltr'>Pontificem</span> <span class='ocrx_word' id='word_1_761' title='bbox 1902 2200 2030 2243; x_wconf 88' lang='lat' dir='ltr'>Legato</span> <span class='ocrx_word' id='word_1_762' title='bbox 2045 2224 2056 2239; x_wconf 92' lang='lat'><em>‚</em></span> 
     </span>
     <span class='ocr_line' id='line_1_108' title="bbox 1167 2242 2058 2287; baseline 0.01 -12"><span class='ocrx_word' id='word_1_763' title='bbox 1167 2242 1338 2286; x_wconf 87' lang='lat' dir='ltr'>insigniter</span> <span class='ocrx_word' id='word_1_764' title='bbox 1360 2242 1504 2277; x_wconf 86' lang='lat' dir='ltr'>ostendit</span> <span class='ocrx_word' id='word_1_765' title='bbox 1518 2245 1550 2276; x_wconf 90' lang='lat' dir='ltr'>in</span> <span class='ocrx_word' id='word_1_766' title='bbox 1563 2246 1708 2287; x_wconf 85' lang='lat' dir='ltr'>antiquis</span> <span class='ocrx_word' id='word_1_767' title='bbox 1725 2246 1954 2282; x_wconf 83' lang='lat' dir='ltr'>Romanorum</span> <span class='ocrx_word' id='word_1_768' title='bbox 1968 2249 2058 2283; x_wconf 88' lang='lat' dir='ltr'>Pon-</span> 
     </span>
     <span class='ocr_line' id='line_1_109' title="bbox 1165 2292 2055 2339; baseline 0.008 -13"><span class='ocrx_word' id='word_1_769' title='bbox 1165 2292 1294 2326; x_wconf 87' lang='lat' dir='ltr'>tificum</span> <span class='ocrx_word' id='word_1_770' title='bbox 1317 2292 1403 2334; x_wconf 88' lang='lat' dir='ltr'>apud</span> <span class='ocrx_word' id='word_1_771' title='bbox 1439 2292 1619 2326; x_wconf 89' lang='lat' dir='ltr'>Nicolaum</span> <span class='ocrx_word' id='word_1_772' title='bbox 1653 2294 1920 2339; x_wconf 87' lang='lat' dir='ltr'>Arragonensem</span> <span class='ocrx_word' id='word_1_773' title='bbox 1945 2299 2055 2333; x_wconf 85' lang='lat' dir='ltr'>Gestis</span> 
     </span>
     <span class='ocr_line' id='line_1_110' title="bbox 1166 2340 2054 2384; baseline 0.009 -8"><span class='ocrx_word' id='word_1_774' title='bbox 1166 2341 1353 2376; x_wconf 88' lang='lat' dir='ltr'>Cardinalis</span> <span class='ocrx_word' id='word_1_775' title='bbox 1372 2340 1620 2376; x_wconf 81' lang='lat' dir='ltr'>Hildebrandus</span> <span class='ocrx_word' id='word_1_776' title='bbox 1644 2368 1652 2376; x_wconf 90' lang='lat'><strong>.</strong></span> <span class='ocrx_word' id='word_1_777' title='bbox 1680 2342 1821 2379; x_wconf 87' lang='lat' dir='ltr'>Addidit</span> <span class='ocrx_word' id='word_1_778' title='bbox 1844 2345 1959 2382; x_wconf 87' lang='lat' dir='ltr'>Petrus</span> <span class='ocrx_word' id='word_1_779' title='bbox 1975 2348 2054 2384; x_wconf 90' lang='lat' dir='ltr'>Ale-</span> 
     </span>
     <span class='ocr_line' id='line_1_111' title="bbox 1165 2391 2052 2435; baseline 0.011 -11"><span class='ocrx_word' id='word_1_780' title='bbox 1165 2391 1325 2425; x_wconf 86' lang='lat' dir='ltr'>xandrum</span> <span class='ocrx_word' id='word_1_781' title='bbox 1341 2403 1409 2425; x_wconf 89' lang='lat' dir='ltr'>non</span> <span class='ocrx_word' id='word_1_782' title='bbox 1427 2403 1470 2427; x_wconf 78' lang='lat' dir='ltr'>ex</span> <span class='ocrx_word' id='word_1_783' title='bbox 1481 2391 1640 2428; x_wconf 84' lang='lat' dir='ltr'>Romano</span> <span class='ocrx_word' id='word_1_784' title='bbox 1654 2393 1754 2429; x_wconf 77' lang='lat' dir='ltr'>Clero</span> <span class='ocrx_word' id='word_1_785' title='bbox 1766 2419 1778 2435; x_wconf 92' lang='lat'>‚</span> <span class='ocrx_word' id='word_1_786' title='bbox 1805 2396 1858 2430; x_wconf 90' lang='lat' dir='ltr'>sed</span> <span class='ocrx_word' id='word_1_787' title='bbox 1871 2408 1912 2430; x_wconf 80' lang='lat' dir='ltr'>ex</span> <span class='ocrx_word' id='word_1_788' title='bbox 1923 2398 2052 2434; x_wconf 87' lang='lat' dir='ltr'>Palatio</span> 
     </span>
     <span class='ocr_line' id='line_1_112' title="bbox 1164 2441 2053 2493; baseline 0.013 -19"><span class='ocrx_word' id='word_1_789' title='bbox 1164 2441 1259 2476; x_wconf 79' lang='lat' dir='ltr'>fuisse</span> <span class='ocrx_word' id='word_1_790' title='bbox 1282 2442 1420 2477; x_wconf 67' lang='lat' dir='ltr'>electum</span> <span class='ocrx_word' id='word_1_791' title='bbox 1434 2466 1445 2483; x_wconf 83' lang='lat'>,</span> <span class='ocrx_word' id='word_1_792' title='bbox 1471 2443 1612 2491; x_wconf 81' lang='lat' dir='ltr'>ideoque</span> <span class='ocrx_word' id='word_1_793' title='bbox 1634 2443 1676 2479; x_wconf 91' lang='lat' dir='ltr'>de</span> <span class='ocrx_word' id='word_1_794' title='bbox 1689 2445 1801 2493; x_wconf 87' lang='lat' dir='ltr'>Regio</span> <span class='ocrx_word' id='word_1_795' title='bbox 1814 2448 1938 2484; x_wconf 76' lang='lat' dir='ltr'>assensu</span> <span class='ocrx_word' id='word_1_796' title='bbox 1950 2450 2053 2485; x_wconf 84' lang='lat' dir='ltr'>nemi-</span> 
     </span>
     <span class='ocr_line' id='line_1_113' title="bbox 1167 2491 1837 2528; baseline 0 -1"><span class='ocrx_word' id='word_1_797' title='bbox 1167 2503 1241 2527; x_wconf 87' lang='lat' dir='ltr'>nem</span> <span class='ocrx_word' id='word_1_798' title='bbox 1255 2491 1431 2528; x_wconf 71' lang='lat' dir='ltr'>dubitasse.</span> <span class='ocrx_word' id='word_1_799' title='bbox 1832 2524 1837 2527; x_wconf 91' lang='lat'><em>.</em></span> 
     </span>
    </p>

    <p class='ocr_par' dir='ltr' id='par_1_9' title="bbox 1160 2541 2053 3490">
     <span class='ocr_line' id='line_1_114' title="bbox 1216 2541 2052 2588; baseline 0.017 -15"><span class='ocrx_word' id='word_1_800' title='bbox 1216 2541 1285 2575; x_wconf 81' lang='lat' dir='ltr'>Cur</span> <span class='ocrx_word' id='word_1_801' title='bbox 1308 2541 1480 2577; x_wconf 84' lang='lat' dir='ltr'>Romanus</span> <span class='ocrx_word' id='word_1_802' title='bbox 1493 2545 1633 2588; x_wconf 88' lang='lat' dir='ltr'>populus</span> <span class='ocrx_word' id='word_1_803' title='bbox 1657 2547 1690 2581; x_wconf 89' lang='lat' dir='ltr'>in</span> <span class='ocrx_word' id='word_1_804' title='bbox 1706 2546 1881 2584; x_wconf 85' lang='lat' dir='ltr'>Pontificis</span> <span class='ocrx_word' id='word_1_805' title='bbox 1894 2551 2052 2587; x_wconf 69' lang='lat' dir='ltr'>elestione</span> 
     </span>
     <span class='ocr_line' id='line_1_115' title="bbox 1165 2592 2050 2637; baseline 0.012 -12"><span class='ocrx_word' id='word_1_806' title='bbox 1165 2592 1246 2626; x_wconf 90' lang='lat' dir='ltr'>olim</span> <span class='ocrx_word' id='word_1_807' title='bbox 1274 2592 1371 2626; x_wconf 83' lang='lat' dir='ltr'>fuerit</span> <span class='ocrx_word' id='word_1_808' title='bbox 1395 2594 1497 2636; x_wconf 88' lang='lat' dir='ltr'>usque</span> <span class='ocrx_word' id='word_1_809' title='bbox 1517 2596 1557 2629; x_wconf 90' lang='lat' dir='ltr'>ad</span> <span class='ocrx_word' id='word_1_810' title='bbox 1582 2606 1713 2632; x_wconf 86' lang='lat' dir='ltr'>mutuas</span> <span class='ocrx_word' id='word_1_811' title='bbox 1734 2600 1768 2633; x_wconf 91' lang='lat' dir='ltr'>in</span> <span class='ocrx_word' id='word_1_812' title='bbox 1791 2601 1931 2636; x_wconf 75' lang='lat' dir='ltr'>Ecclesia</span> <span class='ocrx_word' id='word_1_813' title='bbox 1946 2603 2050 2637; x_wconf 84' lang='lat' dir='ltr'>coedes</span> 
     </span>
     <span class='ocr_line' id='line_1_116' title="bbox 1165 2642 2048 2693; baseline 0.015 -19"><span class='ocrx_word' id='word_1_814' title='bbox 1165 2642 1362 2686; x_wconf 84' lang='lat' dir='ltr'>quandoque</span> <span class='ocrx_word' id='word_1_815' title='bbox 1386 2645 1604 2681; x_wconf 86' lang='lat' dir='ltr'>tumultuatus</span> <span class='ocrx_word' id='word_1_816' title='bbox 1624 2673 1634 2688; x_wconf 92' lang='lat'>,</span> <span class='ocrx_word' id='word_1_817' title='bbox 1661 2646 1760 2683; x_wconf 85' lang='lat' dir='ltr'>habes</span> <span class='ocrx_word' id='word_1_818' title='bbox 1785 2651 1870 2693; x_wconf 91' lang='lat' dir='ltr'>apud</span> <span class='ocrx_word' id='word_1_819' title='bbox 1901 2653 2048 2686; x_wconf 86' lang='lat' dir='ltr'>Ammia-</span> 
     </span>
     <span class='ocr_line' id='line_1_117' title="bbox 1165 2692 2053 2745; baseline 0.012 -20"><span class='ocrx_word' id='word_1_820' title='bbox 1165 2704 1245 2726; x_wconf 90' lang='lat' dir='ltr'>num</span> <span class='ocrx_word' id='word_1_821' title='bbox 1259 2692 1492 2728; x_wconf 84' lang='lat' dir='ltr'>Marcellinum</span> <span class='ocrx_word' id='word_1_822' title='bbox 1505 2720 1512 2728; x_wconf 91' lang='lat'><strong>.</strong></span> <span class='ocrx_word' id='word_1_823' title='bbox 1539 2696 1651 2741; x_wconf 80' lang='lat' dir='ltr'>Regiae</span> <span class='ocrx_word' id='word_1_824' title='bbox 1663 2699 1830 2742; x_wconf 82' lang='lat' dir='ltr'>Majestati</span> <span class='ocrx_word' id='word_1_825' title='bbox 1853 2701 1952 2735; x_wconf 88' lang='lat' dir='ltr'>etiam</span> <span class='ocrx_word' id='word_1_826' title='bbox 1968 2714 2053 2745; x_wconf 81' lang='lat' dir='ltr'>quo-</span> 
     </span>
     <span class='ocr_line' id='line_1_118' title="bbox 1169 2741 2050 2796; baseline 0.012 -20"><span class='ocrx_word' id='word_1_827' title='bbox 1169 2741 1208 2776; x_wconf 91' lang='lat' dir='ltr'>ad</span> <span class='ocrx_word' id='word_1_828' title='bbox 1220 2752 1383 2777; x_wconf 86' lang='lat' dir='ltr'>externam</span> <span class='ocrx_word' id='word_1_829' title='bbox 1403 2746 1584 2786; x_wconf 82' lang='lat' dir='ltr'>potentiam</span> <span class='ocrx_word' id='word_1_830' title='bbox 1607 2747 1640 2780; x_wconf 76' lang='grc' dir='ltr'>ὃ(</span> <span class='ocrx_word' id='word_1_831' title='bbox 1654 2748 1858 2792; x_wconf 86' lang='lat' dir='ltr'>splendorem</span> <span class='ocrx_word' id='word_1_832' title='bbox 1873 2751 2050 2796; x_wconf 89' lang='lat' dir='ltr'>Episcopa-</span> 
     </span>
     <span class='ocr_line' id='line_1_119' title="bbox 1161 2792 2047 2842; baseline 0.011 -15"><span class='ocrx_word' id='word_1_833' title='bbox 1161 2803 1211 2827; x_wconf 88' lang='lat' dir='ltr'>tus</span> <span class='ocrx_word' id='word_1_834' title='bbox 1236 2792 1294 2827; x_wconf 85' lang='lat' dir='ltr'>iste</span> <span class='ocrx_word' id='word_1_835' title='bbox 1317 2793 1379 2828; x_wconf 87' lang='lat' dir='ltr'>fuit</span> <span class='ocrx_word' id='word_1_836' title='bbox 1401 2795 1524 2838; x_wconf 84' lang='lat' dir='ltr'>semper</span> <span class='ocrx_word' id='word_1_837' title='bbox 1535 2798 1682 2838; x_wconf 69' lang='lat' dir='ltr'>aequalis.</span> <span class='ocrx_word' id='word_1_838' title='bbox 1712 2799 1784 2842; x_wconf 85' lang='lat' dir='ltr'>Jam</span> <span class='ocrx_word' id='word_1_839' title='bbox 1802 2800 1906 2838; x_wconf 71' lang='lat' dir='ltr'>distes</span> <span class='ocrx_word' id='word_1_840' title='bbox 1927 2803 2047 2836; x_wconf 91' lang='lat' dir='ltr'>tumul-</span> 
     </span>
     <span class='ocr_line' id='line_1_120' title="bbox 1160 2844 2045 2890; baseline 0.01 -13"><span class='ocrx_word' id='word_1_841' title='bbox 1160 2854 1212 2877; x_wconf 86' lang='lat' dir='ltr'>tus</span> <span class='ocrx_word' id='word_1_842' title='bbox 1235 2844 1379 2879; x_wconf 81' lang='lat' dir='ltr'>fecerunt</span> <span class='ocrx_word' id='word_1_843' title='bbox 1401 2845 1508 2890; x_wconf 88' lang='lat' dir='ltr'>Hugo</span> <span class='ocrx_word' id='word_1_844' title='bbox 1546 2846 1690 2882; x_wconf 89' lang='lat' dir='ltr'>Blancus</span> <span class='ocrx_word' id='word_1_845' title='bbox 1717 2850 1904 2886; x_wconf 87' lang='lat' dir='ltr'>Cardinalis</span> <span class='ocrx_word' id='word_1_846' title='bbox 1935 2854 2045 2887; x_wconf 68' lang='lat' dir='ltr'>Sancti</span> 
     </span>
     <span class='ocr_line' id='line_1_121' title="bbox 1161 2893 2047 2945; baseline 0.012 -19"><span class='ocrx_word' id='word_1_847' title='bbox 1161 2893 1365 2935; x_wconf 87' lang='lat' dir='ltr'>Clementis,</span> <span class='ocrx_word' id='word_1_848' title='bbox 1392 2894 1605 2931; x_wconf 84' lang='lat' dir='ltr'>Placentinus</span> <span class='ocrx_word' id='word_1_849' title='bbox 1627 2899 1660 2932; x_wconf 72' lang='grc' dir='ltr'>ὃς</span> <span class='ocrx_word' id='word_1_850' title='bbox 1676 2897 1891 2935; x_wconf 86' lang='lat' dir='ltr'>Vercellcnsis</span> <span class='ocrx_word' id='word_1_851' title='bbox 1912 2902 2047 2945; x_wconf 84' lang='lat' dir='ltr'>Episco-</span> 
     </span>
     <span class='ocr_line' id='line_1_122' title="bbox 1162 2942 2045 2993; baseline 0.014 -18"><span class='ocrx_word' id='word_1_852' title='bbox 1162 2944 1217 2985; x_wconf 87' lang='lat' dir='ltr'>pi,</span> <span class='ocrx_word' id='word_1_853' title='bbox 1244 2942 1358 2978; x_wconf 84' lang='lat' dir='ltr'>Abbas</span> <span class='ocrx_word' id='word_1_854' title='bbox 1382 2945 1576 2981; x_wconf 83' lang='lat' dir='ltr'>Monasterii</span> <span class='ocrx_word' id='word_1_855' title='bbox 1600 2948 1640 2982; x_wconf 85' lang='lat' dir='ltr'>ad</span> <span class='ocrx_word' id='word_1_856' title='bbox 1654 2949 1787 2984; x_wconf 86' lang='lat' dir='ltr'>Clivum</span> <span class='ocrx_word' id='word_1_857' title='bbox 1800 2951 1908 2985; x_wconf 78' lang='lat' dir='ltr'>Scauri</span> <span class='ocrx_word' id='word_1_858' title='bbox 1923 2977 1932 2993; x_wconf 91' lang='lat'>‚</span> <span class='ocrx_word' id='word_1_859' title='bbox 1963 2953 2045 2986; x_wconf 90' lang='lat' dir='ltr'>Gui-</span> 
     </span>
     <span class='ocr_line' id='line_1_123' title="bbox 1161 2993 2044 3036; baseline 0.011 -10"><span class='ocrx_word' id='word_1_860' title='bbox 1161 2993 1267 3029; x_wconf 85' lang='lat' dir='ltr'>bertus</span> <span class='ocrx_word' id='word_1_861' title='bbox 1289 2993 1513 3030; x_wconf 77' lang='lat' dir='ltr'>cancellarius</span> <span class='ocrx_word' id='word_1_862' title='bbox 1536 3020 1546 3036; x_wconf 92' lang='lat'>,</span> <span class='ocrx_word' id='word_1_863' title='bbox 1571 2998 1604 3032; x_wconf 86' lang='lat'>&amp;</span> <span class='ocrx_word' id='word_1_864' title='bbox 1627 2998 1787 3034; x_wconf 71' lang='lat' dir='ltr'>Geras-dus</span> <span class='ocrx_word' id='word_1_865' title='bbox 1815 3002 1935 3035; x_wconf 85' lang='lat' dir='ltr'>Comes</span> <span class='ocrx_word' id='word_1_866' title='bbox 1948 3002 2044 3036; x_wconf 82' lang='lat' dir='ltr'>Gale-</span> 
     </span>
     <span class='ocr_line' id='line_1_124' title="bbox 1161 3043 2042 3091; baseline 0.012 -16"><span class='ocrx_word' id='word_1_867' title='bbox 1161 3043 1284 3078; x_wconf 84' lang='lat' dir='ltr'>fienfis.</span> <span class='ocrx_word' id='word_1_868' title='bbox 1312 3044 1361 3077; x_wconf 88' lang='lat' dir='ltr'>Hi</span> <span class='ocrx_word' id='word_1_869' title='bbox 1382 3045 1574 3081; x_wconf 82' lang='lat' dir='ltr'>Romanum</span> <span class='ocrx_word' id='word_1_870' title='bbox 1601 3049 1759 3091; x_wconf 87' lang='lat' dir='ltr'>populum</span> <span class='ocrx_word' id='word_1_871' title='bbox 1786 3049 2042 3088; x_wconf 85' lang='lat' dir='ltr'>induxeruntad</span> 
     </span>
     <span class='ocr_line' id='line_1_125' title="bbox 1165 3093 2041 3145; baseline 0.011 -20"><span class='ocrx_word' id='word_1_872' title='bbox 1165 3094 1249 3136; x_wconf 86' lang='lat' dir='ltr'>Regi</span> <span class='ocrx_word' id='word_1_873' title='bbox 1275 3093 1423 3128; x_wconf 85' lang='lat' dir='ltr'>Henrico</span> <span class='ocrx_word' id='word_1_874' title='bbox 1444 3095 1607 3130; x_wconf 74' lang='lat' dir='ltr'>mittenda</span> <span class='ocrx_word' id='word_1_875' title='bbox 1620 3098 1981 3145; x_wconf 81' lang='lat' dir='ltr'>Patritiatusinsignia,</span> <span class='ocrx_word' id='word_1_876' title='bbox 2007 3103 2041 3135; x_wconf 88' lang='lat' dir='ltr'>hi</span> 
     </span>
     <span class='ocr_line' id='line_1_126' title="bbox 1162 3144 2040 3186; baseline 0.013 -12"><span class='ocrx_word' id='word_1_877' title='bbox 1162 3144 1381 3186; x_wconf 86' lang='lat' dir='ltr'>persuaserunt</span> <span class='ocrx_word' id='word_1_878' title='bbox 1406 3145 1439 3177; x_wconf 91' lang='lat' dir='ltr'>in</span> <span class='ocrx_word' id='word_1_879' title='bbox 1466 3146 1647 3180; x_wconf 82' lang='lat' dir='ltr'>Alexandri</span> <span class='ocrx_word' id='word_1_880' title='bbox 1674 3150 2040 3185; x_wconf 79' lang='lat' dir='ltr'>consecrationelaesum</span> 
     </span>
     <span class='ocr_line' id='line_1_127' title="bbox 1160 3191 2038 3243; baseline 0.008 -16"><span class='ocrx_word' id='word_1_881' title='bbox 1160 3192 1221 3227; x_wconf 70' lang='lat' dir='ltr'>effe</span> <span class='ocrx_word' id='word_1_882' title='bbox 1242 3191 1290 3234; x_wconf 87' lang='lat' dir='ltr'>jus</span> <span class='ocrx_word' id='word_1_883' title='bbox 1312 3192 1455 3237; x_wconf 83' lang='lat' dir='ltr'>Regium</span> <span class='ocrx_word' id='word_1_884' title='bbox 1479 3220 1489 3236; x_wconf 88' lang='lat'>‚</span> <span class='ocrx_word' id='word_1_885' title='bbox 1519 3197 1644 3241; x_wconf 88' lang='lat' dir='ltr'>Regem</span> <span class='ocrx_word' id='word_1_886' title='bbox 1669 3209 1804 3242; x_wconf 89' lang='lat' dir='ltr'>puerum</span> <span class='ocrx_word' id='word_1_887' title='bbox 1826 3200 1859 3234; x_wconf 67' lang='grc' dir='ltr'>ὃς</span> <span class='ocrx_word' id='word_1_888' title='bbox 1879 3203 2038 3243; x_wconf 87' lang='lat' dir='ltr'>optimam</span> 
     </span>
     <span class='ocr_line' id='line_1_128' title="bbox 1161 3243 2040 3292; baseline 0.01 -16"><span class='ocrx_word' id='word_1_889' title='bbox 1161 3243 1228 3284; x_wconf 88' lang='lat' dir='ltr'>ejus</span> <span class='ocrx_word' id='word_1_890' title='bbox 1242 3251 1374 3277; x_wconf 85' lang='lat' dir='ltr'>matrem</span> <span class='ocrx_word' id='word_1_891' title='bbox 1385 3245 1699 3289; x_wconf 83' lang='lat' dir='ltr'>circumscripserunt</span> <span class='ocrx_word' id='word_1_892' title='bbox 1709 3272 1720 3288; x_wconf 93' lang='lat'>,</span> <span class='ocrx_word' id='word_1_893' title='bbox 1748 3260 1843 3292; x_wconf 87' lang='lat' dir='ltr'>atque</span> <span class='ocrx_word' id='word_1_894' title='bbox 1855 3250 1896 3283; x_wconf 88' lang='lat' dir='ltr'>ita</span> <span class='ocrx_word' id='word_1_895' title='bbox 1910 3249 2040 3285; x_wconf 88' lang='lat' dir='ltr'>horren-</span> 
     </span>
     <span class='ocr_line' id='line_1_129' title="bbox 1161 3290 2039 3334; baseline 0.009 -8"><span class='ocrx_word' id='word_1_896' title='bbox 1161 3292 1204 3326; x_wconf 88' lang='lat' dir='ltr'>do</span> <span class='ocrx_word' id='word_1_897' title='bbox 1235 3290 1400 3327; x_wconf 83' lang='lat' dir='ltr'>schismate</span> <span class='ocrx_word' id='word_1_898' title='bbox 1422 3296 1597 3331; x_wconf 86' lang='lat' dir='ltr'>arietarunt</span> <span class='ocrx_word' id='word_1_899' title='bbox 1628 3306 1731 3332; x_wconf 87' lang='lat' dir='ltr'>totam</span> <span class='ocrx_word' id='word_1_900' title='bbox 1759 3298 1963 3333; x_wconf 81' lang='lat' dir='ltr'>Ecclesiam.</span> <span class='ocrx_word' id='word_1_901' title='bbox 1995 3301 2039 3334; x_wconf 82' lang='lat' dir='ltr'>Et</span> 
     </span>
     <span class='ocr_line' id='line_1_130' title="bbox 1161 3341 2038 3393; baseline 0.008 -18"><span class='ocrx_word' id='word_1_902' title='bbox 1161 3341 1227 3375; x_wconf 81' lang='lat' dir='ltr'>haec</span> <span class='ocrx_word' id='word_1_903' title='bbox 1248 3341 1449 3378; x_wconf 76' lang='lat' dir='ltr'>existimatur</span> <span class='ocrx_word' id='word_1_904' title='bbox 1473 3346 1563 3380; x_wconf 74' lang='lat' dir='ltr'>fuisse</span> <span class='ocrx_word' id='word_1_905' title='bbox 1585 3358 1650 3381; x_wconf 87' lang='lat' dir='ltr'>una</span> <span class='ocrx_word' id='word_1_906' title='bbox 1672 3359 1714 3382; x_wconf 85' lang='lat' dir='ltr'>ex</span> <span class='ocrx_word' id='word_1_907' title='bbox 1739 3348 1839 3383; x_wconf 84' lang='lat' dir='ltr'>caufis</span> <span class='ocrx_word' id='word_1_908' title='bbox 1859 3374 1870 3391; x_wconf 82' lang='lat'>,</span> <span class='ocrx_word' id='word_1_909' title='bbox 1896 3349 1941 3383; x_wconf 93' lang='lat' dir='ltr'>ob</span> <span class='ocrx_word' id='word_1_910' title='bbox 1961 3361 2038 3393; x_wconf 88' lang='lat' dir='ltr'>quas</span> 
     </span>
     <span class='ocr_line' id='line_1_131' title="bbox 1162 3391 2039 3439; baseline 0.008 -14"><span class='ocrx_word' id='word_1_911' title='bbox 1162 3391 1308 3425; x_wconf 88' lang='lat' dir='ltr'>Domina</span> <span class='ocrx_word' id='word_1_912' title='bbox 1322 3391 1434 3437; x_wconf 88' lang='lat' dir='ltr'>Agnes</span> <span class='ocrx_word' id='word_1_913' title='bbox 1445 3394 1603 3430; x_wconf 87' lang='lat' dir='ltr'>abdicarit</span> <span class='ocrx_word' id='word_1_914' title='bbox 1616 3397 1675 3430; x_wconf 84' lang='lat' dir='ltr'>filii</span> <span class='ocrx_word' id='word_1_915' title='bbox 1690 3399 1824 3432; x_wconf 86' lang='lat' dir='ltr'>tutelam</span> <span class='ocrx_word' id='word_1_916' title='bbox 1834 3424 1844 3439; x_wconf 91' lang='lat'>,</span> <span class='ocrx_word' id='word_1_917' title='bbox 1873 3398 2039 3432; x_wconf 85' lang='lat' dir='ltr'>transtule-</span> 
     </span>
     <span class='ocr_line' id='line_1_132' title="bbox 1161 3442 2037 3490; baseline 0.009 -15"><span class='ocrx_word' id='word_1_918' title='bbox 1161 3442 1265 3489; x_wconf 86' lang='lat' dir='ltr'>ritque</span> <span class='ocrx_word' id='word_1_919' title='bbox 1290 3442 1325 3475; x_wconf 91' lang='lat' dir='ltr'>in</span> <span class='ocrx_word' id='word_1_920' title='bbox 1346 3442 1499 3480; x_wconf 72' lang='lat' dir='ltr'>Sanstum</span> <span class='ocrx_word' id='word_1_921' title='bbox 1523 3444 1705 3482; x_wconf 86' lang='lat' dir='ltr'>Annonem</span> <span class='ocrx_word' id='word_1_922' title='bbox 1738 3448 2037 3490; x_wconf 83' lang='lat' dir='ltr'>Archiepiscopum</span> 
     </span>
    </p>

    <p class='ocr_par' dir='ltr' id='par_1_10' title="bbox 1888 3496 1988 3536">
     <span class='ocr_line' id='line_1_133' title="bbox 1888 3496 1988 3536; baseline -0.01 -6"><span class='ocrx_word' id='word_1_923' title='bbox 1888 3496 1988 3536; x_wconf 77' lang='lat' dir='ltr'>Colo·</span> 
     </span>
    </p>
   </div>
  </div>
 </body>
</html>
