2366 3756
907 144 1393 190 chrnrus.

253 234 328 269 nem
339 232 498 267 Gemens
505 231 612 265 sextus
624 239 724 274 nuper
735 228 769 263 in
783 227 888 263 Coena
900 224 1042 259 Domini
1057 234 1134 257 con-

253 284 415 322 firmarat,
442 287 475 313 in
500 280 679 315 civitatibus
700 280 803 313 liberis
826 273 1077 316 &Imperiaiibus
1089 279 1134 306 in-

253 342 297 367 rer
318 332 485 366 sacerdotes
506 340 594 365 erant
609 340 725 375 graves
744 325 923 370 diffinfioner
936 349 943 356 .
972 328 1058 356 Nam
1070 324 1134 357 cam

252 384 395 416 civitates
415 383 601 415 Ludovicum
624 376 830 424 agnoscerent,
857 376 1045 414 sacerdotum
1071 379 1133 416 qui-

252 433 326 466 dam
348 431 486 466 volebant
497 430 661 472 Pontificiis
679 430 786 462 bitteris
797 426 916 460 obedire
928 450 939 467 ,
965 426 998 459 Θ
1010 425 1134 457 interdi-

251 481 299 515 elo
319 487 365 515 uti
379 506 389 523 ,
414 492 465 516 nec
485 492 590 514 canere
609 504 621 521 ,
647 489 696 513 nec
717 479 808 521 legere
830 489 837 508 :
866 480 916 509 Ita
940 484 973 508 ut
998 473 1134 507 Monacbt‘

252 535 465 576 Argentorau,
489 532 621 564 maxime
644 527 858 572 augustiniana
873 526 1028 568 familia,
1057 525 1134 558 &in

252 583 326 616 aliis
345 580 466 615 urbibus
478 580 498 621 ,’
511 578 715 623 fiptemdecim
734 582 825 610 annis
840 574 902 617 sme
911 585 1001 608 cantu
1009 575 1134 617 prorsus

253 631 362 676 effent.
389 633 519 663 Minores
541 631 575 663 (a
594 630 808 663 Praedicatores
832 628 933 659 mult-is
958 631 1049 658 annis
1067 634 1135 657 can-

251 687 398 716 taverunt
408 702 419 719 ,
444 680 568 713 tandem
578 682 611 714 (9¹
623 677 785 721 ipficeffant
795 702 802 709 .
831 679 911 709 Tunc
923 678 985 710 illis
1000 673 1135 708 dicebant

252 735 349 764 cives
363 754 374 771 ,
400 739 433 763 ut
444 731 573 764 canendo
586 737 763 773 pergerent,
787 735 841 760 aut
858 725 954 770 solum
977 733 1131 759 veterent.

252 780 366 829 Qam
377 781 562 814 constanter
575 779 746 814 Ludovico
756 802 767 818 ,
781 777 860 810 dum
875 777 1034 819 Joannem
1047 774 1132 808 Pon·

252 830 375 865 tificem
385 830 579 874 degradare,
603 830 636 863 δε
648 828 780 863 Petrum
804 827 845 861 de
859 826 1020 861 Coi-bario
1035 825 1133 858 intru-

189 905 194 908 -
251 881 329 916 dere
347 889 540 920 attentaret,
566 879 690 913 Fratres
715 877 974 922 augustinenses
987 874 1132 910 Romani

250 929 425 965 restiterint
449 930 549 972 usque
570 928 611 962 ad
634 927 803 962 Barbarica
825 937 1009 966 tormenta,
1035 923 1132 960 docet

250 979 480 1022 manu-scripta
505 971 590 1022 apud
603 977 800 1022 Angelicam
823 975 1066 1010 Bibliothecam
1086 972 1134 1006 hi·

248 1029 351 1066 ssoria
372 1027 510 1074 AEgidii
531 1027 719 1062 Cardinalis
744 1025 976 1061 Viterbienfis.
1003 1025 1075 1059 Nec
1089 1033 1133 1057 ta-

250 1090 329 1115 men
353 1078 527 1113 Ludovico
547 1079 680 1112 fuerunt
703 1075 860 1111 adversati
885 1101 892 1107 .
919 1075 1022 1123 Qod
1044 1074 1132 1107 enim

251 1130 365 1165 Frater
390 1128 527 1164 Ulricus
549 1128 710 1163 Curienfis
733 1127 933 1170 Episcopus,
960 1125 1132 1168 Mogunti-

249 1190 301 1214 nae
311 1178 436 1223 synodi
450 1179 490 1214 ad
504 1178 714 1215 Benediaum
727 1176 962 1211 duodecimum
981 1176 1133 1219 Legimus,

248 1230 395 1266 damnati
421 1229 586 1273 Principis
612 1230 739 1262 causam
776 1226 914 1260 fideliter
940 1237 978 1259 ac
1007 1224 1134 1258 strenue

247 1280 444 1324 peroraverit
463 1301 475 1316 ,
501 1279 535 1311 in
560 1278 626 1310 vita
648 1278 754 1311 Saneti
779 1275 950 1310 Bettholdi
976 1274 1132 1308 Constan—

245 1330 358 1364 tienfis
380 1328 533 1372 Episcopi
560 1325 703 1361 ostendit
722 1324 863 1369 ejusdem
893 1325 1040 1359 Ecclefiae
1051 1323 1134 1357 Pres—

245 1378 344 1422 byter
365 1376 561 1414 Bettholdus
585 1389 593 1410 :
634 1376 669 1411 δε
695 1375 815 1412 dietum
841 1375 1132 1419 Supplementum:

246 1430 300 1464 Hi
322 1429 535 1474 Moguntinae
572 1427 699 1470 Synodi
741 1427 850 1461 Patres
887 1424 988 1469 rursus
1001 1433 1134 1457 *mittunt

206 1476 209 1479 ⁴
246 1482 379 1524 Legatos
392 1504 402 1519 ,
420 1477 545 1522 infignar
558 1484 642 1512 viros
658 1501 668 1518 ‚
678 1479 836 1511 Gerlacum
847 1481 992 1509 Comitem
1006 1476 1042 1508 de
1057 1472 1137 1517 Nas-

244 1526 325 1575 ρει,
349 1530 386 1563 ὁ·
407 1527 585 1572 Episcopum
606 1526 779 1570 curiensem
798 1550 807 1559 .
837 1529 895 1559 Eis
911 1529 998 1566 Papa
1011 1525 1137 1556 Benedi-

246 1578 315 1612 ἆυ
338 1578 533 1622 beni'gm'ffime*
556 1584 684 1619 acceptis
707 1577 859 1618 respondit
875 1574 909 1618 se
913 1575 1025 1616 favere
1038 1574 1133 1605 Ludo-

247 1632 337 1665 vico,
362 1627 577 1668 &quafiflens
598 1627 769 1667 conquestus
791 1623 871 1666 estse
894 1623 1032 1663 nonpoffe
1043 1619 1133 1662 absol-

247 1686 321 1710 vere
341 1679 552 1717 Imperatorem
573 1684 654 1707 metu
671 1676 761 1716 Regis
776 1674 915 1705 Franciae
926 1697 936 1711 ,
965 1683 1030 1704 cum
1046 1673 1133 1702 Bom—

242 1725 323 1769 facii
348 1725 448 1758 ellani
463 1725 594 1766 exemplo
615 1725 815 1758 deterreretur
829 1748 836 1755 .
862 1722 1032 1756 Profunda
1044 1721 1133 1754 enim

248 1776 285 1811 &
307 1773 492 1808 humillime
517 1774 662 1817 supplex..
678 1773 842 1807 Ludovici
870 1774 910 1805 do
935 1770 1133 1815 juvenilibus

247 1824 316 1860 fuis
325 1824 508 1858 insolentiis
532 1825 726 1866 poenitentia
739 1824 878 1856 omnino
889 1822 1071 1856 merebatur
1084 1832 1135 1854 ve·

247 1874 360 1909 niam.
389 1874 574 1923 Quomodo
596 1873 698 1917 ipsam
726 1873 759 1907 ὃ(
786 1873 868 1917 apud
895 1874 1061 1905 laudatum
1077 1871 1132 1904 Be-

246 1923 435 1964 ndidium,
461 1924 590 1966 &apud
615 1924 821 1958 Clementem
836 1924 959 1958 sextum
974 1922 1132 1955 violenter

244 1973 458 2018 impedierint
493 1973 694 2007 Francorum
725 1974 830 2017 Reges
854 1997 866 2014 ,
907 1971 1013 2006 videre
1040 1970 1132 2014 poffis

244 2023 336 2068 apud
371 2023 545 2058 Albertum
584 2023 860 2068 Argentinensem
892 2048 899 2054 .
942 2022 1131 2056 Ludovicus

245 2074 315 2109 fuit
324 2073 407 2108 adeo
432 2072 589 2112 humilis,
613 2084 651 2107 ut
663 2073 812 2108 adversus
824 2072 1021 2105 Pontificem
1035 2073 1132 2114 Joan-

244 2134 326 2158 nem
336 2147 347 2164 ‚
373 2123 632 2160 accusantemde
647 2122 753 2155 haerefi
768 2146 778 2161 ,
807 2124 837 2154 se
849 2131 1042 2162 purgaturus
1052 2141 1064 2156 ,
1077 2130 1131 2160 pu-

243 2173 335 2209 blico.
362 2174 398 2206 in
425 2172 567 2205 Ecclesia
605 2170 839 2213 Apostolicum
865 2167 1059 2210 Symbolum
1090 2179 1133 2201 re-

249 2221 378 2256 citarit.
405 2221 455 2254 lta
465 2219 598 2254 testatur
620 2229 780 2264 magnum
790 2217 895 2262 Belgii
918 2216 1128 2252 Chronicon.

248 2271 299 2306 Et
311 2269 378 2304 haec
398 2270 507 2304 forsan
527 2270 592 2303 fuit
616 2281 680 2304 una
699 2280 742 2303 ex
751 2269 851 2303 causis
864 2293 875 2308 ‚
901 2267 947 2301 ob
959 2279 1039 2311 quas
1052 2268 1132 2301 Gui-

245 2319 380 2355 uicimus
392 2318 543 2354 Occham
556 2330 610 2364 per
618 2321 693 2353 osto
704 2318 745 2353 de
757 2318 920 2362 dignitate
930 2318 1134 2361 &potestate

248 2369 369 2413 Papali
392 2369 604 2414 quaestiones,
631 2369 841 2412 amplumque
864 2367 904 2401 de
929 2369 1043 2402 eadem
1069 2378 1134 2401 ma-

250 2420 338 2454 teria
363 2420 545 2465 Dialogum
571 2444 582 2460 ,
615 2418 783 2453 Marsilius
810 2417 986 2453 Patavinus
1014 2417 1135 2451 Defen-

250 2469 383 2505 nonem
396 2470 483 2513 pacis
498 2494 509 2510 ,
534 2469 656 2512 aliique
679 2469 762 2503 alios
775 2469 994 2512 vulgaverunt
1012 2466 1112 2501 libros
1125 2491 1136 2506 ‚

1898 158 1998 193 221*

1199 225 1347 259 Ludovico
1370 229 1636 265 excommunicato,
1661 224 1695 259 ob
1719 224 1755 261 id
1775 226 1856 270 quod
1877 229 2006 272 Regalia
2029 229 2070 263 ab

1197 287 1228 308 eo
1254 284 1403 318 acceperat
1429 299 1440 315 ‚
1465 274 1588 317 adhaefit
1614 276 1709 309 decem
1735 282 1847 317 annis,
1877 284 1910 311 in
1935 283 2073 312 maxima

1197 327 1308 358 Summi
1318 325 1469 367 Pontificir
1480 326 1696 369 ingratitudine
1711 327 1842 368 perstitit
1855 353 1862 359 .
1889 330 1994 371 ,Quare
2001 328 2075 362 dum

1189 376 1261 415 jam
1275 375 1355 419 fendo
1376 377 1544 417 &corporis
1558 375 1754 410 imbecillitate
1775 377 1969 417 molestaretur
1980 403 1990 418 ,
2016 386 2072 411 mi-

1197 436 1262 457 rum
1283 431 1316 459 in
1335 426 1451 458 modum
1476 425 1513 457 de
1530 436 1562 457 eo
1580 427 1672 458 doluit
1689 450 1695 457 .
1722 430 1787 460 Nec
1799 427 1853 459 abs
1868 439 1914 462 re.
1945 431 2029 472 ‚Quia
2041 426 2075 461 ob

1197 486 1263 508 eam
1283 474 1401 518 causam
1413 500 1423 515 ,
1450 480 1594 517 quamvis
1616 483 1686 507 tuno
1708 478 1847 509 tredecim
1867 486 1956 511 annis
1966 476 2075 521 praese.

1197 525 1305 574 d‘ff‘sp
1331 527 1364 558 δ’
1375 532 1442 560 vita
1449 523 1575 566 func‘lus
1588 524 1653 567 effer
1665 548 1675 563 ‚
1691 530 1841 559 interram
1851 527 2077 570 inconsecratam

1193 573 1344 617 sepultum
1356 574 1393 615 est
1406 599 1413 607 .
1433 576 1566 607 Tandem
1575 583 1676 607 autem
1688 575 1827 615 cumjam
1838 583 1952 619 viginti
1962 584 2078 612 circiter·

1197 635 1292 657 annos
1318 625 1378 661 illic
1389 625 1542 667 quieviffet
1556 649 1566 665 ,
1587 623 1706 667 suorum
1716 623 1993 670 consanguineorum
2008 651 2017 666 ,
2043 629 2078 662 Θ

1199 677 1322 709 aliorum
1342 673 1558 717 benefaHorum
1580 685 1676 707 coram
1695 674 1802 717 sanda
1826 679 1899 710 sede
1923 676 2079 719 apostolica

1198 726 1389 765 intercefflone
1416 750 1427 766 ‚
1459 723 1634 767 absolutione
1672 723 1790 758 obtenta
1815 750 1826 766 ,
1866 726 2042 760 exhumatur
2067 752 2080 768 ‚

1197 776 1230 808 (a
1245 775 1407 809 catholica
1427 777 1561 808 traditur
1576 773 1757 818 sepulturas.
1786 775 1857 811 Nec
1882 777 1997 811 desunt
2016 776 2082 811 alia

1197 825 1357 868 ejusmodi
1381 825 1528 869 exempla
1545 850 1554 857 .

1247 874 1356 909 Etiam
1379 874 1574 919 Philippum
1597 873 1771 909 Pulchrum
1798 876 1892 910 fuiffe
1912 874 1931 909 ὲ
1951 875 2081 911 Bonifa-

1197 926 1251 964 cio
1271 927 1383 960 ostavo
1406 926 1569 960 Pontifice
1587 924 1798 970 degradatum
1813 926 1949 960 affirmat
1961 926 2084 969 supplea

1200 986 1344 1008 mentum
1375 975 1510 1010 Abbatis
1538 976 1753 1020 Uspergenfis
1779 988 1786 1007 :
1825 975 1999 1017 Bonifacius
2026 978 2085 1009 Re-

1193 1038 1260 1070 gem
1273 1027 1381 1057 Gallie
1404 1031 1688 1066 excommunicavit,
1712 1028 1746 1060 (θ’
1766 1028 1885 1060 titulum
1899 1030 1993 1069 Regni
2010 1025 2085 1059 Gal·
2102 1034 2136 1064 Α.
2147 1040 2235 1069 1294·

1197 1075 1247 1107 lici
1270 1075 1385 1107 alberto
1399 1080 1571 1116 Imperatori
1596 1079 1769 1109 Germanico
1779 1078 1886 1116 dedit,
1913 1081 1956 1108 ita
1967 1085 2001 1109 ut
2012 1078 2085 1109 Ger*-

1199 1132 1329 1158 mam'am
1351 1128 1384 1159 Θ
1408 1126 1538 1157 Galliam
1561 1132 1751 1159 committeret
1776 1152 1783 1158 .
1822 1125 1914 1160 Audi
1936 1126 2084 1160 causam:

1200 1174 1311 1209 alberti
1333 1174 1482 1219 augustam
1505 1175 1667 1208 elefflonem
1691 1177 1892 1215 comprobavit
1908 1175 2086 1217 Bonifatius

1199 1237 1230 1258 eo
1237 1224 1345 1267 pado,
1364 1224 1395 1267 fi
1405 1229 1512 1268 Regem
1539 1228 1681 1257 Franciae
1698 1230 1875 1269 impugnans
1890 1249 1901 1265 ‚
1922 1224 1953 1267 se
1976 1228 2085 1267 Regem

1194 1285 1310 1321 gereret
1333 1277 1367 1309 (α
1395 1279 1593 1307 Romanorum
1612 1277 1646 1308 ὠ·
1676 1278 1880 1308 Francorum.
1910 1273 2085 1316 implacabi-

1199 1327 1266 1359 liter
1281 1331 1360 1358 enim
1372 1329 1438 1359 Rex
1462 1329 1601 1358 Franci'ae
1614 1323 1783 1364 Pontificem
1796 1325 1960 1365 offenderat
1971 1350 1981 1364 ,
2007 1324 2087 1367 quod

1201 1379 1420 1419 Pragmaticam
1443 1373 1582 1417 sanciens
1606 1399 1615 1413 ,
1646 1375 1808 1414 apostolica
1836 1377 1904 1407 sedi
1925 1374 2013 1416 suum
2027 1382 2083 1415 per

1198 1431 1363 1460 Franciam
1411 1426 1551 1458 diminuit
1589 1423 1723 1456 honorem
1759 1449 1765 1455 .
1819 1424 1947 1469 Regem
1990 1425 2084 1458 suum

1195 1477 1310 1509 acriter
1336 1475 1480 1508 defendit
1510 1474 1650 1516 Ioannes
1680 1476 1719 1506 de
1748 1474 1873 1507 parmis
1895 1499 1905 1513 ,
1949 1473 2086 1507 Ordinis

1198 1526 1449 1557 Praedieamrum
1475 1523 1602 1555 Dostor
1625 1521 1828 1565 Theologus
1843 1547 1852 1561 ,
1880 1525 1913 1555 in
1939 1522 2023 1556 libro
2046 1522 2088 1556 de

1197 1572 1308 1614 Papali
1321 1573 1355 1605 δε
1378 1571 1481 1615 Regia
1498 1571 1652 1612 potestate
1666 1571 1791 1604 secutus
1814 1572 2007 1605 sententiam
2023 1582 2090 1605 mo*

1196 1623 1300 1655 diam:
1328 1623 1420 1664 ,Quod
1446 1622 1553 1654 dicitur
1580 1620 1684 1653 aravo
1712 1644 1721 1658 ‚
1749 1623 1827 1664 quod
1854 1624 1941 1663 Papa
1965 1623 2087 1663 deponit

1197 1677 1408 1713 Imperatorem
1432 1696 1444 1712 ‚
1469 1669 1625 1713 respondeo
1651 1695 1675 1709 ,s
1694 1682 1798 1704 verum
1824 1672 1860 1711 est
1890 1674 1971 1707 illum
2001 1683 2087 1714 quem

1195 1721 1256 1765 ipse
1267 1719 1362 1763 peficit
1373 1746 1383 1761 ,
1409 1727 1461 1763 qui
1472 1721 1510 1753 ab
1524 1719 1585 1764 ipso
1597 1727 1706 1761 accepit
1718 1720 1845 1761 feudum
1862 1745 1872 1761 ‚
1899 1724 1934 1754 Θ·
1948 1733 1984 1754 ex
1997 1720 2089 1764 causa

1195 1772 1380 1805 rationabili.
1408 1772 1502 1814 ‚Quod
1512 1773 1583 1804 verr)
1602 1772 1713 1803 dicitur
1725 1796 1733 1809 ‚
1761 1772 1842 1813 quod
1855 1774 1942 1812 Papa
1959 1771 2089 1813 transtu-

1194 1825 1230 1861 lit
1239 1827 1414 1863 Imperium,
1438 1821 1527 1864 poffet
1550 1818 1711 1863 salvificat
1734 1821 1837 1861 prius.
1866 1821 1961 1861 Potest
1981 1823 2091 1855 nihilo-

1195 1880 1293 1906 minus
1305 1874 1374 1911 dici,
1387 1873 1467 1913 quod
1483 1871 1711 1910 Constantinum
1725 1882 1886 1914 numquam
1895 1872 1981 1904 dedit
1992 1876 2089 1915 Impe-

1196 1930 1271 1955 rium
1288 1919 1593 1963 Ecclefiaefimpliciter
1602 1946 1611 1961 ‚
1637 1920 1695 1964 fed
1709 1921 1792 1954 dedit
1807 1922 1907 1954 urbem
1917 1944 1927 1961 ‚
1954 1924 1989 1956 (9
2002 1921 2089 1966 quas-

1196 1976 1266 2007 dam
1280 1975 1457 2005 Provincias
1481 1972 1701 2010 occidentales,
1729 1975 1762 2005 &⁸
1782 1970 1865 2015 signa
1892 1974 2086 2016 imperialia,

1195 2033 1228 2056 ut
1251 2025 1288 2057 de
1309 2022 1375 2064 ipsis
1403 2026 1574 2056 Provinciis
1586 2020 1767 2065 disponeret.
1800 2021 2094 2057 Constantinidov

1196 2074 1363 2106 nationem
1383 2074 1546 2107 existimat
1570 2085 1678 2108 veram
1692 2099 1703 2115 ,
1730 2071 1842 2108 verum
1868 2074 1909 2108 de
1928 2073 1995 2107 sola
2009 2072 2090 2108 urbe

1196 2122 1229 2154 &-
1250 2122 1364 2153 Italia:
1393 2122 1501 2161 Hujus
1526 2122 1718 2154 Provincias
1745 2124 1816 2155 vult
1843 2124 1904 2156 effe
1928 2124 2101 2158 Romanae?

1199 2169 1344 2203 Ecclefiae
1371 2171 1404 2201 in
1448 2168 1662 2203 Germanicos
1702 2169 1916 2212 Imperatores
1957 2173 2088 2207 feudale

2095 603 2176 644 Epist.
2185 613 2229 642 35.

2108 1799 2143 1829 C.
2173 1801 2219 1831 ιώ

1197 2221 1415 2259 beneficium,
1444 2217 1581 2262 ideoque
1610 2218 1695 2262 ipsos
1727 2217 1778 2252 his
1804 2231 1858 2263 per
1885 2219 2084 2255 Pontificem

1196 2270 1282 2314 poffe
1310 2269 1449 2311 privari.
1479 2268 1624 2301 Eandem
1653 2268 1868 2303 donationem
1893 2271 1991 2304 etiam
2017 2272 2083 2306 lau·

1196 2320 1251 2354 dat
1268 2318 1400 2352 inferius
1414 2343 1423 2358 ,
1435 2319 1468 2351 ὅ(
1484 2331 1540 2362 pro
1554 2320 1609 2352 suo
1624 2319 1717 2362 Rege
1727 2318 1878 2363 adjungit
1893 2333 1899 2352 :
1912 2324 1966 2353 Ex
1980 2321 2087 2363 quibus

1193 2368 1349 2413 suppofitis
1358 2376 1489 2408 apparet
1501 2394 1512 2410 ,
1541 2370 1618 2411 quod
1625 2379 1661 2401 ex
1675 2369 1756 2401 dic¹7a
1778 2371 1954 2410 donatione,
1985 2373 2018 2404 (5
2031 2376 2090 2405 Im·
2107 2373 2142 2403 C.
2180 2375 2229 2405 '22-

1196 2424 1275 2461 perii
1296 2420 1313 2452 a
1337 2418 1457 2451 Graecis
1487 2419 1519 2451 in
1535 2419 1691 2453 Carolum
1711 2418 1875 2463 Magnum
1889 2422 2088 2456 translatione

1202 2473 1290 2511 Papa
1321 2468 1396 2500 nibil
1416 2468 1507 2509 potest
1533 2467 1626 2510 suprli
1655 2472 1763 2512 Regem
1797 2473 1936 2503 Franciae
1968 2479 2088 2513 propter·

254 2518 377 2562 quibus
389 2518 620 2559 Ludovicum‚'
644 2516 957 2563 tamquamatri'bus
967 2516 1139 2552 succeffive
1183 2530 1342 2562 ⁴quatuor.
1359 2520 1474 2555 Primo
1501 2520 1618 2560 quidem
1643 2544 1654 2559 ‚
1679 2526 1751 2562 quia
1777 2519 1856 2553 elma
1881 2522 1997 2554 donatio
2029 2533 2086 2555 non

253 2567 479 2604 Pontificibus
503 2570 686 2612 oppressum
697 2591 708 2607 ‚
734 2578 803 2602 non
831 2576 960 2601 tantum
987 2567 1138 2601 adversus
1183 2571 1186 2609 ξ
1193 2571 1260 2613 fuit
1272 2568 1325 2610 nifi
1333 2570 1369 2602 de
1378 2575 1508 2610 portione
1522 2570 1720 2602 determinata
1734 2595 1743 2610 ,
1762 2577 1794 2602 in
1805 2582 1865 2614 qua
1880 2576 2012 2605 Francia
2029 2583 2086 2605 non

254 2617 403 2662 ipsorum
439 2617 589 2660 personas
624 2618 659 2651 dc
695 2616 778 2651 Ana
818 2617 999 2660 personalia

255 2667 359 2703 etiam
382 2666 535 2702 adversus
550 2666 662 2702 sedem
682 2667 716 2701 δε
737 2667 930 2711 potestatem
951 2667 1138 2702 scandalose

256 2726 359 2759 atque
383 2717 515 2752 erronee
541 2716 757 2751 defenderunt
783 2743 790 2750 .
826 2717 893 2751 Eos
918 2728 1023 2761 nuper
1045 2719 1139 2752 novis

258 2767 351 2811 typis
369 2766 506 2801 donavit
529 2766 695 2801 Melchior
706 2767 884 2802 Goldastus
896 2791 906 2807 ,
931 2767 1015 2801 &ex
1029 2767 1139 2802 rabida

259 2817 406 2862 ipsorum
418 2814 560 2850 medulla
572 2828 693 2852 novum
705 2817 887 2852 monstrum
900 2817 1033 2860 protulit
1044 2818 1140 2861 Joan-

261 2877 322 2901 nes
331 2865 492 2908 Barcla'jus
505 2890 514 2898 .
542 2865 819 2902 νετὺωιδειοᾶυς
834 2867 1138 2910 PetrusApostolus

259 2918 387 2960 semper
410 2916 509 2950 vicit.
539 2915 641 2962 Qod
660 2918 751 2952 enim
774 2920 872 2952 etiarn
897 2919 1085 2952 Ludovicus
1103 2919 1136 2952 in

262 2967 479 3000 contumaciae
490 2966 550 2999 suae
569 2966 747 3002 mercedem
761 2969 845 3002 male
858 2969 984 3012 perierit
997 2967 1030 3002 in
1042 2979 1136 3002 vena-

260 3016 376 3056 tione,
401 3016 435 3049 δε
461 3015 550 3059 quod
575 3015 644 3059 ejus
668 3013 803 3052 haeredes
829 3043 841 3058 ,
865 3019 1011 3053 civitates
1034 3018 1138 3061 Impe-

262 3066 379 3105 dales,
407 3064 595 3099 Germanici
607 3066 735 3109 Imperii
757 3067 950 3103 Proceres&
964 3068 1138 3112 Episcopi,

264 3115 511 3151 contumaciam
533 3114 622 3150 illius
632 3116 751 3157 secuti,
775 3117 848 3152 Sedi
862 3118 1061 3163 Apostolicae
1070 3128 1136 3153 tau-

263 3166 343 3201 dem
364 3166 395 3199 se
412 3163 643 3206 submiserint,
668 3166 703 3199 &
725 3169 930 3204 censurarum
952 3181 989 3203 ac
1000 3169 1139 3203 aliorum

262 3214 567 3251 Ecclefiasticorum
588 3215 794 3252 vinculorum
816 3219 1056 3254 absolutionem
1070 3221 1138 3262 sup-

265 3267 367 3311 plices
389 3265 650 3308 impetraverint,
676 3267 809 3302 testatur
829 3270 1011 3314 &exponit
1030 3270 1065 3303 in
1077 3269 1140 3303 suis

267 3315 456 3351 Annalibus
477 3314 642 3351 Henricus
663 3315 849 3353 Monachus
867 3319 1138 3354 Rebdorffiensis.

266 3365 315 3399 Et
338 3366 379 3400 de
405 3363 586 3409 Rudolpho
613 3364 854 3402 Constantienfi
878 3368 1044 3413 Episcopo
1071 3369 1138 3404 scti-

266 3411 468 3459 h‘itejusdem
493 3415 639 3450 Ecclefiae
651 3415 866 3453 Chronicon:
891 3419 1064 3463 Rudolpbus
1075 3430 1139 3454 cum

363 3463 557 3509 §brazam
568 3470 655 3508 oper.
668 3469 784 3501 Tem-V.

1036 2643 1047 2659 ,
1085 2617 1136 2651 sed
1184 2616 1403 2668 {includebatur
1418 2645 1425 2651 .
1456 2617 1559 2653 Addit
1578 2620 1793 2654 donationem
1821 2632 1861 2654 ex
1878 2623 1967 2655 vario
1980 2621 2087 2665 capite

1201 2671 1291 2705 fuisse
1316 2671 1436 2702 irritam
1459 2670 1492 2703 δε
1517 2669 1639 2703 nullam
1654 2695 1662 2709 ‚
1690 2670 1892 2714 Francosque
1907 2682 2085 2714 numquam

1203 2719 1350 2754 subfuiiie
1370 2719 1524 2753 Romano
1537 2719 1677 2762 Imperio
1699 2744 1708 2758 ,
1736 2721 1769 2753 ὃς
1782 2721 2000 2762 prosequitur:
2028 2724 2085 2755 Ex

1203 2771 1282 2803 dreia
1307 2772 1463 2803 donatione
1490 2794 1501 2810 ,
1527 2770 1598 2803 dato
1624 2771 1702 2812 quod
1724 2770 1855 2803 valuerit
1868 2795 1877 2810 ,
1904 2771 1938 2804 ό·
1962 2772 1999 2804 de
2024 2780 2084 2805 toto

1201 2824 1323 2862 Imperio
1337 2819 1437 2862 fuerit
1453 2819 1564 2861 sabla,
1591 2821 1626 2853 Θ·
1645 2821 1717 2852 dato
1743 2822 1821 2862 quod
1842 2825 1954 2853 Franci
1959 2820 2088 2863 fuissent-

1201 2875 1323 2911 Imperio
1336 2868 1488 2913 subjee‘II,
1512 2871 1592 2912 quod
1621 2880 1677 2902 non
1702 2870 1824 2903 dicimus
1839 2894 1848 2910 ‚
1875 2869 1970 2902 adbuc
1996 2873 2083 2912 Papa

1202 2921 1279 2954 nibil
1291 2921 1382 2963 potest
1399 2919 1487 2963 super
1513 2923 1622 2964 Regem
1649 2924 1787 2954 Franciae
1804 2946 1813 2959 ‚
1839 2921 1903 2953 cum
1915 2931 1971 2952 non
1975 2920 2013 2961 fit
2025 2924 2086 2952 Im-

1197 2979 1336 3013 perator.
1362 2970 1470 3015 Reges
1492 2970 1632 3013 Imperio
1652 2970 1830 3013 subjectos,
1860 2982 1926 3003 non
1941 2972 1958 3002 a
1971 2969 2058 3011 Papa
2071 2994 2085 3010 ‚

1202 3021 1253 3055 sed
1279 3021 1296 3054 a
1325 3020 1395 3056 solo
1417 3020 1613 3064 Imperatore
1634 3022 1703 3054 vult
1715 3021 1802 3063 posse
1817 3017 1958 3061 deponi.
1988 3019 2085 3053 Exci-

1200 3071 1247 3114 pit
1274 3071 1432 3106 Romanae
1468 3071 1614 3104 Ecclefiae
1650 3068 1792 3103 feudales
1838 3068 2083 3108 beneficiarios,

1202 3120 1310 3165 quales
1350 3121 1423 3155 sunt
1449 3118 1583 3166 Angliae
1602 3144 1612 3160 ‚
1650 3120 1831 3164 Hungariae
1854 3145 1863 3159 ,
1904 3130 1942 3153 ac
1968 3118 2083 3152 utrius-

1203 3182 1266 3214 que
1290 3170 1411 3204 siciliae
1433 3194 1441 3202 .
1469 3169 1725 3205 Ecclefiasticam
1751 3168 1941 3213 potestatem
1966 3168 2085 3201 affeve-

1204 3230 1251 3254 rat
1274 3221 1337 3253 effe
1359 3220 1443 3254 mere
1456 3220 1677 3264 spiritualem,
1704 3221 1877 3254 limitatam
1890 3217 1929 3252 ad
1942 3218 2007 3251 sola
2020 3215 2084 3260 spi-

1204 3269 1333 3304 ritualia
1354 3270 1490 3305 crimina
1517 3272 1550 3304 δε
1578 3280 1711 3313 poenas,
1736 3270 1803 3313 ejus
1831 3271 2015 3312 supremum
2026 3266 2083 3301 fla-

1206 3320 1328 3366 gellum
1339 3319 1811 3360 esseexcommunicationem,
1836 3317 1919 3352 adeo
1932 3328 1969 3352 ut
1993 3317 2080 3359 Papa

1207 3382 1266 3404 nec
1294 3370 1492 3412 pecuniarias
1519 3370 1652 3405 mulctas
1680 3369 1774 3413 poffit
1800 3368 1970 3413 infligere.
1995 3366 2082 3398 Ultra

1207 3424 1530 3456 excommunicationem
1553 3444 1567 3463 ‚
1591 3420 1702 3463 inquit
1725 3443 1738 3460 ‚
1771 3430 1830 3452 non
1851 3415 1939 3460 potest
1948 3414 2086 3508 saliquid
2097 3435 2134 3468 c,
2148 3446 2193 3473 14·

1272 3484 1275 3490 κ
1645 3467 1683 3501 Τ
1732 3477 1752 3514 3
1969 3475 2032 3500 acr-
