2366 3756
593 0 642 71 ὃ(

613 179 1692 230 ΟοΝεῐιιυΜΚοΜΛΝυΜ,
1896 191 1986 242 143

534 360 1735 447 CANONI.

480 545 702 597 Lexander
736 543 980 615 Episcopus
1014 583 1028 609 ‚
1076 545 1219 596 servus
1265 544 1484 597 servorum
1521 546 1612 595 Dei
1643 579 1657 604 ‚
1711 547 1913 597 omnibus
1947 552 2058 618 Epi.

513 617 655 686 scopis
688 617 937 667 Catholicis
970 655 984 679 ‚
1034 621 1277 684 cunstoque
1312 618 1447 667 Clero
1493 620 1537 666 &
1573 616 1745 685 Populo
1779 615 1961 667 salutem
2012 625 2059 672 «Sc

511 688 813 757 Apostolicam
847 687 1195 739 benedictionem
1228 726 1245 737 .
1293 688 1540 750 Vigilantia
1573 686 1824 738 universalis
1860 689 2061 741 Ecclcfiae

510 760 736 823 regiminis
785 758 990 810 affiduam
1038 756 1376 809 sollicitudinem
1411 758 1620 808 debentes
1655 759 1859 808 omnibus
1893 797 1907 820 ‚
1959 777 2058 827 quae

219 829 269 878 in
303 828 664 881 Constantiniana
698 828 878 897 Synodo
912 848 1047 899 nuper
1083 829 1305 881 celebrata
1342 846 1492 879 coram
1528 844 1707 879 centum
1742 829 1929 897 amplius
1960 833 2064 898 Epi-

218 897 363 966 scopis
396 934 410 958 ‚
446 899 549 949 licet
585 900 712 951 nobis
749 902 979 951 immeritis
1016 898 1296 968 praesentibus
1332 935 1346 960 ,
1380 899 1477 950 sunt
1514 899 1743 951 Canonice
1778 899 2015 949 instituta..
2052 936 2067 961 ,

220 969 349 1019 vobis
384 968 612 1021 notificare
649 987 851 1020 curamus
885 1007 898 1031 ,
945 974 1051 1038 quia
1086 969 1143 1021 ad
1179 969 1363 1020 salutem
1397 971 1585 1022 vestram
1624 987 1878 1023 executores
1914 987 2065 1021 eorum

220 1056 303 1090 vos
340 1035 422 1088 effe
457 1056 663 1109 optamus
698 1079 711 1104 ‚
745 1046 790 1092 δε
825 1041 1082 1110 Apostolica
1117 1043 1374 1092 auetoritate
1408 1041 1600 1107 jubendo
1636 1041 1914 1092 mandamus,

291 1109 446 1160 Primo
492 1129 685 1180 namque
718 1149 733 1173 ,
781 1111 1018 1180 inspeestore
1055 1117 1161 1163 Deo
1193 1150 1208 1174 ‚
1258 1111 1366 1161 ficut
1419 1110 1446 1162 a
1484 1117 1638 1163 Sancto
1675 1118 1798 1181 Papa
1833 1116 2016 1167 Leone„
2036 1144 2053 1169 ‚

219 1183 265 1231 &
301 1177 328 1227 a
363 1178 512 1230 sanctae
560 1185 779 1233 memoriae
829 1186 950 1251 Papa
985 1185 1181 1234 Nicolao
1230 1185 1418 1250 primum
1455 1182 1666 1233 statutum
1701 1184 1764 1233 est
1797 1220 1811 1243 ,
1859 1201 1961 1247 erga
1996 1183 2064 1230 Si-

218 1251 447 1300 moniacos
481 1254 645 1305 nullam
683 1251 1025 1306 misericordiam
1072 1257 1119 1304 in
1153 1252 1389 1317 dignitate.
1408 1252 1616 1304 servanda
1665 1252 1913 1304 habendam
1949 1249 2068 1305 effe..

219 1318 497 1371 decernimus
527 1358 541 1383 ‚
576 1322 649 1374 sed
682 1329 806 1391 Juxta
841 1330 1074 1377 Canonum
1126 1327 1374 1374 Sanffiones
1422 1328 1466 1373 &
1537 1329 1730 1374 Decreta
1779 1322 2069 1374 sancitorum...

218 1393 400 1440 Patrum
434 1429 448 1452 ,
485 1410 561 1443 eos
594 1395 780 1443 omnino
814 1394 1071 1446 damnamus
1094 1431 1108 1456 ,
1145 1411 1198 1446 ac
1233 1397 1280 1443 in
1315 1393 1506 1445 Ecclesia
1539 1412 1631 1444 non
1666 1391 1837 1462 praeeffe
1872 1392 2064 1461 Aposto-

220 1460 312 1511 lica
346 1464 604 1512 auctoritate
662 1463 905 1515 sancimus.
1502 1465 1504 1467 ’

288 1533 364 1577 De
399 1531 468 1579 his
503 1547 651 1595 autem
684 1568 699 1592 ‚
745 1535 825 1600 qui
859 1550 948 1581 non
996 1549 1075 1598 per
1108 1534 1339 1598 pecuniam
1374 1566 1388 1590 ‚
1439 1529 1512 1579 sed
1561 1534 1695 1592 gratis
1732 1529 1828 1582 sunt
1865 1530 1892 1579 a
1928 1536 2067 1582 Simo-

218 1599 359 1647 niacis
393 1598 587 1651 ordinati
622 1639 636 1661 ‚
685 1604 793 1666 quia
829 1601 1006 1666 quaefita
1039 1605 1128 1664 jam
1164 1599 1190 1649 a
1226 1601 1361 1663 longo
1410 1614 1611 1667 tempore
1647 1600 1814 1649 diutius
1851 1604 2071 1652 ventilata

217 1668 281 1717 est
314 1668 493 1734 quaestio
526 1706 540 1731 ,
576 1687 755 1720 omnem
790 1669 956 1719 nodum
991 1668 1231 1721 dubietatis
1268 1669 1531 1719 absolvimus
1564 1707 1577 1731 ‚
1637 1674 1702 1720 ita
1738 1688 1786 1720 ut
1825 1670 1947 1739 super
1984 1674 2070 1723 hoc

219 1739 435 1805 Capitulo
481 1743 705 1791 neminem
753 1738 967 1807 deinceps
1013 1741 1238 1804 ambigere
1271 1742 1575 1808 permittamus
1609 1777 1621 1788 .
1675 1744 1796 1813 Qia
1834 1745 1969 1804 igitur
2005 1741 2070 1793 us-

218 1826 308 1875 que
342 1807 457 1858 adeo
492 1809 584 1860 haec
619 1825 837 1862 venenata
870 1812 1089 1879 pernicies
1126 1812 1333 1861 haetenus
1369 1812 1556 1861 inolevit
1590 1847 1604 1871 ‚
1654 1828 1704 1860 ut
1740 1813 1814 1860 vix
1851 1813 2066 1878 quaelibet

220 1879 415 1928 Ecclesia
448 1880 596 1930 valeat
631 1883 841 1949 reperiri,
881 1899 980 1948 quae
1015 1881 1101 1930 hoc
1137 1880 1293 1930 morbo
1328 1899 1414 1930 non
1450 1881 1502 1930 fit
1541 1882 1691 1948 aliqua
1726 1897 1778 1930 ex
1803 1898 1930 1949 parte
1968 1900 2067 1934 cor..

219 1965 353 2017 rupta
392 1985 407 2009 ‚
454 1965 530 1999 eos
564 1953 645 2018 qui
680 1950 816 2019 usque
852 1951 986 2010 modo
1021 1953 1158 2015 gratis
1194 1949 1292 2000 sunt
1327 1950 1355 2000 ὲ
1393 1952 1651 2002 Simoniacis
1685 1951 1882 2002 ordinati
1918 1991 1931 2014 ‚
1980 1970 2073 2004 non

218 2033 314 2069 tam
348 2018 539 2072 obtentu
572 2020 747 2088 Justitiae
780 2059 794 2083 ,
829 2021 966 2090 quam
1001 2022 1165 2071 intuitu
1200 2020 1505 2073 misericordiae
1538 2060 1553 2084 ,
1611 2025 1657 2071 in
1693 2025 1897 2091 acceptis
1933 2023 2071 2074 Ordi-

218 2089 349 2140 nibus
384 2107 561 2141 manere
596 2095 895 2159 permittimus
929 2129 943 2141 .
994 2092 1094 2142 Nisi
1144 2091 1256 2140 forte
1292 2093 1380 2142 alia
1413 2094 1544 2158 culpa
1579 2111 1633 2142 ex
1681 2095 1777 2143 vita
1814 2112 1966 2144 eorum
2003 2093 2068 2145 se-

219 2158 415 2209 cundum
451 2166 661 2209 Canones
695 2163 760 2208 eis
796 2160 971 2208 obsistat
1005 2196 1019 2207 .
1068 2160 1214 2208 Tanta
1265 2159 1433 2227 quippe
1481 2162 1637 2210 talium
1681 2163 1925 2212 multitudo
1960 2165 2023 2212 est
2053 2202 2070 2227 ,

222 2243 274 2277 ut
308 2226 415 2277 dum
463 2231 653 2292 rigorem
705 2231 927 2279 Canonici
977 2230 1138 2291 vigoris
1194 2227 1317 2296 super
1352 2247 1426 2277 eos
1463 2227 1630 2279 servare
1677 2248 1768 2279 non
1803 2230 2022 2298 possumus
2055 2269 2070 2295 ‚

223 2294 388 2346 neceffe
434 2297 487 2346 fit
537 2314 586 2347 ut
636 2297 959 2365 dispensatione
1005 2297 1063 2347 ad
1109 2301 1193 2366 piae
1244 2296 1619 2347 condescensionis
1668 2299 1855 2351 studium
1905 2303 2072 2354 nostros

223 2368 395 2415 animos
430 2364 488 2415 ad
522 2365 703 2435 praesens
735 2369 994 2417 inclinemus
1030 2405 1044 2417 .
1102 2373 1171 2418 Ita
1208 2383 1357 2417 tamen
1390 2384 1440 2418 ut
1476 2371 1734 2421 auctoritate
1771 2375 2073 2424 sanctorum„

224 2436 534 2504 Apostolorum
570 2440 692 2487 Petri
734 2442 779 2489 &
814 2439 941 2488 Pauli
976 2438 1242 2489 omnimodis
1275 2437 1589 2490 interdicamus
1621 2477 1635 2503 ,
1683 2458 1740 2491 ne
1775 2443 1938 2510 aliquis
1974 2444 2067 2494 suc,

223 2504 433 2556 celsorum
467 2507 709 2557 nostrorum
744 2526 798 2558 ex
832 2509 915 2558 hac
952 2509 1095 2561 nostra
1130 2509 1400 2578 permistione
1436 2511 1656 2575 Regulam
1692 2511 1772 2561 fibi
1823 2515 1898 2564 vel
1933 2515 2068 2565 alicui

224 2575 365 2625 sumat
399 2614 414 2638 ‚
466 2578 537 2627 vel
571 2578 766 2645 praefigat
800 2615 815 2627 .
865 2581 987 2651 Qia
1022 2598 1110 2629 non
1145 2582 1257 2630 hanc
1304 2581 1466 2648 aliquis
1519 2586 1803 2651 antiquorum
1840 2587 2070 2634 Parrum...

224 2645 415 2713 jubendo
464 2662 540 2696 aut
576 2647 859 2699 concedendo
893 2651 1191 2717 promulgavit
1225 2688 1238 2711 ‚
1287 2649 1359 2700 sed
1394 2655 1606 2720 temporis
1658 2656 1795 2702 nimia
1839 2656 2068 2705 neceffitas

225 2716 521 2786 permittendo
567 2717 593 2767 a
640 2719 770 2770 nobis
816 2720 993 2770 extorsit
1026 2757 1038 2769 .
1088 2726 1161 2771 De
1209 2736 1368 2772 caetero
1413 2738 1562 2774 autern
1621 2723 1851 2776 statuimus
1883 2761 1898 2785 ‚
1946 2741 1996 2775 ut
2032 2725 2066 2774 fi

227 2790 330 2854 quis
378 2788 652 2855 imposterum
688 2789 747 2840 ab
780 2806 837 2842 co
869 2827 882 2851 ‚
932 2808 1066 2857 quem
1119 2794 1410 2843 Simoniacum
1457 2790 1539 2842 esse
1591 2811 1680 2843 non
1715 2792 1892 2843 dubitat
1926 2831 1940 2855 ‚
1987 2794 2065 2851 se„

229 2855 473 2907 consecrari
507 2859 746 2926 permiserit
779 2898 792 2922 ,
845 2865 889 2910 δε
925 2861 1216 2914 Consecrator
1261 2867 1305 2914 &
1339 2862 1614 2914 consecratus
1663 2881 1753 2913 non
1804 2862 2065 2932 disparem-‚1

229 2927 526 2978 damnationis
574 2928 833 2982 sententiam
869 2930 1047 2983 subeant
1081 2971 1095 2995 ,
1143 2949 1191 2983 ut
1227 2948 1409 3002 uterque
1455 2934 1672 3003 depositus
1707 2950 1810 3000 agat
1844 2938 2065 3006 poeniten-

233 3001 340 3049 tiam
376 3036 389 3061 ,
425 3004 469 3048 δε
504 3002 699 3069 privatus
732 3002 790 3054 ab
823 3019 877 3055 ea
910 3006 1085 3075 propria
1117 3003 1333 3069 dignitate
1366 3005 1584 3074 persistat.

1181 3202 1260 3238 item
1279 3204 1471 3243 ventilatam
1493 3205 1535 3242 de
1545 3206 1638 3242 tertia
1659 3206 1767 3251 specie
1777 3206 1989 3252 quaestionem
2001 3206 2058 3243 de-

1179 3254 1249 3290 nuo
1258 3257 1423 3292 examinat
1435 3282 1447 3298 ,
1471 3256 1648 3302 datamque
1660 3269 1719 3302 pro
1729 3259 1796 3303 ipsa
1815 3258 1833 3291 ὲ
1846 3257 1993 3292 Nicolao
2015 3258 2060 3293 se·

1176 3305 1288 3339 cundo
1306 3307 1500 3343 sententiam
1522 3309 1697 3344 confirmat
1709 3333 1720 3351 ‚
1747 3310 1781 3343 ὅ(
1798 3307 1951 3351 deinceps
1971 3317 2059 3342 vetat

231 3345 439 3433 PRimam
465 3350 500 3385 δι
512 3350 686 3386 secundam
699 3351 880 3389 fimoniacae
891 3355 1112 3392 ordinationis
1176 3354 1255 3391 hinc
1265 3355 1422 3392 dubitari.
1450 3359 1556 3403 Ipsam
1569 3369 1679 3395 tamen
1695 3369 1839 3404 patenter
1852 3370 1923 3394 non
1936 3357 2058 3400 redigit

328 3402 467 3444 speciem
489 3400 602 3436 denuo
621 3402 755 3438 damnat
775 3404 895 3440 Canon
910 3430 922 3447 ,
945 3406 979 3440 δε
1003 3418 1110 3451 perpe·
1175 3405 1211 3439 in
1230 3405 1434 3443 immobilem
1454 3409 1532 3444 fidei
1554 3411 1750 3444 Canonem.
1778 3410 1881 3444 Lucet
1903 3420 1944 3441 ex
1968 3406 2059 3442 hisce

228 3449 292 3486 tuo
312 3451 458 3488 excludit
483 3451 525 3487 ab
537 3454 631 3489 omni
654 3453 706 3497 spe
716 3455 944 3499 reparationis.
971 3456 1109 3492 Dudum
1177 3456 1281 3492 verbis
1306 3470 1318 3492 .·
1359 3458 1510 3503 Depqlitus
1542 3469 1614 3506 agat
1644 3465 1855 3503 poemtemiam
1879 3481 1892 3499 ,
1934 3457 1969 3490 6·
1989 3463 2058 3498 pri·

1913 3515 2008 3542 vatus

421 3204 923 3255 Senomon.
