2366 3756
124 2233 187 2269 1³01.
218 2241 280 2269 131-

129 2430 166 2462 A-
183 2435 265 2463 1095·

289 2288 379 2321 vtium
405 2280 480 2318 bona
502 2285 611 2322 ceperit
633 2302 644 2319 ‚
682 2276 846 2310 anathema
863 2275 905 2318 fit
925 2301 932 2311 .

377 145 442 205 84
512 142 923 190 NtcotA1

308 238 387 271 ,quas
403 230 454 262 vel
471 223 637 267 Episcopus
648 248 660 265 ,
680 223 745 266 five
764 229 856 259 etiam
880 222 1053 256 Sacerdotes
1077 225 1198 266 reliquo.-

305 285 374 313 rint
386 302 397 318 ,
423 279 553 316 diripere
562 286 598 308 ac
608 275 784 315 devastare.
813 272 934 315 ,Quibus
951 273 1109 315 Apostolica
1119 278 1199 308 Cen.-

304 326 378 371 sura
389 350 400 365 ‚
426 337 463 357 no
481 324 533 359 boc
550 326 679 366 amplius
704 333 790 367 agere
807 320 997 366 praesumant
1009 347 1020 364 ,
1046 325 1198 362 interdici

306 388 389 409 mus.
421 377 511 419 Ipsos
536 376 628 421 cogit
642 373 684 413 ad
706 373 858 407 omnium
871 372 1137 423 diripiendorum
1149 385 1197 413 re

306 427 514 460 stitutionem
527 451 535 458 .

359 478 468 510 Etiam
478 476 566 519 apud
580 475 679 510 Italos
689 476 860 521 grassatam
881 476 980 515 *fuisse
994 475 1173 511 barbariem
1185 500 1197 517 ,

307 528 394 562 lucet
405 538 447 561 ex
459 526 566 561 Samsti
579 525 703 564 Leonis
715 526 797 559 noni
808 525 947 569 epistola
959 527 1000 562 ad
1017 527 1195 561 Ecclesiam

305 577 532 613 Auximanam
564 589 572 609 x
601 575 781 620 Perversam
802 577 837 610 ζ’]
855 578 981 618 prorsus
1002 577 1196 612 execrabilem

304 628 510 670 quarumdam
530 625 664 668 plebium
684 626 943 671 consuetudinem,
965 628 1058 670 fama
1069 628 1197 672 vulgan-

305 686 335 714 te
345 703 356 719 ,
381 682 571 721 cognovimus
586 701 598 718 ,
622 685 657 711 ut
668 678 807 711 videlicet
813 675 866 720 fito
875 678 1014 720 defunHo
1025 676 1170 720 Episcopo
1183 702 1194 719 ,

305 730 422 763 domum
448 725 604 771 Epifiopii
629 726 769 769 hostiliter
792 733 989 772 irrumpentes
1016 730 1195 771 invadant,

303 781 369 820 ojus
385 776 555 820 facultates
562 779 744 821 pradonum
765 789 845 815 more
871 781 1020 823 diripiant
1033 806 1045 823 ‚
1065 781 1195 822 praedtos

302 841 371 862 rum
390 830 490 862 domos
516 829 702 868 incendant,
729 834 811 863 vites
832 829 954 875 insuper
974 829 1137 870 &arbusta
1149 829 1196 864 be-

296 878 379 925 stiali
400 884 589 914 immaniores
595 878 726 921 feritate
747 878 922 924 succidant.
948 882 1042 926 ,Quod
1051 886 1193 915 nimirum

300 928 363 971 >mſs
382 929 483 972 fuerit
506 929 695 972 Ecolefiastiei
720 937 833 975 vigoris
858 930 980 976 cenficra
1006 932 1193 972 correc‘lum,

303 979 391 1013 haud
408 980 534 1014 dubium
558 987 633 1025 quin
646 980 824 1025 Regionibus
847 983 908 1016 illis
918 988 1069 1026 repentini
1072 981 1192 1024 furoris

302 1036 460 1064 immineat
476 1031 618 1075 gladius.
647 1031 783 1067 Morem
809 1032 943 1068 damnat
957 1033 1015 1068 sub
1027 1031 1191 1068 horrendo

299 1080 512 1122 anathemate
522 1106 529 1113 .
558 1082 703 1117 Videtur
717 1093 828 1118 tamen
841 1095 909 1118 non
921 1083 956 1117 in
969 1086 1188 1124 cunstorum,

302 1131 357 1166 sed
370 1132 405 1165 in
415 1142 531 1167 eorum
541 1130 712 1169 dumtaxat
724 1158 734 1174 ‚
760 1133 818 1178 qui
831 1133 961 1178 plebem
972 1133 1187 1175 offenderant,

299 1181 546 1226 Episcoporum
569 1184 673 1227 spolia
705 1183 798 1218 fuiffe
816 1187 992 1229 graffatum
1014 1185 1055 1219 ab
1078 1184 1188 1219 Italis

300 1230 384 1266 Erat
400 1231 551 1267 vindiflae
571 1235 711 1277 species,
739 1245 838 1278 quam
860 1235 1009 1271 laudatus
1033 1234 1188 1270 Pontifex

300 1282 403 1316 etiam
416 1282 572 1317 acerrime
595 1283 764 1328 proscribit
778 1309 786 1317 .
813 1284 945 1320 Abusus
957 1286 1120 1330 originem
1132 1285 1185 1318 alii

298 1333 444 1369 referunt
474 1332 510 1365 in
543 1333 651 1377 Regia
675 1335 918 1376 Episcoporum
949 1337 1046 1368 feuda
1071 1358 1079 1365 .
1105 1336 1187 1370 Haec

296 1382 392 1415 enim
416 1392 472 1423 per
493 1380 650 1424 Episcopi
671 1392 814 1415 mortem
836 1392 892 1415 aut
915 1383 1189 1427 degradationem

299 1430 450 1465 vacantia
472 1430 548 1466 Rex
560 1431 601 1465 ad
627 1432 658 1465 se
668 1433 769 1474 usque
785 1432 826 1465 ad
840 1432 920 1465 novi
935 1433 1088 1477 Episcopi
1101 1445 1185 1467 crea·

298 1481 427 1516 tionem
451 1479 656 1520 retrahebat,
682 1490 780 1522 atque
803 1480 926 1522 itaejus
938 1482 1076 1522 famuli,
1103 1482 1189 1525 ipsis-

296 1542 362 1575 que
372 1529 558 1564 commixta
570 1529 682 1573 populi
696 1529 756 1562 faex
767 1552 778 1568 ,
802 1528 969 1572 Episcopii
985 1531 1019 1565 ὃς
1034 1530 1187 1565 villarum

297 1581 415 1616 cundia
439 1579 599 1622 mobilia,
620 1590 789 1624 tamquam
815 1579 965 1614 derelicta
987 1581 1020 1614 δε
1034 1581 1073 1615 ad
1089 1581 1190 1615 nemi-

296 1642 377 1666 nem
389 1631 586 1674 spectantia,
609 1629 802 1674 diripiebat.
831 1628 904 1663 Alii
917 1630 1108 1666 existimant
1120 1642 1191 1675 pra-

298 1692 376 1715 vam
388 1680 618 1721 Ecciefiastieae
637 1681 683 1713 rei
699 1679 1017 1717 administrationem
1031 1706 1042 1722 ,
1069 1693 1107 1716 ac
1121 1693 1191 1724 pro-

298 1732 376 1765 fana
398 1730 571 1774 praesertim
594 1729 835 1773 Episcopotum
874 1731 1070 1766 testamenta
1097 1731 1191 1764 fuisse

298 1781 380 1815 mali
400 1780 577 1814 exordium
602 1804 612 1820 ,
639 1780 821 1815 autsaltem
842 1780 968 1825 grande
982 1782 1189 1817 fomentum

300 1830 508 1875 Episcopalia
536 1830 624 1864 bona
653 1831 728 1864 sunt
756 1841 936 1873 pauperum
970 1831 1191 1874 patrimonia,

299 1879 441 1924 ideoque
461 1881 541 1914 dum
559 1878 595 1914 hi
619 1880 679 1914 ista
700 1879 818 1914 abillis
843 1881 991 1914 viderunt
1005 1893 1071 1914 non
1088 1880 1190 1914 distri-

299 1931 360 1966 bui
370 1943 411 1965 ex
428 1942 542 1973 aequo,
569 1930 681 1965 saltem
702 1931 719 1964 ὲ
732 1929 892 1964 defunctis
918 1932 1027 1965 renota
1045 1929 1190 1965 credide·

297 1990 377 2017 runt
398 1981 458 2015 fibi
474 1981 590 2016 ‘deberi
615 2007 622 2014 .
650 1979 824 2029 Qidquid
848 1982 884 2013 fit
902 2006 913 2021 ,
941 1992 1076 2015 ornnem
1101 1979 1188 2014 hunc

300 2031 438 2067 abusum
459 2030 596 2066 damnat
607 2030 663 2065 hic
675 2031 786 2064 denuo'
799 2030 962 2066 Nicolaus
977 2031 1158 2065 secundus.

354 2080 481 2116 Verum
492 2093 562 2116 non
576 2081 670 2125 plene
680 2081 827 2115 obtinuit
838 2081 1028 2114 damnatio.
1053 2082 1186 2114 Etenim

301 2133 470 2167 viventem
491 2131 602 2166 adhue
623 2130 802 2164 barbariem
842 2129 1004 2162 Urbanus
1031 2128 1189 2163 secundus

300 2183 420 2217 iterum
433 2181 589 2213 damnare
601 2178 663 2212 fuit
673 2176 862 2221 compulsus
872 2177 906 2210 in
922 2177 1188 2212 Claromontana

300 2230 459 2275 Synodo:
489 2231 554 2273 ,Qui
562 2225 776 2271 Episcoporum
798 2227 850 2260 vel
861 2229 1042 2261 clericorum
1066 2234 1190 2261 morien-

965 2277 1080 2310 Exstat
1104 2276 1190 2320 apud

306 2331 528 2367 Guilielmum
552 2327 878 2368 Malmesberiensem
898 2351 905 2359 .
941 2327 986 2360 Et
1006 2327 1091 2371 apud
1103 2328 1190 2360 Mat-

306 2383 427 2418 thaeum
450 2381 661 2415 Parifiensem
676 2393 686 2412 .·
713 2381 780 2422 ‚Qui
799 2376 1011 2420 Episcoporum
1031 2387 1084 2410 aut
1097 2378 1192 2410 Cleri-

307 2445 404 2468 corum
429 2437 615 2465 morientium
646 2429 722 2463 bona
746 2434 884 2470 rapuerit
912 2451 923 2468 ,
949 2426 1113 2461 anathema
1128 2427 1159 2470 s
1155 2437 1189 2461 t

309 2487 392 2520 Sunt
430 2481 580 2516 Canonis
606 2479 777 2515 dumtaxat
804 2477 1000 2520 compendia
1029 2502 1040 2518 ‚
1077 2477 1192 2521 plenus

309 2544 482 2570 contextus
502 2532 624 2566 exstare
649 2530 775 2564 videtur
798 2529 833 2563 in
847 2526 1007 2563 hodierna
1023 2527 1193 2562 Concilio,

309 2596 381 2619 rum
392 2584 609 2619 colleffione:
636 2585 688 2615 Ne
697 2586 767 2623 quis
781 2580 910 2613 clericus
920 2588 968 2615 res
981 2576 1192 2621 Episcoporum

300 2634 364 2671 'vel
381 2636 563 2669 clericorum
583 2639 615 2665 in
644 2637 714 2666 vita
735 2630 791 2663 vela
803 2628 866 2671 post
877 2637 1001 2662 mortem
1011 2640 1108 2662 eorum
1118 2631 1179 2662 diri

306 2692 398 2734 piat,
423 2685 476 2723 vel
502 2690 533 2717 in
546 2683 616 2732 ujus
631 2686 769 2730 proprios
792 2678 927 2726 corgl'erat
944 2702 951 2712 .
977 2680 1075 2722 ‚Quod
1089 2678 1192 2727 siquis

995 154 1389 189 SECUNDI

1461 141 2026 194 Poisi’rtsxcts

1676 229 1723 260 Et
1747 227 1859 261 dmum
1870 229 1908 270 est
1930 229 1969 263 ab
1979 230 2137 274 omnibus,

1259 279 1352 308 Fiat.
1384 276 1473 310 Nam
1492 277 1583 310 &ita
1610 276 1709 310 habet
1732 277 1850 311 Codex
1874 279 2040 315 Lamberti
2066 283 2142 326 Epi-

1258 326 1349 369 scopi
1369 325 1612 363 Atrebatenfis.
1640 326 1740 368 Vox,
1766 329 1923 368 Clericus,
1947 331 2038 374 cujus
2062 344 2145 366 neu

1257 385 1344 409 trum
1356 377 1524 411 laudatum
1536 377 1783 422 Compendium
1805 378 1979 420 meminit,
2005 381 2136 424 quibus-

1256 424 1334 460 dam
1354 427 1483 461 videtur
1500 428 1677 469 intrusa,&
1690 430 1854 471 supereffe-
1888 429 1981 463 Hinc
1992 429 2090 466 habet
2104 432 2141 466 δε

1257 476 1350 510 aliud
1363 477 1610 521 Compendium
1624 492 1631 511 :
1659 482 1723 524 ‚Qui
1732 479 1808 512 bona
1818 484 2006 513 morientium
2018 480 2144 525 Episco-

1253 534 1361 568 porum
1382 529 1434 561 vel
1443 527 1590 563 abbatum
1600 526 1779 564 invaderent
1792 554 1803 569 ,
1829 537 1984 573 tamquam
2003 529 2141 575 sacrilegi

1253 575 1325 620 sunt
1346 584 1610 613 excommunicati.
1636 579 1743 614 Verus
1769 580 1947 615 Canonum
1960 592 2140 615 contextus

1258 628 1353 671 periit
1376 638 1432 664 aut
1452 629 1548 663 latet.
1575 629 1686 664 Etiam
1706 631 1849 674 Joannes
1871 641 1908 665 ac
1920 632 2139 672 Benedistus‚

1257 676 1424 714 Paschalis
1445 678 1581 714 secundi
1604 691 1658 724 pet
1667 681 1813 714 Galliam
1824 679 2015 716 Cardinales
2035 683 2143 727 Lega-

1257 728 1307 770 ti,
1332 728 1515 763 statuerunt
1539 730 1575 764 in
1604 731 1745 766 secunda
1768 730 1908 773 Synodo
1928 729 2140 765 Pistavienfi:

1256 783 1295 812 Ut
1319 791 1401 813 nemo
1431 781 1600 814 advocatus
1621 805 1632 821 ,
1659 782 1713 814 vel
1728 791 1916 824 quoecumque
1936 779 2065 824 persona
2089 793 2141 816 res

1257 829 1401 873 Episcopi
1428 836 1461 863 in
1482 836 1552 864 vita
1573 856 1584 873 ‚
1602 830 1667 873 five
1684 830 1747 873 post
1772 841 1891 864 mortem
1904 830 1960 873 fibi
1984 832 2141 865 vindicare

1253 879 1436 924 praesumat.
1466 882 1559 925 ,Quod
1573 880 1604 923 fi
1613 880 1746 923 fecerit,
1771 881 1931 915 anathema
1936 880 1977 923 fit
1990 906 1998 914 .
2027 881 2142 916 Eccle-

1256 932 1371 966 fiarum
1408 931 1599 973 Advocati,
1624 931 1713 974 quafi
1740 934 1774 966 in
1803 932 1996 968 Advocatiae
2022 931 2142 976 stipen-

1255 980 1347 1015 dium
1363 1006 1374 1022 ,
1402 982 1506 1025 spolia
1528 982 1587 1016 ista
1609 982 1808 1016 invadebant
1830 1009 1837 1016 .
1869 982 1925 1017 Ad
1949 981 2141 1016 Paschalem

1254 1031 1431 1067 secundum
1453 1032 1494 1066 de
1506 1032 1662 1067 redeunte
1673 1033 1714 1067 ad
1726 1033 1849 1067 sacrum
1862 1032 1986 1066 beilum
2003 1033 2061 1066 suo
2075 1032 2144 1066 Co-

1256 1083 1338 1116 mite
1360 1081 1512 1117 Henrico
1525 1082 1694 1126 Stephano
1715 1082 1827 1117 scribit
1838 1083 1970 1117 Sanetus
1991 1083 2051 1116 lvo
2064 1081 2144 1117 Car-

1255 1133 1398 1167 nutenfis
1412 1132 1613 1176 Episcopus:
1642 1136 1757 1167 Divino
1777 1134 1925 1175 adjutorio
1949 1131 2143 1174 Carnutenfis
2163 1135 2213 1173 Ep.
2233 1143 2281 1171 94.

1254 1187 1357 1216 comes
1375 1191 1494 1225 pravas
1505 1181 1747 1227 consuetudines,
1773 1195 1850 1228 quas
1873 1183 2041 1217 habuerant
2052 1187 2144 1217 Ante-

1253 1234 1368 1277 ceffores
1390 1233 1441 1278 sui
1464 1233 1615 1278 &ipsein
1636 1236 1770 1269 domibus
1794 1235 1924 1269 &rebus
1947 1232 2143 1275 Carnutenfis

1255 1283 1396 1328 Episcopi
1420 1284 1554 1326 defundit
1578 1287 1631 1319 vel
1649 1284 1790 1328 depositi,
1817 1286 1907 1319 multo
1918 1295 1978 1316 meo
1989 1284 2088 1316 labore
2107 1284 2144 1318 δ’

1250 1333 1371 1376 sumptu
1383 1333 1516 1374 Ecclefiae
1531 1334 1656 1375 dimiſse.
1683 1336 1786 1382 Qod
1808 1336 1841 1370 ἀ
1856 1335 1978 1369 Comes
1989 1359 1999 1374 ,
2030 1335 2064 1367 δε
2075 1333 2144 1377 ejus

1255 1382 1399 1422 famuli,
1425 1382 1548 1416 nciliis
1569 1383 1718 1416 admixta
1741 1385 1854 1426 populi
1878 1385 1941 1417 faex
1966 1384 2082 1417 soleret
2108 1382 2145 1417 δε

1256 1432 1450 1476 Episcopale
1473 1430 1661 1471 Palatium,
1685 1433 1719 1466 δι.
1739 1442 1856 1470 ornnes
1876 1433 1945 1477 ejus
1966 1432 2062 1466 villas
2075 1433 2145 1475 spo·

1253 1482 1332 1514 liare
1354 1483 1453 1514 etiam
1468 1482 1647 1523 pecudibus
1669 1483 1890 1520 &armentis,
1915 1483 2002 1515 lucet
2026 1482 2145 1516 exlau·

1253 1530 1336 1563 datae
1365 1530 1516 1564 cessionis
1526 1530 1747 1565 instrumento
1759 1555 1771 1572 ‚
1797 1530 1886 1575 quod
1896 1532 1932 1564 in
1945 1531 2010 1564 suis
2022 1530 2064 1565 ad
2077 1542 2147 1565 me-

1254 1579 1596 1624 moratamepistolam
1609 1580 1711 1615 Notis
1733 1581 1914 1624 publicavit
1927 1581 2071 1624 joannes
2083 1581 2145 1615 Ba-

1255 1630 1352 1673 ptista
1372 1628 1556 1664 souchetus
1576 1654 1583 1662 .
1617 1630 1767 1665 Eandem
1790 1631 1937 1666 Comitis
1967 1632 2143 1665 ceffionem

1255 1679 1519 1724 rigidiss'imarum
1544 1691 1712 1724 poenarum
1724 1681 1850 1724 adjediu
1879 1680 2046 1715 Paschalis
2062 1693 2144 1715 con-

1254 1728 1401 1763 firmavit
1423 1754 1431 1761 .
1458 1729 1573 1763 Etiam
1595 1730 1630 1762 in
1648 1731 1725 1772 sua,
1750 1743 1806 1775 per
1829 1730 2034 1774 Stephanum
2047 1731 2145 1764 Balu-
2162 1741 2224 1772 Lib,
2241 1747 2268 1772 g,

1256 1779 1345 1815 zium
1359 1779 1394 1811 in
1409 1778 1473 1814 suis
1495 1778 1536 1813 ad
1549 1777 1684 1814 Petrum
1693 1780 1736 1814 de
1759 1781 1875 1816 Marea
1888 1781 1991 1815 Notis
2000 1778 2144 1824 publica·
2161 1790 2228 1820 cap.
2253 1784 2299 1812 18.

1257 1839 1311 1868 ta,
1336 1827 1534 1864 Tholosana
1556 1828 1696 1872 Synodo
1717 1830 1828 1865 sanxit
1849 1830 2006 1865 calixtus
2030 1831 2146 1864 secun-

1257 1853 1337 1912 du's:
1366 1882 1474 1912 Domos
1502 1881 1536 1913 &¹
1548 1879 1626 1914 bona
1640 1889 1748 1914 caetera
1767 1880 1934 1922 deficientis
1946 1878 2088 1923 Episcopi
2109 1880 2146 1914 ὁ·

1258 1929 1439 1964 clericorum
1461 1931 1482 1962 ἃ
1508 1929 1702 1972 Principibus
1722 1955 1734 1971 ,
1762 1930 1816 1964 vel
1837 1930 2019 1973 quibuslibet
2041 1933 2145 1962 Laicis

1259 1980 1354 2020 diripi
1378 1980 1411 2012 o·
1425 1985 1519 2012 teneri
1535 1980 1659 2021 penitus
1678 1981 1888 2013 interdicimus
1900 2005 1907 2012 .
1935 1982 2148 2023 Quipertinae·

1243 2034 1330 2065 ·citer
1340 2027 1396 2068 illa
1400 2027 1675 2071 praesumpserint
1702 2029 1741 2062 ab
1755 2029 1892 2071 Ecclest'ae
1904 2030 2056 2063 liminibus
2069 2037 2145 2062 tam-

1260 2089 1352 2121 quam
1358 2078 1497 2123 sacrilegi
1509 2088 1687 2113 arceantur.
1715 2079 1809 2113 Huic
1822 2078 1961 2122 Synodo
1983 2081 2017 2114 ὃς
2032 2079 2147 2114 Cano-

1259 2129 1292 2159 ni
1305 2129 1472 2161 attestatur
1492 2129 1591 2162 etiam
1609 2139 1768 2172 magnum
1789 2129 1898 2175 Belgii
1923 2128 2142 2164 Chronicon.

1260 2176 1364 2222 Qod
1388 2176 1493 2219 ipsum
1517 2177 1550 2209 in
1565 2178 1775 2211 Lateranenfi
1799 2179 2148 2223 suaSynodorigidiss
2163 2164 2301 2200 ¹³1⁰*49'

1259 2226 1278 2259 s
1283 2236 1335 2259 me
1369 2226 1579 2260 confirmavit
1602 2226 1818 2262 Innocentius
1851 2227 2039 2263 secundus.
2064 2227 2147 2263 Hoc

1262 2276 1340 2308 item
1367 2283 1516 2317 tempore
1543 2275 1861 2311 Barchinonensium
1891 2278 1924 2311 &
1947 2276 2146 2320 Aragonum

1259 2323 1413 2367 Princeps
1435 2323 1523 2358 hanc
1533 2325 1746 2367 rnpacitatem
1761 2326 1884 2360 remifit
1898 2326 2051 2360 Ecclefiis
2064 2326 2145 2361 Pro-

1259 2375 1371 2408 vinciae
1391 2373 1669 2409 Tarraconensis.
1693 2372 1843 2409 Eandem
1864 2376 2144 2412 consuetudinem

1258 2425 1300 2458 ab
1321 2423 1550 2468 Ermengaudi
1588 2425 1650 2459 suae
1677 2423 1830 2459 Civitatis
1863 2424 2143 2463 vice-comitissa

1259 2474 1396 2509 redemit
1421 2473 1471 2507 bis
1497 2473 1588 2508 mille
1611 2472 1725 2509 solidis
1749 2484 1889 2510 monetae
1908 2475 2143 2517 Melgorienfis

1259 2525 1373 2559 Petrus
1388 2523 1614 2562 Narbonensis
1647 2522 1944 2568 Archiepiscopus‚
1969 2525 2004 2558 &
2024 2525 2143 2562 Adria-

1260 2587 1321 2609 nus
1332 2584 1466 2618 quartus
1493 2572 1714 2608 confirmavit.
1748 2573 1982 2610 Adeodudum
1993 2571 2060 2611 haec
2074 2574 2142 2620 bats

1259 2625 1362 2664 baties
1374 2623 1506 2663 vexavit
1522 2623 1700 2664 Ecclesias,

1251 224 1385 266 f'ecerit,
1411 225 1572 261 anathema
1589 225 1649 268 fit.

1922 3480 2095 3518 CANON
