2366 3756
113 524 144 555 L.
163 533 190 560 7.
208 532 233 554 c.
246 532 268 560 5.

363 143 436 182 62·

290 226 408 254 menos
422 213 568 250 admittit
578 211 618 246 ad
632 211 824 249 Narthecen
839 228 847 248 z
874 213 1096 258 pertinacibus
1119 215 1192 250 nul·

750 131 1690 179 V1c101113'51-:cunn1

1255 216 1405 251 Sanctum
1433 213 1634 258 Gregorium
1659 213 1861 258 Episcopum
1883 211 2142 254 Turonensem.

289 268 360 305 lum
372 268 409 303 in
421 265 562 300 Ecclefia
575 262 726 310 indulget
739 265 870 298 locum.
897 265 946 297 lta
960 265 1190 309 retieexponit
1255 266 1297 301 Et
1323 267 1359 300 in
1385 267 1499 300 octava
1525 263 1664 308 Synodo
1691 265 1845 300 dixerunt
1860 267 2068 305 deRomana
2082 270 2144 305 Ec·
2165 260 2244 289 L.-6.
2273 264 2300 289 θ’

288 317 494 352 Theodorus
522 314 695 350 Balsamon
720 340 726 346 .

289 367 441 405 Bafincas
452 365 661 409 Demophilo
675 362 1057 410 ArianorumEpiscopo
1083 367 1188 402 abstu-

289 418 362 451 lerit
377 443 386 456 ‚
410 417 443 454 δε
457 417 575 451 Sancto
587 414 752 460 Gregorio
777 415 996 451 Nazianzeno
1018 418 1187 454 tradiderit
1247 421 1342 462 gendi
1362 443 1373 458 ‚

288 466 500 503 Theodosius
520 464 690 509 Augustus
702 489 712 505 ‚
739 467 838 501 refert
856 468 1015 502 Hermias
1025 469 1188 504 Zozome-

754 314 941 363 Quomodo
965 316 1078 360 Regiae
1101 317 1189 351 urbis
1253 318 1350 351 clefia
1376 315 1596 361 gloriosiffimi
1622 316 1772 360 Judices:
1804 319 1868 349 Mos
1894 318 1931 359 est
1955 326 1990 352 in
2002 324 2143 355 Romana

1253 367 1379 409 Ecclesia
1391 391 1402 407 ,
1429 366 1470 400 ab
1489 372 1569 400 omni
1578 365 1694 400 bomine
1706 365 1820 409 hospite
1845 367 1974 403 libellam
1986 362 2068 414 vfidei
2079 379 2142 406 ex).

1399 419 1435 455 &
1459 424 1504 450 ita
1525 423 1663 460 permitti
1687 416 1766 451 hunc
1791 424 1823 450 in
1847 418 1988 454 samium
2014 425 2142 456 Petrum

1250 475 1386 503 intrare.
1415 467 1472 502 Est
1500 479 1574 502 mos
1594 467 1848 511 antiquiffimus.
1878 470 2011 503 Etenim
2036 474 2141 508 etiam

287 530 374 558 nus,
398 514 614 560 &adjungiu
643 514 801 558 Postquam
816 518 975 560 Ecclefiam
992 520 1186 562 Demophilus
1249 520 1290 554 ad
1318 520 1419 554 fidem
1443 521 1588 553 reversus
1612 517 1696 553 dixit
1719 519 1836 554 Romae
1847 518 1991 564 Pyrrhus
2001 520 2141 557 Patriar-

286 567 444 611 reliquiffet
456 589 468 606 ,
493 566 631 610 ingressus
646 570 810 610 Imperator
816 577 922 610 preces
927 568 1033 611 fudit.
1061 571 1105 604 Et
1117 582 1184 606 ma·

284 629 368 653 trem
382 618 472 652 suam
494 616 659 651 Nonnam
674 642 684 658 ,
711 618 802 661 quod
819 620 1059 654 Haereticorum
1073 620 1185 656 Basili-

282 680 337 705 cas
357 668 517 704 transiens
542 679 603 701 nec
627 667 771 703 salutarit
791 693 803 711 ,
828 669 979 705 laudatus
1001 671 1182 717 Gregorius

281 720 394 756 laudat
405 745 413 752 .
442 718 485 752 Et
499 717 540 753 de
552 718 731 755 Saturnino
744 718 923 755 Arelatensi
938 745 949 761 ,
969 722 1002 755 δε
1017 721 1091 756 aliis
1103 734 1181 757 cum

279 769 395 814 ipsoin
420 768 541 803 Arium
563 769 846 813 propendentibus
871 772 1044 816 Episcopis
1068 773 1179 808 scribit

277 821 313 855 in
327 819 413 854 libro
439 830 556 854 contra
584 819 820 856 Constantium
842 822 1077 866 Imperatorem
1102 824 1180 858 San-

275 871 346 907 stus
357 869 723 905 HilariusPictavienfis
741 871 922 917 Episcopus
937 885 945 906 z
976 877 1043 907 Nec
1054 879 1178 909 interim

275 926 414 958 criminis
425 923 482 954 loco
494 922 594 961 duxi,
619 932 799 965 quemquam
809 930 863 956 aut
873 934 940 957 cum
964 923 1012 957 bis
1034 925 1175 969 colloqui,

273 980 331 1006 aut
337 970 480 1016 suspensa
491 972 556 1005 licet
566 977 781 1010 communionis
799 971 943 1017 societate
963 980 1106 1009 orattonis
1128 978 1175 1010 do·

274 1032 356 1056 mum
377 1024 482 1064 adire,
508 1031 564 1057 aut
569 1028 640 1065 paci
654 1025 790 1066 optanda
805 1022 950 1068 sperare,
974 1026 1047 1059 dum
1067 1032 1175 1063 erroris

273 1073 495 1118 indulgentiam
529 1073 571 1109 ab
594 1072 771 1115 Antichristo
793 1076 838 1108 ad
854 1075 1005 1118 christum
1026 1088 1177 1112 recurren-

230 1156 233 1160 ,
273 1130 416 1166 tiumper
424 1127 636 1166 poenitentiam
653 1131 919 1167 praepararemus.
948 1126 1011 1162 Ait
1035 1129 1066 1162 se
1092 1128 1174 1173 ipso-

94 2108 131 2139 (Σ.
153 2111 182 2142 6.

103 2948 135 2977 L.
166 2949 194 2976 6.
216 2954 243 2977 c.

105 2998 154 3018 200

273 1182 348 1211 rum
360 1174 497 1216 quidem
510 1186 580 1209 non
594 1176 854 1211 communicasse
867 1177 1011 1221 personis
1023 1201 1034 1219 ,
1061 1188 1171 1216 tamen

272 1221 381 1260 adhuc
405 1225 535 1259 intrasse
557 1224 717 1262 Ecclefias
734 1239 746 1260 .-
776 1227 880 1280 Qod
904 1227 1076 1263 manifeste
1101 1240 1173 1264 ncc-

272 1272 354 1310 dum
364 1275 467 1309 essent
477 1274 621 1316 Ariani,
648 1276 681 1310 δε
694 1276 784 1320 quod
799 1276 861 1312 hac
873 1278 925 1312 via
942 1279 1079 1322 speraret
1103 1291 1174 1315 cor-

269 1323 431 1368 figendos
443 1350 450 1358 .
478 1324 523 1358 Et
537 1324 578 1359 ad
593 1326 754 1368 populum
774 1327 1065 1363 Mediolanensem
1081 1352 1093 1368 ,
1117 1339 1172 1362 ex-

270 1381 320 1411 tra
344 1374 501 1407 Basilicas
525 1375 726 1406 nescientem
757 1383 852 1405 orare
873 1397 884 1412 ,
926 1375 1068 1418 ideoque
1093 1387 1173 1410 curn

270 1421 400 1460 Ariano
414 1422 475 1456 suo
487 1419 652 1465 Episcopo
675 1420 851 1456 Auxentio
873 1420 1076 1465 intrantem,
1103 1423 1173 1459 haec

269 1473 414 1516 scripsit:
442 1475 559 1505 Cavete
581 1470 790 1512 Antichristum
803 1495 815 1512 ,
840 1474 920 1507 male
941 1484 996 1507 vos
1017 1480 1171 1515 parietum

270 1534 353 1558 amor
366 1528 442 1564 cepit
451 1545 463 1562 ,
487 1522 567 1555 mal&
582 1521 740 1563 Ecclefiam
753 1525 811 1558 Dei
820 1528 852 1556 in
863 1522 949 1557 teffis
976 1523 1169 1568 aedificiis'que

270 1579 461 1609 veneramini
471 1597 483 1614 ,
510 1572 588 1609 male
595 1570 652 1615 sub
661 1571 709 1606 bis
721 1584 826 1606 nomen
831 1578 918 1616 pacis
932 1579 1069 1618 ingeritis
1084 1600 1089 1607 .
1116 1574 1170 1609 Ut

271 1633 348 1657 cum
371 1621 546 1668 Prophetis
566 1622 600 1660 ‘St
626 1623 832 1667 Martyribus
851 1634 984 1659 montes
1005 1624 1117 1668 poti-:ts
1137 1626 1170 1660 &

270 1674 401 1718 sylvas,
428 1675 539 1715 lacus,
569 1675 767 1719 voragines,
795 1683 854 1710 aut
878 1685 1021 1714 carceres
1045 1676 1168 1710 oraturi

271 1723 409 1765 adeant,
442 1722 592 1759 hortatur
606 1724 640 1759 ἃ
652 1723 807 1761 mandat.
834 1725 884 1760 lta
897 1725 988 1760 enim
1001 1725 1037 1760 in
1051 1727 1169 1763 Orien-

270 1786 303 1810 te
329 1775 438 1809 fecisse
466 1785 546 1809 tunc
572 1773 702 1817 fideles,
731 1776 879 1819 plurimis
905 1775 1106 1810 testimoniis
1134 1778 1169 1812 ὅ(

266 1825 426 1869 exemplis
448 1823 543 1868 possit
566 1823 799 1861 demonstrari.
827 1826 940 1860 Etiam
963 1826 1009 1859 ob
1031 1826 1166 1863 Petrum

268 1875 447 1917 fullonem
487 1873 778 1917 Eutychianissam
806 1874 966 1911 intrusum
995 1876 1029 1909 in
1057 1876 1166 1910 sedern

268 1923 547 1964 Antiochenam,
573 1923 684 1958 fideles
711 1924 873 1969 plurimos
898 1925 1011 1962 relidits
1033 1924 1103 1969 suis
1120 1925 1167 1969 se-

267 1976 356 2013 dibus
382 1976 476 2019 ceffiffit
502 1985 540 2009 ac
566 1973 682 2019 fugiue
705 2000 715 2016 ,
753 1975 890 2010 testatur
930 1976 1025 2010 Felix
1052 1977 1167 2010 tertius

266 2026 429 2066 Pontifex
455 2025 493 2065 in
521 2025 635 2064 litteris
663 2025 704 2063 ad
731 2024 897 2068 Bythiniae
922 2026 1060 2061 Clerum
1083 2051 1095 2067 ‚
1132 2028 1166 2061 ὅ(

268 2078 430 2122 populum
441 2075 856 2119 Constantinopolitanum
869 2102 876 2108 .
898 2076 1100 2113 Metuebant
1112 2088 1167 2112 co-

268 2128 304 2173 gi
317 2128 356 2162 ad
373 2126 560 2163 intrandam
572 2137 649 2160 cum
663 2126 733 2168 ipso
749 2126 927 2159 Ecclesiam
941 2149 948 2156 .

320 2180 374 2212 De
397 2175 516 2209 nostris
542 2174 713 2207 vice-versa
741 2172 892 2206 Ecclesiis
913 2172 1025 2208 statuit
1036 2171 1165 2207 laudata

272 2226 426 2271 Synodus
448 2221 656 2259 Laodicena:
686 2223 783 2265 ,Quod
795 2234 853 2256 non
874 2229 986 2264 oportet
1007 2227 1165 2258 Haereticts

269 2279 445 2316 concedere,
471 2283 505 2308 ut
531 2278 564 2306 in
592 2274 711 2306 domum
738 2275 796 2306 Dei
820 2273 1032 2316 ingrediantur
1053 2298 1064 2314 ‚
1083 2273 1115 2314 fi
1135 2280 1167 2305 in

273 2326 388 2370 Haerefi
404 2331 625 2370 permaneant.
654 2321 721 2356 Eos
734 2334 796 2357 nec
810 2323 851 2358 ad
879 2321 1083 2359 Narthecem
1110 2333 1164 2357 aut

273 2379 411 2414 ferulam
422 2374 668 2412 admittendos,
696 2372 790 2417 supra
816 2372 916 2408 nobis
936 2372 1028 2415 juxta
1050 2372 1167 2407 Theo—

273 2429 347 2464 dori
375 2425 580 2463 Balsamonis
606 2423 897 2459 Commentarium
924 2423 1011 2457 dixit
1049 2422 1165 2457 Timo·

274 2478 371 2515 theus
385 2474 570 2512 Patriarcha
583 2474 848 2509 Alexandrinus.
877 2474 1070 2519 Qitamen
1096 2484 1169 2511 mos

274 2541 344 2568 non
358 2526 643 2563 fuituniversalis.
674 2523 777 2571 Quid
798 2525 888 2559 enim
917 2524 1028 2559 Sansti
1054 2523 1168 2569 Augu-

273 2580 515 2623 stinitempore
543 2576 699 2610 Africana
727 2575 868 2610 Ecclesia
879 2575 1059 2619 pertinaces
1069 2574 1166 2621 etiam

273 2631 457 2668 Haereticos
468 2628 507 2662 ad
521 2625 692 2672 publicum
703 2625 771 2660 Dei
783 2625 933 2661 Verbum
945 2625 1147 2661 audiendum
1159 2647 1169 2664 ,

274 2680 470 2724 adeoque&
485 2677 525 2713 ad
551 2674 754 2714 Narthecem
780 2675 947 2710 admiserit
969 2687 1047 2713 cum
1073 2676 1169 2711 Cate-

275 2731 466 2769 chumenis,
492 2728 686 2773 profitentur
714 2726 872 2761 Canones
900 2726 1054 2761 Africani
1079 2752 1085 2759 .
1126 2726 1168 2761 Et

276 2782 530 2818 Britannionem
554 2777 752 2821 Schytarum
789 2778 823 2811 in
850 2775 1008 2812 Thracia,
1038 2777 1171 2820 Episco-

276 2843 355 2876 pum
382 2855 393 2873 ,
428 2829 519 2874 quod
547 2827 691 2863 Valente
718 2826 875 2872 Augusto
903 2828 1032 2862 Ariano
1059 2828 1171 2862 Eccle-

276 2883 354 2916 siam
381 2883 470 2915 suam
498 2879 662 2920 intrante,
689 2880 810 2923 sugerit
836 2890 913 2912 cum
936 2878 1170 2921 omnipopulo

276 2933 318 2968 ad
339 2933 436 2968 aliam
457 2929 628 2966 Basilicam
652 2953 663 2970 ‚
690 2928 802 2963 laudat
829 2928 984 2963 Hermias
1010 2928 1171 2964 Zozorne-

277 2994 358 3018 nus.
385 2981 560 3030 Qoniam
586 2979 778 3023 Principem
806 2978 968 3023 expellere
994 2989 1062 3012 non
1078 2989 1170 3022 pote-

277 3044 327 3068 rat
352 3057 363 3074 ,
401 3033 466 3076 ipse
490 3041 567 3065 cum
598 3029 722 3073 populo
748 3029 853 3063 exivit
874 3053 882 3062 .
908 3028 990 3062 Cur
1025 3029 1168 3062 eundem

278 3081 466 3127 Principem
490 3081 623 3114 Saustus
634 3079 771 3113 Basilius
782 3080 881 3114 etiam
893 3078 934 3113 ad
960 3079 1168 3122 spestandum

277 3136 372 3171 suum
396 3130 590 3167 sacrificium
617 3128 783 3164 admiserit
809 3130 894 3166 intra
921 3130 1167 3173 Santiuarium,
1217 3162 1220 3168 4

277 3185 366 3219 varia
375 3183 393 3217 ὲ
407 3181 504 3217 variis
514 3177 685 3215 adducitur
696 3180 782 3213 ratio
798 3193 805 3212 :
835 3180 909 3224 Ego
917 3179 1165 3215 adscribendum

278 3243 362 3279 puto
383 3231 550 3270 consuetis
565 3229 676 3263 Basilii
708 3229 1004 3272 dispensationibus
1029 3254 1036 3261 .
1060 3231 1164 3278 Qdd

280 3286 360 3322 item
372 3280 539 3328 Levigildi
551 3304 562 3320 ‚
588 3279 787 3314 Arianorum
802 3277 991 3313 Gothorum
1006 3280 1037 3312 in
1051 3281 1164 3324 Hispa-

280 3335 336 3370 nia
348 3334 451 3378 Regis
462 3358 472 3374 ,
500 3333 644 3375 Legatos
655 3337 730 3363 ante
743 3329 891 3365 Ecclefiae
901 3331 1075 3375 ingressum
1088 3331 1164 3366 Gal·

281 3384 381 3419 licani
404 3380 561 3430 Episcopi
571 3379 739 3425 coegerint
753 3380 794 3415 ad
808 3379 990 3414 Catholicae
1002 3382 1077 3416 fidei
1093 3394 1164 3427 pro-

279 3434 450 3471 feffionem
463 3458 474 3475 ,
500 3430 600 3468 habes
625 3431 661 3465 in
687 3430 889 3466 Francorum
916 3431 1065 3467 Historia
1078 3432 1162 3477 apud

1247 568 1310 606 cha
1332 568 1745 613 Constantinopolitanus:
1775 572 1894 613 Dignus
1920 570 2032 604 habear
2057 574 2141 606 Tem·

1243 622 1363 662 plorum
1385 619 1601 663 Apostolorum,
1627 631 1662 653 ac
1678 621 1779 662 potitis
1805 619 1937 663 rpfhrum
1963 624 2141 665 Principum

1246 672 1442 714 Apostolorum
1466 674 1656 704 adoratione.
1684 670 1775 705 Ante
1798 671 1968 713 professam
1989 674 2080 708 enim
2103 674 2141 709 fi·

1246 722 1323 757 dem
1340 722 1431 756 nulla
1444 721 1593 756 eifuerat
1605 722 1694 765 spes.
1721 720 1771 759 lta
1800 719 1899 754 habes
1926 722 1960 755 in
1988 723 2142 769 Dialogo

1244 773 1350 809 Saneti
1367 772 1510 808 Maximi
1529 795 1538 805 .
1565 773 1609 807 Et
1622 770 1701 807 hinc
1714 770 1900 806 Donatistis
1914 795 1924 812 ,
1951 772 2044 814 quod
2071 773 2142 808 Ro·

1244 835 1304 858 maz
1316 834 1383 858 non
1397 823 1506 861 solum
1519 834 1588 858 non
1598 822 1714 857 offerre
1727 847 1738 863 ,
1765 822 1816 855 sed
1831 832 1936 864 neque
1946 823 2140 859 Sanctorum

1244 874 1483 918 Apostolorum
1510 873 1680 908 memoriis
1715 871 1961 907 communicare
1989 874 2141 916 possent,

1242 925 1462 969 improperat,
1485 934 1586 969 atque
1598 922 1676 958 inde
1686 923 1870 958 Haereticos
1890 924 1953 957 effe
1964 923 2140 967 praescribit

1242 977 1379 1011 Sanetus
1390 976 1537 1019 Optatus
1555 974 1737 1018 Episcopus
1763 973 1998 1008 Milevitanus.
2030 973 2140 1008 Addi-

1239 1026 1289 1061 dit
1310 1024 1456 1070 Pyrrhus
1479 1038 1486 1058 :
1515 1025 1635 1061 Deinde*
1644 1033 1677 1058 ut
1689 1026 1809 1061 videam
1825 1022 1938 1065 faciem
1964 1025 2139 1066 Sanclliffimt

1240 1079 1356 1119 Papae.
1386 1076 1542 1112 Romana
1579 1076 1672 1110 enim
1709 1075 1856 1110 Ecclefia
1893 1074 2139 1111 Haereticorutn

1238 1127 1513 1164 communionem
1540 1127 1667 1169 semper
1691 1125 1755 1160 fuit
1781 1125 1868 1161 adeo
1889 1126 2028 1160 aversata
2049 1149 2062 1167 ,
2098 1135 2138 1161 ut

1238 1190 1297 1212 nec
1309 1178 1351 1212 ad
1363 1178 1412 1212 sui
1427 1176 1583 1220 Episcopi
1607 1174 1784 1211 videndam
1805 1175 1926 1211 faciem
1948 1175 2138 1213 admitteret

1236 1228 1343 1273 ipsos,
1370 1228 1446 1263 licet
1460 1225 1685 1262 patriarchas.
1714 1226 1827 1273 Qem
1839 1237 1967 1261 morem
1976 1228 2038 1260 esse
2050 1227 2136 1261 anti·

1236 1279 1425 1324 quiffitnum
1438 1277 1527 1312 lucet
1554 1287 1596 1312 ex
1610 1276 1678 1311 illis
1690 1299 1700 1316 ,
1710 1287 1782 1320 quae
1794 1277 1828 1310 in
1845 1276 1983 1310 errantis
1995 1276 2138 1319 Cypria·

1238 1328 1430 1374 niLegatos
1441 1328 1534 1363 fuisse
1545 1326 1774 1363 astaaSansto
1797 1324 1968 1370 Stephano
1992 1325 2137 1362 Pontifi-

1235 1387 1298 1416 ce,
1325 1377 1419 1418 supra
1444 1377 1791 1409 audivimusaSansto
1812 1375 2030 1410 Firmiliano.

1286 1424 1448 1461 Romanae
1461 1423 1611 1459 Ecclesiae
1632 1434 1693 1467 pro
1717 1422 1902 1458 Catholicae
1924 1425 2137 1462 communio-

1237 1475 1287 1510 nis
1312 1474 1503 1519 integritate
1529 1472 1810 1509 constantissimus
1843 1474 1934 1508 zelus
1962 1474 2136 1520 insigniter

1235 1524 1400 1567 splenduit
1427 1523 1463 1556 in
1491 1521 1878 1559 SchismateAcaclano.
1907 1522 2134 1567 Nequaquam

1235 1574 1440 1613 Haeredcus,
1467 1572 1522 1606 sed
1544 1570 1648 1606 Petro
1672 1571 1786 1616 Mogo
1812 1571 2066 1613 Alexandrina,
2095 1574 2133 1612 ἀ

1235 1625 1334 1661 Petro
1354 1622 1490 1664 Fulloni
1514 1620 1735 1657 Antiochenae
1747 1621 1899 1657 Ecclefiae
1911 1622 2134 1667 Eutychiani·

1233 1675 1290 1709 siis
1311 1673 1518 1710 invasoribus
1538 1671 1715 1709 dumtaxat
1749 1673 2017 1708 communicarat
2043 1673 2133 1710 Aca-

1233 1725 1303 1759 cius
1333 1724 1517 1768 Episcopus
1539 1722 1959 1767 Constantinopolitanus,
1987 1724 2133 1769 ideoque

1234 1785 1325 1810 natas
1349 1776 1434 1811 inter
1467 1774 1575 1818 ipsum
1592 1772 1630 1808 δε
1663 1773 1811 1808 Felicem
1834 1772 1969 1808 tertium
1990 1774 2133 1810 Pontifi-

1232 1838 1305 1860 cem
1317 1824 1390 1860 lltes
1402 1825 1596 1868 &apertum
1615 1822 1764 1859 Schisma
1775 1823 2016 1867 compositurus
2037 1824 2133 1860 Anas

1232 1876 1343 1910 statius
1366 1876 1547 1920 Imperator
1569 1898 1582 1916 ,
1607 1874 1741 1910 unicam
1761 1872 1781 1909 a
1806 1873 1942 1910 Gelasio
1964 1873 2130 1911 pontifice

1231 1925 1409 1968 postulavit
1431 1926 1596 1969 gratiam,
1619 1934 1658 1959 ut
1681 1923 1800 1959 Aeacii
1810 1923 1878 1967 jam
1891 1924 2058 1967 demasii,
2079 1927 2129 1960 vi·

1230 1976 1256 2009 ri
1279 1974 1390 2020 quoad
1410 1985 1523 2009 caetera
1547 1972 1674 2018 optimo
1695 1974 1739 2008 de
1749 1973 1904 2008 Ecclesiis
1915 1975 2022 2009 meriti
2036 1997 2047 2014 ‚
2070 1983 2146 2010 no&-

1231 2037 1308 2060 men
1329 2025 1363 2058 in
1387 2025 1482 2060 sacris
1506 2026 1722 2068 perseveraret
1745 2021 1888 2064 tabulis,
1909 2024 1996 2059 &ad
2010 2024 2130 2058 sacrifi-

1231 2076 1322 2110 cium
1347 2076 1554 2110 recitaretur.
1582 2073 1709 2109 Verum
1732 2074 1881 2108 Gelasius
1892 2075 2058 2118 reposuit:
2078 2077 2126 2108 5}-

1230 2135 1277 2159 cut
1295 2131 1327 2159 in
1338 2136 1518 2168 unaquaque
1529 2124 1643 2166 Haerefi
1650 2135 1716 2158 cum
1722 2129 1898 2167 pravitatis
1908 2124 2027 2159 auem
2037 2126 2127 2159 dam-

1232 2182 1303 2206 nato
1322 2173 1493 2215 succeffores
1522 2176 1820 2216 eius&complices,
1841 2183 1934 2217 atque
1953 2173 2127 2217 buJusmodi

1227 2220 1388 2265 sectatores
1411 2222 1529 2264 polluta
1562 2228 1761 2256 communione
1777 2229 1949 2264 permixto»-
1966 2223 2127 2258 catholica

1231 2278 1331 2305 vitare
1341 2271 1428 2305 debet
1439 2276 1598 2313 integritas
1609 2295 1621 2311 ,
1642 2277 1689 2304 ita
1699 2283 1765 2305 cum
1777 2271 1941 2312 Eumbete
1949 2272 2104 2316 Dioscorus
2112 2284 2128 2314 ‘,

1231 2321 1369 2363 fimulque
1381 2319 1551 2352 Timotheus
1568 2317 1704 2352 AElurus
1716 2343 1728 2359 ,
1750 2321 1785 2353 t&
1806 2324 1920 2354 Petrus
1943 2324 2127 2356 Alexandri-

1230 2382 1306 2411 nus,
1327 2368 1445 2413 ejusque
1456 2374 1681 2402 communicator
1705 2373 1830 2403 Aeacius
1844 2393 1856 2410 ,
1877 2380 1928 2403 nec
1950 2382 2010 2404 non
2032 2378 2125 2407 etiam

1232 2421 1428 2456 Antiochenus
1453 2422 1586 2457 Petrus,
1610 2429 1675 2451 cum
1693 2416 1759 2461 suis
1775 2416 1848 2461 sunt
1869 2423 1988 2454 omnino
1995 2428 2126 2463 partict-

1228 2472 1316 2514 pibus
1339 2470 1503 2503 abdicandi
1525 2496 1532 2503 .
1567 2467 1650 2502 Non
1673 2468 1782 2506 solum
1803 2468 1890 2512 ipsos
1915 2470 2125 2511 Haereticos5

1232 2522 1282 2556 sed
1295 2521 1329 2556 δε
1343 2520 1476 2566 quosvis
1489 2519 1634 2563 ipsorum
1655 2519 1956 2554 communicatores
1979 2523 2124 2557 affirmat

1232 2573 1294 2606 effe
1316 2571 1463 2616 pollutos
1495 2570 1537 2604 δε·
1558 2567 1722 2603 scabiosos
1744 2582 1752 2601 ε
1785 2569 2026 2616 Contagiosam
2056 2572 2123 2608 esse

1233 2622 1318 2657 hanc
1339 2620 1481 2656 scabiem
1501 2619 1601 2664 usque
1621 2618 1657 2652 in
1672 2618 1863 2660 infinitum,
1892 2620 2035 2663 ideoque
2045 2621 2123 2656 isto·

1232 2685 1300 2708 rum
1315 2671 1399 2706 nulli
1418 2670 1539 2714 possea
1564 2667 1750 2704 Catholicis
1771 2668 1839 2703 fine
1859 2669 2004 2712 ejusdem
2025 2672 2123 2716 lepra!

1233 2724 1363 2758 incursu
1386 2720 1648 2757 communicari.
1679 2719 1723 2753 Et
1749 2720 1824 2763 quia
1846 2719 2041 2764 jampridem
2066 2720 2124 2757 de-

1232 2776 1383 2814 functus,
1410 2772 1553 2815 ideoque
1573 2769 1592 2804 ὲ
1616 2771 1818 2813 poenitentias
1842 2771 2006 2806 medicina
2021 2773 2124 2808 seclu-

1233 2827 1282 2860 sus
1301 2834 1369 2859 erat
1393 2821 1556 2862 Aeacius,
1582 2820 1674 2855 addit
1699 2820 1831 2855 nullum
1844 2823 1906 2856 esse
1917 2821 2121 2864 remedium,

1231 2874 1288 2909 nili
1307 2883 1344 2909 ut
1365 2873 1432 2917 ejus
1467 2871 1698 2917 contagiosum
1732 2881 1855 2905 nomen
1887 2883 1931 2919 ex·
1961 2872 2122 2909 omnibus

1231 2925 1448 2960 Eccleliarum
1470 2922 1590 2958 tabulis
1613 2921 1763 2957 radatur,
1790 2922 1981 2958 Romanam
2005 2923 2120 2959 Eccle-

1228 2977 1304 3011 siam
1329 2975 1469 3019 affirmat
1488 2971 1554 3008 esse
1573 2972 1677 3008 totius
1698 2970 1884 3007 Catholicae
1905 2973 2121 3009 communio·

1228 3027 1279 3065 nis
1296 3026 1444 3060 ‘radicem
1459 3047 1470 3064 ,
1496 3022 1751 3073 fundamentum
1772 3023 1806 3061 ἀ
1827 3035 2001 3065 centrum,
2027 3023 2117 3059 ideo-

1229 3088 1291 3122 que
1302 3075 1472 3110 utiaresta
1486 3073 1552 3108 fide
1567 3072 1856 3115 indeclinabilem,
1885 3074 1930 3108 ita
1951 3075 1985 3109 ἀ
2007 3074 2041 3109 in
2060 3074 2120 3108 sua»

1227 3126 1468 3164 communione
1489 3123 1773 3160 immaculabilem
1795 3149 1803 3156 .
1837 3124 1882 3160 Et
1908 3125 1952 3159 ita
1972 3121 2119 3158 omnino

1226 3187 1380 3223 oportere
1392 3201 1400 3208 .
1424 3174 1596 3210 Maculata
1618 3175 1710 3209 euim
1724 3174 1878 3209 Romana
1887 3173 2034 3222 *Ecclefia
2044 3184 2117 3207 orn-

1226 3239 1302 3263 nem
1313 3227 1371 3261 fibi
1391 3225 1695 3261 communicantem
1719 3225 1897 3259 macularet
1918 3221 2116 3258 Christiani·

1225 3288 1325 3315 tatem
1340 3303 1351 3318 ,
1377 3276 1528 3321 atqueita
1539 3274 1748 3311 Orthodoxae
1770 3272 2016 3311 communionis
2035 3275 2118 3309 San·

1221 3329 1414 3364 ‘stimoniam
1428 3326 1607 3362 demutaret
1625 3327 1658 3360 in
1683 3326 1863 3361 monstrum
1884 3324 1978 3361 foedae
1998 3322 2115 3359 confu-

1224 3380 1321 3414 sionis
1335 3403 1343 3411 .
1372 3378 1415 3411 Et
1431 3375 1510 3413 hinc
1524 3377 1564 3411 de
1588 3376 1760 3412 Anastasio
1779 3372 1923 3408 secundo
1946 3373 2117 3408 Pontifice

1226 3429 1335 3466 scribit
1351 3428 1431 3463 liber
1443 3427 1647 3463 Pontificalis
1663 3440 1674 3462 .·
1701 3426 1792 3460 Mutet
1810 3424 1919 3459 clerici
1930 3425 1966 3460 6·
1988 3423 2112 3507 Ρνιῖὂγ

2003 3482 2049 3508 ter

2163 309 2214 334 40.

2162 418 2231 452 Act.
2249 428 2279 455 4-

2147 2334 2233 2376 Epist.
2243 2335 2292 2369 rt·
