2366 3756
101 769 136 799 C.
170 776 215 801 11.

354 71 451 132 258

273 159 436 204 ffiaePaepa
454 159 511 203 fit,
530 154 593 200 five
615 155 728 198 deflerit
747 157 800 200 effe
815 166 871 200 per
891 166 1015 191 mortem
1053 166 1177 192 natura-

278 213 334 246 lem
354 220 410 245 aut
431 210 566 244 civilem.
594 207 638 241 Et
664 208 747 245 infra
776 208 811 242 in
837 208 956 242 eodem
983 207 1070 242 libro
1081 208 1176 244 adfir-

277 272 348 297 mat
361 256 591 296 Ecclesiasticae
603 257 773 302 potestatis
782 257 1028 301 plenitudinem
1041 270 1177 303 compo-

279 314 361 351 ni&
371 308 526 354 integrari
547 320 590 344 ex
612 308 710 342 variis
727 308 874 352 partibus
887 333 898 349 ,
925 320 1020 355 atque
1049 309 1177 353 subiun-

279 365 328 410 git
341 375 348 395 :
366 363 419 393 Et
426 359 464 400 eli
477 365 509 392 in
520 365 563 393 eis
569 361 727 402 plenitudo
736 359 938 402 Ecclefiasticae
945 359 1102 404 potestatis
1115 362 1177 394 Pa-

274 414 378 460 palis‚
408 412 565 454 tamquam
571 418 649 453 pars
671 411 828 454 integralis
851 417 884 444 in
894 408 948 454 suo
969 421 1048 449 roto,
1077 413 1112 445 ἐν
1131 416 1176 444 ita

279 462 386 504 nonest
399 463 496 504 major
507 461 561 495 vel
562 459 696 505 superior
705 463 752 495 ad
770 470 865 496 totam
899 461 1057 504 Ecclesiam
1070 486 1080 503 ‚
1100 460 1176 505 ficut

280 524 334 550 nec
351 521 428 556 pars
451 514 549 553 major
566 510 619 556 fico
639 521 699 545 toto
719 537 726 544 .
753 514 785 544 Si
806 514 878 546 vero
900 512 1090 554 confideretur
1112 511 1176 546 baec

276 565 435 609 plenitudo
445 568 478 596 in
482 560 541 605 sua
547 561 745 607 supremitate
757 586 768 602 ‚
793 571 861 595 tunc
878 561 995 606 »absque
1015 564 1078 597 ulla
1091 562 1176 596 dubi-

280 621 397 650 tatione
406 614 559 657 plenitudo
575 611 776 654 Ecclefiasttcae
797 612 952 655 potestatis
982 615 1109 657 Papalis
1128 611 1177 656 su-

276 659 634 709 pertoromajorestad
642 665 778 706 reliquae
794 688 804 704 ,
828 662 1050 707 sedjamillud
1059 689 1070 705 ‚
1097 663 1178 706 quod

280 717 427 758 reliquum
449 713 487 754 est
500 739 509 754 ‚
536 714 617 747 nullo
630 713 717 756 paeto
735 713 830 756 potest
850 715 1019 755 constituere
1037 714 1176 758 generale

279 767 444 800 Concilium
457 790 467 806 ,
486 766 582 805 juxta
593 765 671 798 illud
680 765 759 807 quod
770 764 884 798 didam
905 764 945 807 est
959 765 1044 806 prius
1060 789 1070 804 ,
1098 764 1191 809 quod¹¹

274 817 417 862 generale
437 817 603 848 Concilium
624 820 656 847 in
671 813 868 858 lucratione
897 814 1022 857 formali
1051 816 1191 849 includit·

278 869 318 901 de
346 867 502 907 necesstiate
530 867 678 908 Papalem
713 863 917 899 aucloritatem
940 888 949 904 ‚
984 864 1050 909 five
1087 868 1191 907 Papa:

271 917 335 962 fit,
355 917 419 959 five
445 927 502 950 non
523 914 581 958 fit.
613 915 775 949 Radenda
801 916 847 949 est
874 916 1036 960 appendix
1058 929 1065 949 :
1105 914 1191 959 §ivel

278 979 338 1002 non
360 967 399 1009 fit
420 991 426 997 ,
468 966 601 1000 Etenim
623 966 712 1010 Papa
734 977 789 1011 per
813 966 996 1002 naturalem
1019 975 1076 1000 aut
1095 966 1192 1018 civi-'fi

278 1018 345 1052 lem
366 1028 507 1052 mortem
537 1015 697 1050 exstineto
716 1041 728 1057 ,
755 1026 881 1051 certum
903 1029 942 1052 ac
964 1017 1175 1064 manifestum

278 1068 326 1102 est
349 1068 448 1101 etiam
463 1065 625 1110 ‘Papalem
647 1067 875 1104 auetoritatem
896 1093 907 1109 ,
935 1066 1012 1102 licet
1031 1077 1098 1102 non
1119 1077 1175 1101 ex-

279 1117 430 1152 muctam
452 1128 508 1152 aut
528 1114 687 1152 sublatam
714 1116 885 1159 Ecclesiae,
909 1117 1052 1152 dormire
1064 1127 1173 1152 tamen

278 1175 318 1204 ac
338 1171 402 1203 effe
426 1168 626 1210 suspensam.
655 1168 769 1215 Qare
791 1168 824 1202 &
851 1167 1175 1213 tuneagravioribus

223 1253 225 1257 ,
277 1219 384 1254 caulis
407 1217 567 1262 generalis
588 1218 744 1261 synodus
764 1218 861 1253 debet
879 1219 1045 1261 quiescere
1060 1242 1067 1250 .
1093 1216 1176 1251 ⁴Por·

101 2003 187 2045 Epist.
209 2014 238 2041 4·

276 1269 317 1305 τὸ
342 1268 497 1312 Papalem
512 1267 705 1311 potestatem
718 1267 781 1301 esse
791 1267 833 1302 de
843 1268 979 1302 essentia
987 1267 1176 1303 mcumeni-

276 1330 323 1355 cae
344 1318 473 1364 Synodi
486 1340 497 1356 ,
521 1316 644 1351 &alias
656 1316 823 1352 ostensum
834 1317 902 1358 eff,
926 1319 962 1352 &
984 1317 1066 1351 infra
1078 1317 1177 1361 pluri-

275 1370 339 1407 bus
349 1364 588 1404 ostendendum
602 1391 608 1399 .
636 1367 750 1414 Qare
764 1367 937 1412 Eugenius
946 1376 1081 1413 quartus
1092 1368 1176 1411 opti-

275 1431 334 1455 mo
344 1418 414 1461 jure
428 1416 549 1460 scripsit
559 1414 721 1450 desertum
744 1414 764 1448 ὸ.
786 1416 819 1451 se
843 1417 1058 1453 Basileensem
1085 1417 1176 1452 Con-

275 1480 412 1504 ventum
426 1479 495 1503 non
504 1466 568 1501 esse
580 1466 765 1511 legitimam
777 1467 951 1511 Synodum
962 1469 1039 1510 ,sed
1052 1467 1176 1510 acepha-

279 1520 326 1554 las
338 1519 460 1560 locustas
473 1542 481 1550 .

328 1570 372 1603 Et
393 1569 473 1602 hinc
496 1567 674 1610 sequuntur
695 1565 787 1610 plura
809 1566 895 1601 bene
908 1565 1075 1600 notanda.
1104 1565 1172 1600 Pri·

274 1619 357 1660 mo,
382 1616 646 1663 quddinterjec‘ta
656 1615 810 1651 adversus
835 1615 1035 1652 Pontificem
1061 1616 1102 1651 ad
1112 1618 1173 1660 sy-

277 1671 407 1705 nodum
434 1666 613 1711 appellatio
639 1677 707 1699 non
735 1665 774 1700 fit
801 1675 876 1700 vera
902 1665 1079 1709 appellatio
1098 1689 1113 1706 ‚
1138 1666 1173 1700 δε

282 1717 373 1763 quod
392 1717 436 1752 ad
466 1716 622 1751 Faustum
645 1715 847 1761 Magistrum
873 1714 1009 1750 Sanetus
1029 1714 1175 1749 Gelasius

275 1769 433 1805 Pontifex
454 1766 542 1801 ,τῡὲὶὲ
568 1765 724 1810 scripserit
747 1778 760 1800 .·
796 1768 936 1799 canones
958 1766 1174 1807 appellationes

275 1827 369 1855 totius
390 1817 527 1859 Ecclesia»
540 1818 587 1849 ad
608 1816 773 1858 Apostolicae
794 1817 880 1849 Sedis
904 1826 1034 1849 examen
1054 1812 1174 1850 voluere

276 1870 414 1912 deferri,
441 1868 480 1902 ab
504 1865 571 1910 ipsa
583 1868 653 1900 vero
675 1864 821 1909 nusquam
828 1865 951 1910 prov-fias
966 1865 1175 1908 appellaride-

281 1922 347 1955 bere
361 1919 534 1965 sanxerunt
545 1942 556 1958 ,
582 1929 619 1951 ac
624 1926 681 1960 per
692 1915 744 1950 boc
756 1918 840 1950 illam
850 1918 888 1950 de
899 1925 964 1949 tota
987 1913 1115 1955 Ecclefia
1121 1917 1174 1956 Ju-

281 1974 383 2006 eizcare
397 1996 407 2012 ,
434 1968 532 2012 ipsam
552 1970 598 2001 ad
617 1969 726 2000 nullius
749 1977 906 1999 commeare
920 1966 1073 2006 Judicium
1085 1988 1096 2005 ‚
1122 1973 1174 1997 nec

278 2025 316 2056 de
340 2024 408 2063 ejus
424 2029 568 2062 uniquam
584 2024 791 2059 praeceperunt
804 2017 922 2056 judicio
935 2016 1095 2057 judicari,
1109 2012 1177 2056 sen-

278 2079 460 2113 tentiamque
483 2069 563 2103 illius
584 2067 790 2108 constituerunt
812 2076 871 2098 non
891 2072 1026 2105 oportere
1036 2062 1153 2106 diffolvt
1165 2085 1177 2102 ‚

278 2125 361 2165 cujas
380 2126 482 2164 potius
507 2122 633 2150 Decreta
655 2115 808 2158 sequenda
827 2114 1017 2146 mandarunt
1030 2136 1040 2145 .
1068 2113 1113 2146 Et
1139 2112 1174 2146 in

280 2172 396 2208 litteris
413 2167 457 2203 ad
482 2165 658 2201 Dardaniae
687 2162 887 2208 Episcopos:
913 2167 988 2196 Non
999 2167 1152 2196 reticemus
1167 2186 1178 2203 ‚

280 2224 361 2268 quod
378 2219 487 2254 ειιηέῖα
505 2225 560 2260 per
580 2215 724 2249 mundum
747 2219 833 2247 novit
861 2212 1013 2255 Bcclefia,
1038 2218 1177 2255 quoniam

280 2271 475 2317 quorumlibet
491 2266 648 2311 sententiis
667 2266 765 2308 ligata
788 2263 964 2305 Pontificum
986 2263 1075 2296 Sedes
1086 2265 1178 2296 Beati

283 2328 370 2359 Petri
394 2318 515 2363 Apostoli
530 2319 587 2359 jus
600 2315 709 2348 babeat
719 2311 907 2356 resolvendi,
933 2324 1027 2355 neque
1038 2317 1176 2355 cuiquam

285 2376 322 2408 de
342 2375 406 2414 ejus
434 2371 518 2403 liceat
528 2367 668 2409 judicare
671 2366 788 2406 judicio
799 2388 810 2404 ,
829 2362 976 2405 fiquidem
986 2363 1031 2395 ad
1043 2363 1127 2396 illam
1137 2364 1174 2396 de

285 2421 414 2467 qualibet
434 2419 539 2452 mundi
557 2425 650 2459 parte
672 2418 810 2448 Canones
833 2415 982 2456 appellari
1006 2413 1151 2448 voluerint
1164 2437 1176 2454 ,

287 2474 326 2508 ab
349 2473 403 2506 illa
423 2480 524 2503 autem
543 2478 627 2501 nemo
648 2464 680 2506 sit
716 2465 871 2507 appellare
893 2464 1052 2507 permiffus
1074 2489 1082 2496 .
1107 2463 1180 2498 No·

109 2504 198 2548 Epist·
222 2512 267 2541 ¹3'
287 2523 389 2559 tanda
411 2522 486 2555 sunt
508 2516 621 2553 verba:
651 2513 753 2558 Ipsam
775 2517 820 2549 ad
837 2516 948 2549 nullius
958 2523 1122 2548 commeare
1125 2515 1181 2555 ju·

290 2572 420 2612 dicium,
446 2581 498 2605 nec
520 2570 556 2602 de
577 2570 642 2610 ejus
668 2567 782 2608 judicio
785 2567 941 2607 judicari.
971 2565 1104 2608 Utique
1114 2564 1182 2599 sine

289 2625 361 2668 ejus
382 2620 503 2660 venia,
530 2617 692 2654 beneficio
717 2617 751 2650 δε
772 2615 876 2660 gratia
902 2640 909 2648 .
937 2614 1018 2649 Alte
1038 2617 1181 2650 clamant

291 2675 380 2710 hanc
398 2670 656 2716 appellationem
689 2679 758 2702 non
784 2667 846 2701 esse
870 2665 948 2709 juris
970 2666 1153 2700 remedium
1171 2689 1183 2707 ,

294 2737 356 2759 nec
370 2734 429 2767 pro
438 2721 560 2766 justitia
571 2719 733 2753 recursum
746 2716 788 2752 ad
801 2715 952 2750 altiorem
965 2715 1156 2758 potestatem
1171 2739 1183 2757 ,

294 2774 351 2810 sed
362 2773 473 2818 gratiae
484 2769 679 2806 beneficium
690 2792 700 2807 ‚
727 2779 795 2811 quo
816 2767 883 2811 ipse
897 2765 1053 2800 Pontifex
1065 2766 1185 2811 gratio-

297 2821 478 2866 sespondet
490 2832 527 2853 ac
557 2819 722 2863 promittit
745 2819 836 2851 suum
862 2818 928 2861 ipse
951 2816 1110 2860 judicium
1129 2828 1186 2851 eo-

298 2884 369 2907 ram
390 2872 422 2906 &
444 2881 520 2904 cum
536 2869 690 2903 afficiente
714 2868 852 2912 Synodo
876 2866 1019 2902 revidere
1039 2867 1072 2901 δε
1093 2877 1187 2901 retra-

297 2925 399 2958 ctare.
428 2921 472 2955 Et
494 2919 573 2954 hinc
597 2919 815 2963 appellantem
836 2917 1029 2952 Nestorium
1052 2920 1205 2952 Sanctus*

300 2972 492 3008 Caelestinus
503 2971 537 3004 in
556 2970 671 3005 litteris
681 2969 722 3003 ad
734 2969 867 3003 Clerum
885 2967 918 3001 &
929 2966 1086 3011 populum
1098 2969 1190 3001 Con-

301 3021 635 3063 stantinopolitanum
646 3019 821 3064 appellavit
833 3021 990 3052 Petitorem
1002 3019 1124 3056 synodi.
1150 3019 1190 3052 E-

301 3073 384 3108 tiam
410 3070 554 3114 Julianus
582 3070 779 3115 Pelagianus
804 3070 840 3103 in
860 3066 957 3103 toties
982 3068 1103 3103 iteratis
1126 3067 1190 3102 suis

303 3119 592 3168 provocationibus
616 3131 796 3165 numquam
816 3120 891 3153 usus
913 3118 959 3152 est
980 3128 1059 3152 voce
1071 3117 1193 3162 Appel-

308 3170 466 3211 lationis,
491 3168 546 3204 sed
568 3180 693 3203 novum
719 3171 889 3204 dumtaxat
910 3180 1046 3203 examen
1069 3170 1192 3213 semper

308 3220 487 3266 postulavit
507 3243 519 3261 ,
558 3219 593 3255 ὃ(
611 3217 740 3253 affiduis
759 3218 908 3264 precibus
926 3219 1077 3264 fatigavit
1103 3218 1194 3252 Prin·

309 3273 438 3316 cipem,
465 3271 652 3313 diuumque
678 3270 778 3303 etiam
804 3270 992 3304 Nestorium
1007 3295 1017 3310 ,
1043 3269 1135 3314 cujus
1147 3268 1196 3303 bi·

308 3334 371 3357 nos
395 3332 456 3364 pro
481 3320 545 3354 isto
571 3321 612 3354 ad
639 3317 805 3353 laudatum
818 3319 1019 3353 Pontificem
1036 3319 1194 3363 ssipplices

309 3371 454 3412 Libellos
476 3368 634 3407 habemus
646 3371 680 3407 in
692 3370 797 3416 prima
808 3379 898 3415 parte
910 3369 1060 3416 Ephesmi
1073 3369 1196 3406 Conci-

684 74 726 116 S.
766 71 1091 119 Gneeoitn
1125 86 1366 119 serrum
1401 75 1778 124 PONTIFICIS

1241 159 1277 193 lii
1301 184 1309 191 .
1338 156 1470 200 Nempe
1490 167 1610 192 norant
1631 159 1686 194 hic
1705 172 1773 196 non
1794 162 1813 196 a
1837 163 1991 208 superiori
2008 163 2122 209 aliquo

1237 207 1415 244 Tribunali
1425 207 1585 251 justitiam
1598 234 1608 250 ‚
1630 210 1688 244 -sitd
1699 209 1741 244 ab
1750 211 1818 255 ipso
1830 214 2023 251 damnatore
2033 217 2122 251 Pon-

1238 259 1327 294 tifice
1339 258 1477 304 gratiam
1491 259 1747 303 impendendam
1759 286 1767 293 .
1795 262 2027 301 Norant-suam
2048 279 2123 302 cau-

1239 311 1306 346 sam
1329 320 1399 343 non
1410 310 1836 353 appellationisvirtuteaut
1849 313 2041 360 privilegio,
2065 316 2123 353 sed

1238 360 1307 395 sola
1330 359 1505 394 pontificis
1523 364 1631 406 gratia
1656 362 1744 406 posse
1764 363 1806 397 ad
1830 363 2126 407 Synodnm-devol-

1239 411 1270 444 vi
1285 435 1292 442 .
1320 409 1391 445 lstae
1408 409 1644 454 appellationes
1660 414 1739 448 sunt
1759 412 1780 447 ’ὲ
1792 413 2011 458 suspendendi
2021 417 2125 453 effica-

1238 461 1290 495 cia
1312 460 1396 495 adeo
1416 471 1573 504 remotae,
1599 472 1636 498 ut
1659 475 1719 498 nec
1728 463 1924 500 devolvant.
1955 465 2126 501 Romano-

1237 523 1309 546 rum
1336 511 1517 556 Episcopus
1539 514 1585 548 est
1607 514 1641 548 in
1667 514 1830 556 Ecclesia,
1858 513 1950 559 quod
1975 516 2010 550 in
2022 515 2126 560 Impe-

1237 562 1288 596 rio
1314 560 1485 607 Augustus
1506 563 1660 609 Princeps
1683 589 1695 606 ,
1724 565 1766 599 de
1793 576 1864 608 quo
1884 563 1967 600 redte
2003 566 2126 611 scripsit

1237 613 1489 656 Jurisconsultus
1508 613 1677 659 Ulpianus
1698 627 1706 648 :
1740 618 1789 648 Et
1807 617 1927 658 quidem
1941 615 2066 656 stultum
2085 616 2127 658 est

1236 664 1316 696 illud
1334 664 1493 699 admonere
1506 689 1517 706 ,
1543 668 1564 698 ἃ
1585 669 1727 709 Principe
1749 667 1898 709 appellari
1916 665 1972 708 fas
1983 677 2041 700 non
2051 667 2125 711 effe,

1235 723 1300 745 cum
1320 712 1382 757 ipse
1396 713 1436 755 fit
1454 721 1505 759 qui
1519 723 1700 758 provocatur
1720 741 1728 749 .
1765 715 1882 750 Exstat
1905 717 2063 752 sententia
2086 717 2125 752 in

1236 764 1379 808 Digesto
1399 763 1441 799 de
1459 766 1503 800 -iis
1524 789 1536 806 ‚
1570 767 1588 801 a
1608 766 1728 812 quibus
1748 766 1905 811 appellari
1930 777 1999 801 non
2018 766 2125 801 *licet-

1235 813 1290 848 Ad
1296 813 1402 849 versus
1423 816 1571 862 iniquam
1583 817 1819 861 circumscripti
1830 817 1995 861 Principis
2002 818 2128 851 senten·

1236 865 1317 899 tiam
1344 865 1540 910 postulanda
1564 869 1610 903 est
1634 880 1690 912 per
1711 868 1890 912 supplicem
1912 867 2060 902 libellum
2079 877 2128 902 re-

1236 917 1406 958 tractatio,
1432 916 1474 952 de
1497 919 1611 962 quain
1634 930 1733 963 opere
1752 919 1794 953 de
1814 917 1972 964 Augustae
1992 918 2126 953 Domus

1235 966 1355 1000 officiis
1366 967 1445 1001 reete
1458 968 1597 1011 Jacobus
1608 968 1807 1004 Gutherius:
1833 968 2019 1003 Retraelatio
2030 993 2042 1010 ,
2067 978 2126 1011 que

1230 1019 1354 1059 propri?
1383 1019 1553 1052 Palindicia
1575 1042 1586 1058 ‚
1612 1030 1670 1053 non
1684 1018 1782 1062 facile*
1804 1025 1987 1062 impetratur
2002 1044 2009 1051 .
2036 1023 2125 1051 Nam

1234 1066 1403 1105 cumstatus
1416 1069 1600 1111 Reipublicae
1618 1070 1705 1104 rebus
1710 1071 1860 1111 judicatis
1883 1070 2016 1103 maxims?
2035 1073 2126 1102 conti-

1236 1125 1342 1150 neatur
1353 1141 1365 1157 ‚
1385 1118 1568 1156 judiciorum
1576 1119 1819 1160 perturbationes
1831 1146 1842 1162 ,
1866 1131 1965 1155 rerum
1970 1120 2126 1163 judicata-

1234 1176 1302 1199 rum
1315 1165 1535 1208 infirmationes
1548 1192 1559 1209 ‚
1583 1173 1742 1203 civitatum
1751 1171 1935 1213 afflillarum
1949 1170 2125 1213 perditirin

1235 1216 1323 1249 rebus
1344 1222 1475 1251 extremi
1501 1223 1658 1252 exitiorum
1674 1226 1783 1254 exitus
1807 1220 1903 1263 solent
1927 1220 1979 1264 effe
1998 1245 2006 1254 .
2043 1221 2125 1263 ‚Qua

1235 1276 1300 1299 cum
1319 1267 1480 1310 accidunt,
1507 1280 1590 1302 nemo
1599 1267 1656 1310 est,
1679 1273 1757 1312 qum
1778 1269 1927 1313 intelligat
1946 1279 2030 1304 ruere
2040 1271 2126 1302 illam

1236 1317 1476 1359 Rempublicam.
1506 1322 1553 1351 Et
1577 1318 1627 1352 ubi
1652 1325 1814 1361 eveniunt,
1841 1330 1924 1353 nemo
1937 1318 1997 1361 est,
2024 1320 2128 1362 quiui-

1235 1366 1298 1399 lam
1316 1365 1402 1410 spem
1415 1367 1530 1411 salutis
1551 1371 1698 1413 reliquam
1710 1372 1763 1414 'effe
1784 1370 1964 1404 arbitretur.
2004 1368 2125 1415 Longe

1235 1417 1388 1461 graviora
1405 1419 1446 1452 ἀ
1466 1421 1643 1454 maturiora
1665 1421 1742 1454 sunt
1753 1418 2128 1467 Romani-Episcopiju-

1234 1464 1319 1500 dicia
1331 1490 1343 1508 ,
1369 1467 1515 1511 ideoque
1536 1470 1603 1503 sine
1621 1470 1725 1504 totius
1747 1469 1980 1504 EcclefiastIcae
1992 1470 2133 1504 Hierat-

1234 1514 1476 1560 chiaevpericulo
1497 1528 1566 1553 non
1593 1520 1715 1564 poffint
1733 1519 1770 1554 in
1787 1520 1930 1555 dubium
1950 1520 2125 1555 devocari.

1285 1566 1440 1601 Secundo
1449 1569 1689 1611 sequiturhanc
1701 1571 1755 1605 stu
1777 1570 2049 1615 supplicationem
2071 1569 2129 1604 seu

1233 1615 1489 1658 appellationem
1501 1640 1513 1656 ,
1539 1618 1616 1652 licet
1627 1619 1645 1651 ὲ
1655 1620 1727 1652 solo
1738 1620 1903 1654 Pontifice
1912 1619 2045 1653 admitti
2058 1618 2130 1662 pos-

1233 1663 1293 1705 sit,
1319 1666 1391 1699 fieri
1414 1674 1526 1700 tamen
1551 1665 1593 1701 ad
1618 1668 1826 1712 Superiorem
1846 1694 1854 1701 .
1893 1669 1949 1703 Fit
1973 1669 2066 1703 enim
2085 1665 2126 1703 ad

1234 1711 1483 1749 OEcumenieam
1505 1727 1550 1749 ex
1571 1716 1784 1752 pontifice&
1796 1717 1955 1753 omnibus
1971 1717 2030 1752 sub
2039 1718 2127 1753 coelo

1234 1762 1425 1807 Episcopis‚
1446 1772 1615 1809 tamquam
1637 1767 1744 1811 eapite
1761 1767 1798 1801 ἀ
1818 1767 1975 1802 membris
1994 1789 2007 1807 ,
2045 1779 2127 1802 con-

1234 1812 1345 1847 flatam
1366 1813 1540 1861 Syn-odunt
1553 1839 1565 1855 ‚
1590 1825 1690 1857 quam
1711 1826 1836 1851 eertum
1858 1817 1905 1852 est
1926 1816 1999 1851 solo
2018 1819 2127 1862 capite

1233 1863 1297 1897 effe
1319 1863 1504 1906 majorem.
1531 1863 1660 1901 Verum
1686 1865 1756 1902 haec
1778 1878 1848 1902 uon
1867 1868 1913 1903 est
1926 1866 2034 1902 nostra
2044 1878 2127 1913 quz-

1232 1911 1314 1946 stio.
1341 1913 1532 1960 Qaerimus
1552 1940 1564 1957 ,
1603 1915 1661 1950 An
1681 1917 1789 1952 solum
1810 1917 1941 1952 seorsim
1959 1918 2127 1962 sumptum

1232 1973 1352 2006 corpus
1376 1963 1416 1997 fit
1437 1964 1545 2010 capite
1567 1965 1673 2008 majus
1694 1967 1729 2000 δε
1751 1966 1918 2010 potentius
1938 1966 1955 1997 ἒ
1992 1967 2036 2001 Et
2057 1965 2126 2001 hoc

1232 2011 1423 2047 constanter
1442 2024 1620 2059 negamus.
1649 2014 1712 2049 Per
1720 2026 1819 2059 caput
1839 2015 1937 2051 debet
1945 2017 2126 2051 convocari

1233 2072 1372 2105 corpus,
1384 2062 1427 2097 ab
1443 2064 1512 2107 ipso
1522 2064 1669 2108 accipere
1680 2065 1802 2110 agendi
1812 2075 1941 2110 tempus
1950 2065 1983 2100 &
1998 2066 2127 2107 locum,

1234 2110 1477 2146 tractandorum
1488 2112 1701 2153 relationem,
1726 2113 1812 2149 &de
1820 2115 1896 2159 ipsis
1914 2127 1992 2152 eum
2010 2128 2128 2161 praero-

1235 2160 1346 2206 gativa
1359 2160 1551 2207 suffragium
1564 2174 1576 2196 .-
1603 2162 1713 2206 Ipsum
1721 2171 1781 2207 ⁴per
1792 2164 1826 2199 se
1835 2172 1955 2208 eorpus
1965 2174 2026 2200 nec
2048 2165 2128 2200 defi-

1236 2210 1306 2245 nire
1324 2210 1430 2255 potest
1444 2235 1456 2252 ‚
1482 2222 1545 2247 nec
1567 2213 1750 2256 ventilare,
1777 2225 1837 2250 nec
1858 2215 1994 2250 referre.
2023 2215 2130 2250 Lucet

1238 2259 1303 2296 hoc
1322 2260 1357 2295 in
1385 2260 1483 2296 editis
1509 2262 1577 2296 fine
1597 2261 1712 2307 Papali
1735 2264 1895 2300 relatione
1912 2277 1951 2300 ac
1972 2265 2131 2311 susti-agio

1238 2311 1324 2355 apud
1338 2310 1587 2346 Chalcedonem
1598 2312 1794 2348 Canonibus
1803 2338 1816 2355 ,
1841 2315 1883 2349 de
1893 2315 2013 2359 quibus
2033 2316 2068 2350 in
2091 2315 2130 2349 li-

1240 2361 1300 2395 bro
1318 2360 1360 2395 de
1379 2360 1589 2396 anathemate
1608 2362 1743 2398 Sanctus
1762 2364 1929 2398 Gelasius:
1967 2366 2051 2409 ‚Qua-
2072 2372 2130 2407 per

1240 2418 1485 2453 incompetentem
1500 2410 1765 2456 praesumptionem
1783 2415 1843 2448 illic
1857 2415 1978 2457 prolata
1985 2413 2060 2459 sum
2075 2414 2130 2450 vel

1238 2467 1338 2506 potius
1349 2462 1501 2495 ventilata
1510 2487 1521 2504 ‚
1546 2473 1613 2505 quae
1629 2463 1786 2506 apostolica
1795 2465 1886 2499 Sedes
1893 2466 2024 2509 gerenda
2035 2466 2130 2500 nulla·

1240 2520 1328 2546 tenus
1342 2512 1491 2556 delegavit
1506 2536 1518 2552 ‚
1540 2524 1609 2546 mox
1618 2516 1638 2547 ἃ
1649 2517 1779 2548 Vicat-iis
1785 2515 1869 2549 sedas
1880 2514 2046 2558 Apostolicae
2064 2526 2132 2549 eon-

1242 2562 1377 2597 tractitia
1388 2562 1576 2604 manifestum
1583 2563 1621 2602 est
1633 2585 1644 2603 ,
1668 2575 1737 2606 quae
1748 2566 1838 2598 sedes
1851 2565 2008 2606 apostolica
2015 2589 2027 2606 ,
2037 2571 2127 2598 etiam

1239 2621 1363 2656 petente
1374 2613 1514 2655 Principe
1529 2636 1540 2652 ‚
1567 2614 1739 2647 nullatenus
1754 2613 1936 2655 approbavit
1948 2637 1960 2654 ,
1986 2614 2068 2648 nulla
2077 2627 2126 2649 ra·

1244 2669 1322 2697 tione
1327 2660 1449 2705 sustinet
1460 2687 1468 2694 .
1491 2662 1541 2696 Ea
1559 2663 1673 2698 omnia
1683 2673 1754 2697 non
1765 2662 1888 2707 prolata
1897 2687 1909 2705 ,
1934 2663 1988 2698 sed
1998 2664 2130 2701 dumta-

1244 2722 1303 2748 xat
1313 2711 1471 2747 ventilata
1484 2712 1568 2748 dicit
1583 2738 1595 2754 ,
1621 2714 1655 2750 &
1665 2710 1798 2757 quidem
1821 2723 1879 2757 per
1904 2714 2130 2759 incompeten-

1245 2774 1312 2799 tem
1325 2763 1607 2808 praesumptionem
1620 2777 1632 2797 .-
1656 2760 1760 2811 Qod
1772 2762 1888 2807 nempe
1895 2763 1994 2799 etiam
2015 2775 2128 2800 nume-

1246 2815 1318 2849 rosa
1329 2812 1412 2848 adeo
1422 2814 1574 2857 synodus
1584 2814 1650 2848 fine
1662 2813 1774 2857 Papali
1786 2813 1946 2849 relatione
1958 2813 2043 2849 nihil
2052 2826 2129 2850 ven-

1246 2864 1340 2900 tilare
1351 2864 1516 2909 potuerit,
1541 2862 1640 2908 longe
1660 2862 1770 2897 minus
1795 2865 1953 2907 proferre.
1981 2865 2025 2898 Et
2046 2864 2128 2901 hinc

1246 2915 1332 2951 clare
1343 2915 1430 2950 lucet
1442 2915 1632 2949 Romanum
1645 2914 1843 2958 Episcopum
1862 2925 1932 2948 non
1945 2914 2034 2958 poffe
2045 2916 2129 2950 invi-

1248 2977 1320 3001 tum
1329 2964 1463 3008 judicari
1475 2973 1529 3008 per
1540 2964 1712 3009 Synodum
1725 2974 1781 2999 aut
1789 2962 1956 3009 degradari
1967 2990 1974 2998 .
1987 2964 2129 3008 Judicati

1234 3015 1339 3051 'enim
1351 3026 1419 3051 non
1432 3013 1533 3060 potest
1545 3038 1556 3055 ‚
1581 3014 1639 3048 nisi
1650 3015 1788 3058 seipsum
1799 3015 1914 3050 referat
1924 3025 1961 3050 ac
1980 3015 2131 3059 subjiciat

1248 3066 1460 3110 judicandum
1469 3088 1477 3096 .
1500 3064 1666 3113 roirca
1677 3065 1743 3108 jam
1754 3065 1916 3109 expositas
1928 3065 2132 3109 supplicatio-

1251 3128 1308 3151 nes
1318 3114 1511 3160 quandoque
1521 3127 1562 3149 ex
1572 3116 1670 3150 causis
1682 3114 1882 3150 admiserunt
1894 3114 2040 3149 Romani
2057 3116 2130 3160 Epi-

1251 3168 1339 3210 scopi
1354 3192 1365 3207 ,
1392 3176 1480 3200 veras
1490 3166 1724 3208 appellationes
1734 3175 1844 3199 autem
1857 3164 1950 3208 plene
1961 3165 2131 3210 ignoravit

1252 3218 1363 3253 omnis
1373 3218 1505 3258 antiqua
1520 3216 1748 3250 Christianitas
1762 3240 1774 3257 ‚
1799 3217 1832 3250 δε
1842 3213 2070 3257 posterioribus
2080 3217 2131 3249 sae-

1252 3268 1335 3302 culis
1354 3276 1578 3307 erumpentem
1607 3267 1814 3310 iniquitatem
1837 3264 1991 3298 Romana
2015 3265 2135 3300 Eccle-

1254 3318 1296 3351 sia
1317 3317 1424 3351 statim
1444 3317 1642 3360 compescuit
1652 3341 1662 3357 ,
1687 3316 1722 3349 ἀ
1731 3313 1849 3349 merito
1861 3324 2027 3358 tamquam
2038 3313 2133 3350 haere-

1256 3368 1314 3402 sim
1324 3366 1492 3402 damnavit
1504 3393 1510 3399 .
1539 3367 1680 3410 Joannes
1691 3364 1922 3402 Theutonicus
1933 3365 2059 3402 videtur
2069 3367 2134 3402 effe

2024 3426 2087 3461 pri-

2149 1201 2178 1232 1.-
2189 1209 2212 1231 1.
2225 1207 2301 1237 ως.
