2366 3756
69 549 120 579 Lib
159 558 186 585 ς.

68 598 91 619 c.
128 601 174 620 ω.

67 1804 145 1839 Cap-
173 1806 198 1832 8.

68 1844 143 1883 Cap·
170 1850 223 1879 293

77 2901 132 2929 An.
144 2902 205 2936 795>

77 3131 130 3159 An.
163 3134 226 3159 816.

85 3325 141 3352 An.
169 3323 229 3355 817.

194 2128 200 2137 ·
247 2120 409 2164 bergenfis
431 2144 439 2151 .
478 2117 604 2152 Verum
629 2118 698 2151 fine
720 2117 935 2151 fundamento
957 2143 965 2149 .

633 191 1162 234 CONCILIUM

248 283 296 310 ent
307 276 484 318 temporibus
493 281 555 317 piae
568 276 776 308 recordationis
790 275 910 304 Domini
923 272 1025 303 Caroli
1041 273 1132 303 atavi

248 326 354 366 nostri,
379 324 438 366 five
451 330 567 358 Domini
582 328 706 366 Pippim'
716 327 776 355 Avi
797 321 908 361 nostri,
937 322 989 353 vel
1018 321 1052 353 ἐν·
1075 324 1134 352 Ca-

245 377 298 408 roli
310 381 503 418 Imperatoris
510 379 657 420 geniton's
669 396 680 411 ‚
704 370 877 414 consuetudo
891 380 956 404 erat
971 370 1128 411 faciendi.

246 425 303 459 Ad
317 426 407 470 quod
422 426 573 460 Edictum
585 422 667 457 reste
681 422 790 455 scribit
802 422 834 456 in
846 432 942 465 opere
965 419 1006 454 de
1029 422 1133 454 Sacer·

245 476 332 510 dorii
357 477 390 511 &
412 476 543 520 Imperii
566 471 745 508 concordia
768 471 996 507 illustrissimus
1019 470 1133 504 Petrus

245 526 285 560 dc
300 525 434 561 Marca:
465 526 634 559 Ludovicus
657 526 732 556 Pius
747 525 910 563 Imperator
923 520 1060 562 beneficia
1074 523 1133 552 Pa-

244 582 304 608 tris
319 579 354 610 <9¹
367 582 426 610 Avi
436 582 468 608 in
479 579 648 607 Romanam
662 571 820 613 Ecclesiam
830 595 841 612 ,
868 573 1020 604 sardimae
1045 572 1079 604 (9·
1090 572 1134 602 si-

244 628 324 660 ciliae
336 628 492 659 donatione
500 625 665 658 cumulavit
676 645 687 661 ‚
713 628 758 655 cui
771 623 847 655 dono
857 622 934 655 hanc
945 623 1037 665 legem
1047 620 1135 653 addi-

248 678 295 709 dit
318 700 328 715 ,
354 686 388 708 ue
407 676 503 709 Elem
533 673 690 715 Pontifices
706 671 771 715 post
789 671 1032 715 consecrationem
1047 669 1133 714 suam

248 730 376 768 Legatos
397 727 441 758 ad
452 730 547 768 Reges
559 728 745 757 Francorum
756 727 882 755 mittant
896 747 906 761 ‚
934 727 983 763 qui
993 728 1070 754 inter
1084 732 1132 756 eos

248 781 415 809 amicitiam
438 801 448 816 ,
474 775 653 808 charitatem
675 797 687 813 ‚
716 774 751 806 <5
766 781 872 814 pacem
888 772 1012 815 firment
1034 797 1041 803 .
1079 770 1133 803 Ex

247 826 336 866 hoc,
365 827 523 869 inquam,
551 825 669 858 Edisto
696 821 855 856 habemus
881 824 969 856 duo.
998 819 1134 860 Primo,

243 876 339 919 quod
362 875 432 919 post
446 875 611 908 excussam
623 876 781 909 sacrarum
795 873 973 915 jussionum
990 896 1001 912 ‚
1025 870 1059 904 ὅ(
1072 871 1133 903 suae

247 925 289 959 ab
311 921 460 959 Exarcho
485 923 685 968 postulandae
719 922 980 957 confirmationis
1001 921 1135 955 servitu-

247 984 315 1010 tem
329 974 473 1008 Romani
499 973 680 1008 Pontifices
692 973 846 1016 caeperint
857 974 1059 1007 Francorum
1073 971 1135 1004 Re-

244 1035 301 1069 ges
330 1025 436 1059 colere
453 1024 617 1067 >adjutorii
645 1025 772 1068 gratia,
799 1023 936 1067 ipsisque
959 1033 1028 1056 non
1053 1030 1136 1055 tam-

245 1085 344 1118 quam
365 1075 524 1109 Dominis
544 1073 806 1108 confirmandam
833 1073 1028 1106 electionem
1042 1096 1053 1111 ‚
1079 1070 1135 1104 sed

245 1135 415 1168 tamquam
435 1125 547 1158 amicis
571 1126 661 1159 suam
700 1123 815 1158 fac'tam
851 1123 1135 1157 consecrationem

244 1176 362 1209 referre
381 1199 388 1207 .
417 1175 467 1209 Ita
490 1175 672 1220 Gregorius
691 1174 804 1207 tertius
829 1173 935 1207 facere
958 1173 1050 1216 caepit
1071 1172 1137 1205 Oa-

244 1225 319 1258 rolo
352 1224 507 1259 Martello
527 1249 538 1265 ‚
574 1225 689 1269 Regia:
715 1223 834 1257 domus
870 1223 1019 1257 Praefeeto
1042 1246 1053 1262 ‚
1101 1222 1136 1255 ὅ(

245 1274 332 1318 apud
354 1275 421 1317 ejus
443 1275 551 1308 filium
577 1274 759 1318 pippinum
782 1274 907 1317 Regem
927 1298 937 1313 ,
975 1274 1008 1307 &
1036 1272 1135 1308 Caro-

245 1325 317 1357 lum
342 1325 573 1367 Imperatorem
595 1324 793 1358 Succeffores
826 1324 924 1367 Papae
961 1323 1136 1357 continua-

246 1384 341 1407 runt.
372 1374 415 1407 Et
437 1373 517 1408 hinc
539 1375 627 1408 lucet
643 1374 826 1407 secundum
853 1388 864 1406 .·
891 1373 996 1418 Qod
1020 1371 1137 1413 nempe

248 1423 372 1457 Carolo
394 1424 525 1468 Magno
546 1434 601 1466 per
626 1423 813 1455 Adrianum
834 1422 975 1464 primum
988 1419 1138 1455 conceffa

246 1472 444 1506 nominandi
466 1472 640 1506 Pontificis
662 1472 799 1504 facultas
811 1472 846 1504 fit
862 1471 1033 1504 manifesta
1047 1470 1123 1503 fabu

246 1523 278 1554 la
290 1546 297 1552 .
327 1521 483 1554 Pluribus
507 1521 542 1552 id
563 1520 655 1561 supra
668 1520 714 1551 est
729 1518 893 1551 ostensum
908 1543 915 1548 .
943 1519 986 1549 Et
999 1528 1126 1559 quomo

244 1570 311 1609 do,
336 1569 358 1601 fi
381 1567 581 1601 nominandi
605 1566 783 1600 Pontificis
804 1565 854 1607 jus
868 1563 1082 1598 habuiffetab
1093 1564 1137 1596 A·

244 1618 364 1653 driano
385 1618 491 1661 primo
506 1616 646 1651 Carolus
666 1641 678 1657 ,
702 1615 804 1651 solam
820 1615 951 1659 Papalis
965 1615 1137 1649 Consecra-

243 1669 347 1702 tionis
369 1668 563 1702 relationem
586 1667 662 1701 data
673 1665 826 1700 Sardauia
836 1676 936 1708 atque
948 1664 1061 1699 Sicilia
1073 1663 1138 1697 Lu-

244 1718 383 1752 dovicus
394 1718 475 1751 Pius
488 1716 683 1761 impetrasset
695 1717 707 1749 .>
733 1715 914 1749 Marfilium
926 1715 1138 1753 Patavinum‚

245 1766 507 1813 &Radulphum
518 1768 558 1801 de
572 1767 738 1801 Columna
753 1790 763 1804 ,
789 1766 946 1800 fabulosae
959 1764 1139 1800 conceffio-

245 1820 299 1852 nis
311 1819 498 1857 Patronus,
524 1818 557 1851 in
581 1828 679 1860 opere
702 1817 745 1850 de
765 1816 983 1850 translatione
1007 1814 1139 1859 Imperii

245 1867 331 1903 adeo
349 1867 455 1913 preffit
467 1866 552 1901 istud
574 1867 726 1902 Edictum
740 1891 750 1906 ‚
778 1876 814 1901 ut
838 1867 1052 1910 profiteantur
1070 1864 1137 1898 ‘Ca-

246 1919 356 1953 tolum
381 1919 441 1952 ista
453 1919 508 1951 {ua
531 1918 690 1961 potestate
708 1927 888 1960 numquam
905 1917 998 1950 fuisse
1022 1916 1137 1950 usum.

247 1970 291 2004 Ei
303 1968 514 2003 Ludovicum
528 1978 580 2010 per
592 1967 678 2001 istud
692 1967 846 2000 Edictum
858 1966 1053 2001 renuntiasse
1068 1965 1140 1999 scri·

247 2019 297 2054 bit
319 2021 355 2054 in
382 2018 468 2051 libro
490 2018 532 2051 de
553 2017 652 2052 veteri
677 2017 919 2051 Germanorum
943 2017 1138 2059 Principum

246 2071 281 2103 in
309 2068 533 2104 Christianam
548 2067 764 2112 Religionem
778 2067 850 2101 zelo
864 2067 1035 2111 Lupoldus
1047 2067 1139 2100 Bam·

1004 2116 1139 2151 Etenim

248 2171 373 2210 Atavi‚
401 2168 492 2210 Avi,
518 2169 553 2202 &
574 2168 681 2202 Patris
705 2168 752 2200 sui
766 2167 834 2208 jura
849 2167 908 2199 fibi
926 2165 1073 2208 impendi
1085 2174 1140 2197 aut

248 2220 387 2261 reparari
410 2217 584 2260 stipulatur
606 2216 714 2257 palam
741 2215 932 2247 Ludovicus
955 2238 961 2243 .
990 2212 1140 2245 Adriano

249 2267 411 2299 Pontifici
433 2265 563 2300 nullam
585 2264 660 2298 talis
670 2263 887 2296 concessionis
900 2262 992 2296 fuiffe
1005 2261 1131 2304 potesta

250 2327 336 2355 tem,
364 2316 445 2348 reste
469 2315 563 2349 addit
587 2321 787 2347 memoratus
797 2311 978 2344 Marfilius.
1010 2311 1138 2343 Revera

248 2365 336 2399 enim
361 2364 563 2408 Apostolicae
581 2361 673 2396 Sedis
696 2360 895 2404 dignitatem
920 2359 971 2393 isti
994 2359 1138 2394 servituti

245 2414 395 2449 addicere
431 2425 499 2449 non
537 2412 650 2458 potuit
676 2435 687 2451 ‚
725 2410 865 2453 ideoque
893 2421 954 2442 nec
990 2408 1118 2443 addixit
1133 2433 1140 2440 .

246 2466 358 2511 Qam
381 2463 563 2499 libertatem
588 2466 651 2498 suo
672 2458 783 2494 adhuc
805 2470 953 2503 tempore
975 2458 1115 2503 viguisse
1129 2483 1140 2499 ,

247 2516 339 2558 supra
361 2513 456 2548 nobis
477 2514 562 2548 dixit
584 2508 890 2557 MagisterFlorus.
918 2510 1019 2557 Qod
1034 2509 1138 2552 ipsum

249 2577 281 2597 ιη
307 2563 420 2598 libello
450 2564 492 2598 de
518 2564 761 2608 Episcoporurn
787 2559 977 2593 investitura
999 2559 1139 2602 agnovit

247 2614 448 2647 Waltramus
469 2613 744 2658 Naumburgenfis
767 2611 970 2655 Episcopus,
998 2609 1139 2642 scribens

250 2664 290 2697 ab
316 2663 466 2698 Adriano
505 2664 611 2708 primo
637 2665 828 2699 concessum
855 2659 949 2693 fuiffie
987 2659 1135 2699 Carolo,

250 2725 317 2746 non
344 2723 379 2746 ut
401 2714 588 2749 electionem
612 2739 623 2755 ,
651 2714 705 2748 sed
728 2724 765 2747 ut
788 2711 937 2747 Romani
960 2709 1136 2743 Pontificis

250 2764 548 2806 consecrationem,
585 2765 697 2806 utique
724 2766 808 2798 fam
826 2763 867 2797 ad
891 2765 925 2798 se·
946 2760 1131 2799 relatione,

249 2814 474 2849 confirmaret.
504 2816 547 2848 Et
570 2814 650 2850 hinc
670 2816 710 2848 de
734 2813 1045 2856 Adrianiproximo
1056 2810 1135 2843 suc-

249 2864 370 2897 ceffore
393 2865 505 2900 Leone
521 2866 617 2899 tertio
641 2864 749 2899 scribit
763 2863 876 2898 Abbas
888 2864 1045 2908 Regino:
1074 2863 1132 2892 Leo

249 2921 282 2946 in
308 2912 633 2958 Pontificatusucceffit,
654 2915 816 2957 statimque
828 2913 901 2955 mifit
912 2918 985 2957 Regi
998 2917 1130 2957 Legatos

248 2975 311 2996 cum
333 2964 517 2997 muneribus.
545 2964 624 2998 Non
638 2965 711 2998 ante
725 2990 735 3004 ,
762 2965 814 2998 sed
829 2964 898 3008 post
912 2961 1131 2997 consecratio-

251 3024 325 3046 nem
338 3039 348 3054 ‚
377 3024 439 3056 qua
451 3015 515 3047 sola
527 3009 746 3057 tunc'Papalis
756 3016 920 3049 fsucceffio
943 3013 1126 3057 compleba-

249 3075 319 3097 tur.
350 3064 460 3096 Etiam
481 3062 678 3107 Stephanum
699 3065 852 3108 quintum
872 3065 941 3098 fine
962 3063 1125 3098 Ludovici

248 3113 301 3146 Pii
326 3114 423 3146 venia
441 3113 532 3146 fuiffe
542 3115 763 3148 consecratum
775 3116 915 3148 affirmat
929 3114 1127 3158 Astrologus

250 3212 334 3254 quali
338 3221 392 3253 pro
408 3211 467 3255 sua
490 3211 696 3255 consecratione
718 3219 893 3256 Imperatori
910 3213 1123 3259 suggererent.

249 3263 364 3306 Pergit
389 3263 430 3296 de
452 3262 519 3305 ejus
540 3263 722 3298 Successore
741 3264 886 3298 Paschali
910 3267 1037 3308 pruno:
1066 3267 1125 3297 Pa-

245 3312 357 3356 schalt's
378 3313 511 3356 Successor
530 3312 634 3346 elec‘lus
663 3313 724 3354 post
758 3316 928 3357 completam
956 3314 1125 3358 solemniter

250 3365 466 3395 ordinationem
482 3361 569 3405 suam
580 3386 589 3401 ‚
614 3365 648 3396 (¹5
670 3374 790 3396 munera
802 3367 835 3398 (τ
847 3364 1059 3408 excusatoriam
1072 3369 1124 3397 mi-

246 3413 283 3452 fit
297 3418 473 3454 Imperatori
484 3411 645 3454 Epistolam
657 3436 667 3452 ,
692 3418 724 3445 in
736 3425 795 3455 qua
807 3413 863 3455 fibi
883 3427 942 3447 non
958 3414 1051 3457 solum
1075 3426 1123 3447 no·

250 3463 322 3496 lenti
348 3487 357 3501 ‚
390 3460 445 3504 sed
465 3468 556 3496 etiam
571 3464 734 3504 plurimum
759 3469 903 3498 renitenti
929 3465 1120 3508 Pontificatus

350 3511 537 3556 christ.Lupi
551 3516 749 3556 openTomJC

1232 186 1708 232 ROMANUM.

1942 200 2010 246 77

1194 271 1330 306 honorem
1351 273 1434 305 velut
1456 271 1616 313 impofitum
1636 272 1783 315 affeverat
1802 295 1814 311 ,
1849 273 1883 305 ὁ·
1916 272 2039 314 pallum
2057 271 2072 310 ‚'

1193 325 1272 363 quod
1295 323 1552 364 Praedecessoribus
1570 321 1636 365 suis
1652 321 1772 363 facqum
1779 321 1910 362 fuerat,
1935 319 2077 363 etia'mse-

1195 384 1257 404 cum
1275 372 1344 412 fieri
1368 393 1379 409 ‚
1404 382 1440 403 ac
1451 373 1571 413 firmari
1592 377 1711 415 rogavit
1729 396 1738 406 .
1777 376 1861 404 Hanc
1883 375 2076 415 Legationem

1196 421 1363 454 Theodorus
1387 422 1594 452 Nomenclator
1619 423 1653 455 (3·
1678 423 1786 456 detulit
1800 446 1811 462 ,
1836 423 1871 455 ό·
1891 432 1927 454 ea
1947 429 2076 463 quaepe-

1195 478 1283 503 eierat
1308 474 1502 512 impetravit.
1531 470 1684 512 Exponit
1705 471 1740 503 in
1760 469 1925 505 Guntheri
1947 469 2079 515 Liguri-

1197 522 1230 553 ni
1254 519 1295 554 ad
1317 521 1458 564 primum
1479 519 1520 553 de
1532 517 1691 567 Frederici
1702 520 1798 561 primi
1810 519 1952 566 Augusti
1966 520 2077 554 Gestis

1195 570 1316 604 librum
1337 569 1590 603 Commentario
1629 567 1769 612 Jacobus
1795 570 1975 613 Spigelius:
2003 573 2078 603 Ger-

1194 631 1346 653 manorum
1373 620 1504 652 Annales
1523 643 1534 658 ‚
1569 630 1603 651 ac
1624 624 1716 652 etiam
1739 619 1862 661 quidam
1887 628 2078 653 externarum

1194 682 1290 704 rerum
1313 672 1473 711 Scriptores
1498 670 1623 701 tradunt
1648 671 1831 702 Ludovimm
1851 667 2007 713 Augustum
2019 681 2079 702 mo-

1195 722 1285 763 nuisse
1307 723 1429 753 Clerum
1451 721 1486 753 ὼ·
1506 720 1649 761 populum
1671 723 1837 752 Romanum
1857 745 1868 760 ,
1902 724 1953 761 qui
1977 725 2078 751 contra

1190 769 1371 814 superiorum
1393 781 1540 802 annorum
1549 770 1690 811 exempla
1702 794 1713 810 ‚
1740 780 1797 802 non
1806 768 1932 812 consulto
1944 771 2079 811 Impera-

1193 831 1255 854 tore
1270 845 1281 861 ‚
1308 819 1483 863 Paschalem
1508 819 1681 862 Pontificem
1701 819 1852 863 elegerant
1876 842 1888 858 ,
1924 819 2079 852 conducere

1193 876 1392 904 Romanorum
1411 870 1499 904 rebus
1519 895 1530 911 ,
1565 879 1598 902 ut
1616 869 1740 912 pristino
1765 869 1896 910 instituto
1912 868 2043 908 staretur
2067 890 2081 907 ,

1194 923 1359 964 darentque
1373 921 1490 963 publice
1514 928 1653 962 operam,
1679 931 1716 955 ne
1736 920 1865 962 amplias
1882 917 1972 960 fimili
1984 929 2080 951 exem·

1190 973 1242 1014 plo
1266 976 1462 1013 Imperatoris
1482 971 1644 1005 laederetur
1658 969 1817 1012 majestas.
1842 967 1968 1003 Verum
1979 968 2081 1002 solam

1196 1022 1325 1065 Papalis
1350 1021 1604 1055 consecrationis
1637 1021 1829 1055 relationem
1862 1020 2000 1063 spestare
2039 1017 2087 1052 ad⁴

1196 1082 1290 1106 vetus
1300 1071 1487 1105 institurum
1501 1070 1664 1105 paschalis
1674 1070 1818 1105 ostendit
1831 1094 1843 1111 ,
1869 1069 2082 1111 obtinuitque

1196 1123 1288 1166 supra
1313 1122 1482 1155 laudatum
1497 1121 1661 1154 Ludovici
1676 1121 1829 1155 Edistum
1841 1146 1848 1153 .
1874 1119 1967 1154 Hinc
1980 1117 2083 1162 pergit

1197 1172 1392 1216 Astrologus
1414 1171 1455 1205 de
1480 1170 1550 1212 ejus
1576 1172 1763 1205 Succeffore
1789 1170 1943 1215 Eugenio
1971 1171 2086 1203 secun·
2102 1197 2124 1225 Α

1196 1223 1261 1257 ἀοι
1287 1226 1318 1255 E
1321 1226 1439 1266 ugenius
1447 1219 1626 1264 subrogatus
1636 1230 1725 1263 atque
1737 1222 1892 1254 ordinatus
1904 1220 1961 1259 est.
1989 1220 2085 1259 cujus

1196 1280 1237 1306 rei
1258 1278 1395 1306 nuntium
1415 1274 1568 1315 ‚Quirinus
1590 1271 1788 1305 Subdi'aconus
1813 1272 1858 1304 ad
1878 1273 2086 1311 Imperatorem

1197 1323 1304 1357 detulit
1334 1348 1341 1355 .
1370 1322 1478 1355 Etde
1502 1319 1683 1356 Valentino
1704 1323 1811 1365 primo
1830 1334 1840 1353 .-
1867 1322 2042 1353 Valentinus
2065 1321 2085 1351 εἰ

1198 1378 1343 1405 Romanis
1356 1371 1674 1405 eletlusoordmatus
1688 1371 1743 1410 est.
1775 1372 1860 1416 Qae
1870 1371 1984 1404 omnia
2005 1369 2088 1402 affir-
2104 1391 2157 1419 Au.
2189 1389 2258 1421 82⁸]

1199 1432 1290 1456 mant
1309 1420 1408 1455 etiam
1429 1418 1512 1453 libet
1535 1419 1764 1460 Pontificalis‚
1791 1421 1825 1453 &
1850 1420 1884 1452 in
1899 1420 1964 1454 suis
1974 1417 2088 1452 Anna·
2230 1411 2238 1423 '

1199 1471 1283 1505 libus
1306 1469 1493 1513 Eginardus
1510 1494 1517 1500 .
1545 1470 1753 1513 Qapropter
1775 1470 1957 1503 Decretum
1976 1467 2089 1509 istud,

2129 1205 2154 1225 n.
2187 1199 2265 1231 824³

1198 1518 1287 1561 quod
1314 1517 1462 1549 Rotnani
1484 1516 1658 1548 Pontificis
1681 1517 1888 1551 Elestionem
1908 1519 1974 1551 {ine
1984 1518 2089 1561 Impe-

1197 1566 1328 1600 rialium
1341 1566 1544 1609 Legatorum
1557 1563 1719 1608 pra-sentia
1729 1590 1739 1607 ‚
1765 1566 2089 1601 &consecrationem

1197 1617 1266 1650 fine
1285 1614 1451 1658 Imperiali
1473 1614 1594 1650 notitia
1618 1625 1735 1651 contra
1755 1615 1965 1651 Canonicum
1989 1617 2089 1650 ritum

1198 1667 1231 1701 ὅτ.
1255 1666 1531 1701 consuetudinem
1551 1666 1624 1700 fieri
1647 1675 1756 1708 vetat,
1782 1666 1950 1710 Stephano
1970 1667 2090 1709 quinto

1199 1728 1366 1761 perperam
1389 1715 1539 1751 adscribit
1561 1717 1739 1752 Gratianus
1763 1744 1770 1750 .
1798 1717 1905 1751 Alteri
1928 1718 2027 1751 alicui
2049 1728 2090 1750 ex

1198 1766 1436 1802 Succefforibus
1459 1766 1570 1811 potius
1584 1767 1830 1802 adscribendum
1842 1768 1968 1810 optime
1978 1769 2089 1802 censet
2108 1773 2178 1803 Dist.
2214 1776 2265 1810 63⁴

1198 1816 1425 1851 illustriffimus
1449 1818 1555 1852 Lucas
1580 1818 1777 1852 Holstenius
1800 1844 1808 1850 .
1847 1818 1992 1853 Videtur
2026 1820 2089 1853 esse
2110 1823 2173 1853 631»)-
2198 1817 2245 1844 ²3·

1198 1868 1359 1902 Romanae
1381 1867 1508 1911 Synodi
1532 1867 1592 1901 sub
1617 1868 1744 1911 Joanne
1770 1880 1877 1903 nono.

1248 1917 1304 1951 Ab
1329 1917 1487 1962 Eugenio
1509 1918 1651 1952 secundo
1674 1918 1864 1955 Ludovicus
1883 1931 1952 1955 non
1986 1921 2089 1955 solam

1198 1968 1367 2002 fidelitatis
1391 1968 1622 2011 profeffionem
1634 1969 1766 2014 exegit,
1793 1971 1847 2005 sed
1864 1972 1991 2015 insuper
2003 1970 2091 2011 haec,

1198 2031 1254 2063 per
1278 2018 1375 2052 Pauli
1400 2018 1546 2052 Diaconi
1573 2021 1854 2055 Continuatorem
1887 2033 2088 2063 memorata,

1196 2069 1215 2103 a
1236 2069 1337 2103 Clero
1358 2068 1392 2101 ὃ(
1416 2069 1539 2112 populo
1565 2071 1723 2106 Romano
1741 2073 1849 2114 pffiaz
1877 2075 1924 2105 Et
1944 2074 2089 2115 quodnon

1197 2117 1397 2160 consentiam,
1422 2127 1452 2150 ut
1474 2121 1563 2152 aliter
1587 2126 1618 2153 in
1643 2121 1699 2154 hac
1722 2123 1796 2155 Sede
1817 2126 1955 2156 Romana
1966 2122 2024 2164 fiat
2034 2124 2090 2156 ele-

1197 2168 1252 2198 έῖιο
1275 2165 1427 2203 Pontificis
1454 2190 1465 2204 ,
1491 2166 1545 2206 nisi
1567 2172 1714 2201 canonice
1735 2172 1857 2210 &juste
1882 2196 1892 2212 ,
1926 2169 2090 2213 secundum

1198 2221 1281 2249 vires
1303 2216 1336 2247 (9⁸
1358 2215 1537 2248 intellet‘lum
1553 2227 1671 2258 meum3
1696 2219 1730 2250 (9·
1743 2219 1811 2258 ille,
1839 2226 1889 2261 qui
1904 2220 2088 2262 elec‘lusfue-

1197 2270 1240 2297 rit
1254 2288 1265 2303 ,
1291 2275 1338 2296 me
1358 2262 1550 2306 consentiente
1573 2265 1751 2308 consecratus
1774 2268 1914 2309 Pontifex
1940 2282 1997 2303 non
2004 2271 2062 2312 fiat
2075 2297 2086 2312 ,

1193 2311 1370 2355 priusquam
1397 2312 1457 2345 tale
1476 2315 1705 2348 >sacramentum
1730 2316 1832 2358 factat
1862 2322 1895 2351 in
1915 2320 2086 2363 praesentia

1198 2363 1270 2403 Mtffi
1293 2366 1413 2395 Domini
1435 2367 1630 2405 Imperatoris
1652 2390 1664 2406 ‚
1689 2367 1724 2399 (θ’
1743 2369 1846 2410 populi
1870 2393 1881 2409 ,
1916 2381 1980 2402 cum
1995 2373 2086 2413 jura-

1197 2420 1316 2453 mento,
1341 2413 1427 2455 quale
1454 2417 1600 2448 Dominus
1624 2418 1778 2460 Eugenius
1800 2421 1887 2461 Papa
1902 2418 2005 2462 sponte
2026 2431 2086 2464 pro

1197 2463 1414 2505 conservatione
1450 2470 1579 2498 omnium
1598 2464 1717 2507 fabium
1742 2468 1833 2503 habet
1866 2470 2082 2514 perscriptum.

1199 2511 1300 2546 Avita
1322 2511 1488 2548 fidelitatis
1508 2516 1704 2558 profeffione
1724 2528 1899 2554 contentus
1929 2521 2082 2567 deinceps

1197 2563 1260 2597 esse
1284 2563 1474 2598 Ludovicus
1489 2565 1598 2600 noluit
1608 2592 1620 2607 ‚
1646 2567 1699 2602 sed
1712 2570 1812 2613 ipsam
1826 2571 1895 2604 fieri
1908 2572 2013 2607 voluit
2026 2585 2081 2607 an-

1198 2623 1230 2647 te
1251 2614 1546 2649 consecrationem.
1576 2616 1700 2652 Verum
1724 2620 1870 2655 violenta
1892 2621 1959 2655 haec
1984 2624 2081 2657 &ex-

1199 2673 1282 2697 torta
1301 2666 1386 2705 pasta
1408 2664 1491 2698 adeo
1514 2678 1581 2699 non
1605 2670 1732 2702 curavit
1756 2671 1929 2705 Romanus
1942 2673 2078 2715 Clerus‚

1198 2723 1233 2747 ut
1253 2713 1355 2756 ipsum
1384 2714 1527 2760 Eugenii
1553 2718 1743 2760 proximum
1766 2720 1982 2756 Successorem
2007 2735 2079 2757 mo-

1196 2775 1228 2797 re
1249 2765 1384 2808 antiquo
1406 2767 1619 2800 consecrarit.
1645 2767 1777 2803 Primus
1789 2769 1888 2815 ergo,
1915 2773 2006 2815 cujus
2018 2773 2079 2808 ele-

1195 2814 1259 2847 stio
1279 2814 1389 2848 denuo
1413 2817 1523 2849 vexari
1545 2817 1638 2859 caepit
1657 2828 1715 2860 per
1734 2820 1987 2863 Imperatorem,
2012 2825 2076 2858 fuit

1195 2865 1374 2909 Gregorius
1395 2877 1547 2909 quanm,
1574 2867 1615 2900 de
1636 2879 1704 2911 quo
1729 2868 1913 2905 Bertiniani
1935 2873 2079 2908 Franco·

1194 2925 1263 2948 rum
1287 2914 1456 2949 Annales.-
1481 2921 1556 2949 Non
1564 2919 1651 2959 prius
1662 2919 1819 2954 ordinatus
1829 2921 1889 2962 est,
1915 2925 2007 2964 quam
2018 2929 2074 2958 Le·
2093 2934 2149 2961 Λη.

1188 2973 1280 3008 gatus
1301 2969 1492 3007 Imperatoris
1511 2970 1637 3000 Romam
1662 2975 1770 3011 venit,
1794 2973 1828 3005 Ca·
1849 2972 2014 3006 clemonem
2020 2983 2073 3016 po-

1186 3016 1252 3056 puli
1263 3040 1274 3055 ,

1321 3018 1400 3049 ualis
1412 3018 1476 3060 effet
1488 3042 1498 3057 ‚
1525 3024 1734 3052 examinavit.
1763 3021 1807 3054 Et
1820 3021 1910 3064 supra
1923 3022 2073 3058 laudatus

1191 3064 1386 3111 Astrologus
1398 3081 1408 3100 .·
1436 3071 1595 3110 Gregorius
1619 3070 1776 3107 Presbyter
1787 3073 1869 3104 tituli
1879 3074 1899 3104 5
1901 3073 1979 3106 ancli
1991 3078 2074 3108 Mar-

1187 3121 1212 3148 ci
1232 3116 1338 3149 elec‘lus
1363 3117 1401 3156 est
1414 3141 1424 3155 ‚
1445 3116 1503 3159 sed
1529 3129 1587 3150 non
1603 3119 1690 3159 prius
1702 3121 1883 3162 ordinatus,
1909 3126 2001 3164 quain
2014 3129 2071 3158 Le·
2086 3123 2139 3151 AU—
2173 3127 2241 3159 827:

249 3163 423 3196 Annalista
436 3187 447 3202 ‚
472 3164 506 3196 &
519 3163 683 3208 adjungit:
711 3164 789 3205 Mifit
810 3166 881 3198 duos
902 3169 1027 3208 Legatos
1040 3186 1053 3203 ‚
1074 3169 1126 3206 qui
1183 3173 1274 3209 gatus
1294 3170 1486 3208 Imperatoris
1517 3171 1643 3201 Romam
1665 3175 1782 3202 veniret
1804 3196 1815 3211 ‚
1852 3173 1886 3204 <9⁴
1904 3173 2068 3208 electionem

1184 3217 1286 3257 populi
1307 3223 1511 3250 examinaret.
1543 3218 1585 3251 Et
1606 3218 1747 3260 Joannes
1758 3221 1900 3264 Baptista
1913 3221 2064 3258 Platina:

1189 3269 1343 3308 Gregorius
1365 3275 1461 3300 tantae
1481 3268 1625 3312 modestia·
1637 3269 1707 3309 fiat
1719 3295 1730 3310 ,
1747 3280 1791 3303 ut
1811 3271 1916 3304 eutius
1938 3275 1958 3305 ἃ
1981 3276 2066 3308 Clero

1184 3317 1343 3357 populoque
1363 3321 1495 3350 Romano
1518 3342 1528 3356 ‚

1565 3329 1623 3352 non
1640 3321 1726 3360 prius
1749 3321 1935 3363 Pontificium
1957 3334 2064 3358 munus

1187 3366 1263 3398 obire
1284 3367 1408 3400 voluerit
1428 3393 1439 3409 ‚
1466 3370 1556 3409 quam
1579 3371 1599 3400 a
1624 3373 1750 3412 Legatls
1770 3374 1914 3405 Ludovici
1935 3377 2064 3413 Impera-

1187 3421 1259 3449 toris
1273 3440 1283 3455 ‚
1309 3416 1343 3448 oh
1363 3428 1427 3450 eam
1440 3418 1557 3461 causam
1570 3423 1695 3452 Romam
1707 3422 1790 3460 miffis
1800 3446 1812 3461 ,
1837 3428 1889 3462 qui
1907 3422 2064 3464 diligenter

1188 3476 1307 3500 tantam
1326 3467 1488 3501 electionem
1510 3467 1696 3512 discusserunt
1716 3492 1727 3507 ‚
1759 3471 1952 3511 confirmatus
1978 3472 2063 3514 effit.

1594 3518 1626 3551 G
1923 3523 2011 3556 Fece-

1680 3528 1699 3565 3
