2366 3756
139 506 210 542 L3-
232 514 294 541 εγ.

390 130 482 178 3¹8

314 203 429 247 periffet
441 229 451 244 ,
479 210 511 235 in
530 205 758 235 communionem
779 207 904 244 recepit.
930 206 978 236 Et
999 201 1064 238 ciem
1081 208 1204 244 propter

317 255 402 287 sedis
422 254 597 295 dignitatem
618 262 689 284 cura
710 257 842 285 omnium
861 253 906 287 ad
927 250 1023 294 ipsum
1034 250 1205 295 spellari-tf

308 303 432 350 fingulis
448 299 538 343 suam
546 299 705 341 Ecclesiam
713 300 842 340 restituit
856 325 867 342 ,
889 301 1060 348 scripfitque
1073 303 1119 335 ad
1128 306 1204 344 Epi·

311 351 408 395 scopos
433 355 586 391 orientis,
611 349 711 395 eosque
735 350 910 396 incusavit,
938 354 1023 397 quod
1043 351 1203 395 inconsulto

313 403 350 436 de
363 400 438 443 bisce
450 398 711 446 virisjudlcassent
723 425 730 436 -

362 449 405 484 D.
418 450 693 495 Archiepiscopus
715 449 771 486 dat
782 450 873 488 hunc
891 452 1177 491 Commentarium
1190 464 1202 490 ..¹

313 501 389 535 Ciam
402 503 488 542 apud
500 503 701 538 Zozomenum
711 504 785 546 legis
794 504 922 551 Julium
933 504 1064 546 recepiffe
1073 503 1202 548 insuam

311 556 539 585 communionem
575 551 765 594 Athanasium
799 563 835 586 ac
860 555 985 596 reliquos
1013 553 1200 598 Epist-opos,

309 603 344 636 4¹2·
368 607 522 645 unicuique
543 610 640 636 eorum
654 599 746 646 suam
767 602 926 648 Ecclesiam
948 604 1103 649 reddidisse
1126 628 1138 646 ‚
1164 605 1199 638 ob

308 661 412 687 curam
434 652 572 686 videlicet
592 651 773 698 universalis
791 653 924 695 Ecclcfiae
937 679 948 696 ,
972 666 1040 699 quae
1049 660 1077 690 ei
1087 661 1199 690 incum-

307 702 355 736 bit
363 711 488 746 propter
500 702 688 746 ,dignitatern
699 703 784 738 sedis
802 702 873 748 ,fiiae
883 728 896 745 ‚
922 705 1090 747 existimare
1109 705 1198 739 debes

307 749 514 792 restitutionem
533 754 619 787 illam
631 753 825 796 Ecclefiarum
849 766 909 790 non
920 755 1009 800 fuiffe
1020 753 1144 797 faciam
1154 756 1197 789 di·

306 801 406 844 vecie,
426 800 486 845 sed
499 811 556 845 per
578 801 811 847 consequentiam
823 829 834 846 ‚
859 808 892 839 eo
903 806 984 849 quod
991 803 1132 849 Episcopi
1149 806 1196 840 illi

305 854 328 885 ἃ
327 855 358 898 J
362 854 419 886 ulio
443 858 477 885 in
486 857 714 888 communionem
737 860 845 898 recepti
858 855 1002 900 fuerint,
1026 857 1110 891 velut
1120 859 1196 900 Epi-

300 900 382 946 scopi
404 899 492 944 hujus
504 913 558 939 aut
578 904 659 938 illius
671 906 776 938 sedis.
808 905 850 939 Et
863 905 973 940 statim
995 905 1101 942 infra:
1129 910 1195 940 Ne·

304 952 454 996 cessariam
478 954 530 998 effi·
549 952 713 988 arbitratus
734 953 803 997 sum
822 954 1016 998 discisffionem
1032 961 1195 999 praecipuo-

303 1014 373 1037 rum
393 1010 526 1047 capitum
553 1003 642 1046 hujus
680 1002 817 1050 Julianae
836 1004 981 1050 Epssdae
1002 1031 1013 1048 ,
1038 1008 1118 1051 quod
1135 1018 1192 1048 ea,

302 1054 390 1097 eque
399 1064 435 1087 ac
445 1053 539 1088 verba
549 1055 712 1091 zozomeni
724 1080 734 1098 ‚
747 1065 911 1100 perperam
922 1057 1065 1094 baaeeuux
1074 1065 1193 1100 accepta

297 1101 358 1145 fini
381 1102 421 1136 ab
443 1109 507 1145 iis,
531 1110 583 1148 qui
600 1116 640 1140 ee
660 1102 846 1141 laniabere.
873 1109 1066 1142 contendunt
1083 1109 1190 1151 quippe

295 1152 418 1195 fadum
423 1159 455 1200 J
458 1155 533 1196 ulii,
558 1158 636 1199 quod
658 1156 737 1189 nibil
745 1157 832 1189 aliud
849 1157 888 1200 est
899 1180 911 1199 ,
935 1159 1028 1201 quam
1039 1160 1191 1200 quoddam

300 1203 390 1237 velut
409 1203 539 1247 obsequii
556 1217 655 1249 genus
677 1208 724 1239 ad
754 1209 945 1240 retinendam
966 1202 1191 1240 communionem

297 1256 519 1294 Orientalium,
546 1254 714 1298 ‹ifiiprcma
722 1255 1003 1298 ejusjuril‘dic‘i'ione
1019 1254 1188 1298 profedl'um

301 1304 372 1346 effe,
397 1311 487 1346 atque
493 1315 532 1336 ex
545 1304 722 1337 auc‘ioritato
733 1305 846 1348 caffasse
867 1307 982 1344 iudicia
996 1307 1190 1341 Conciliorum

300 1354 502 1387 Orientalium
523 1377 533 1385 .
562 1352 765 1398 Respondet>
786 1355 981 1391 Zozomeno
1006 1358 1189 1394 consonare

298 1402 401 1437 etiam
412 1404 601 1437 Socratem.
628 1402 803 1440 Athanasii
817 1409 835 1446 ‚'
857 1404 980 1448 Pauli,
1008 1407 1185 1450 Marcelli,

295 1452 398 1487 -Lucii
410 1473 423 1494 ς
446 1453 482 1488 ὃ(
496 1454 641 1498 Asclepae
653 1454 845 1490 Romanam
865 1457 1123 1501 appellationem
1142 1468 1189 1492 re·

298 1503 386 1544 fert,
413 1514 452 1538 ac
472 1502 582 1538 subdit
605 1503 648 1538 de
671 1503 760 1548 Papa
781 1505 897 1548 Julio:
923 1509 977 1541 Ille
1001 1510 1092 1548 vcro,
1118 1520 1186 1550 quo-

299 1558 384 1587 niam
407 1557 544 1588 Romana
555 1552 681 1594 Ecclefia
699 1557 897 1600 privilegium
900 1564 972 1597 prae
990 1562 1105 1591 caeteris
1116 1557 1187 1589 obti-

296 1604 392 1637 nebat
412 1627 423 1644 ,
449 1604 560 1637 litteris
572 1602 639 1647 suis
661 1606 706 1637 ad
725 1603 887 1648 Epiftqoos
910 1610 1031 1640 Orienti
1058 1607 1186 1640 liberius

293 1653 473 1697 perscripti:
494 1655 613 1687 illorum
631 1662 737 1696 partes
747 1661 826 1688 tueri
837 1655 956 1695 studet.
984 1659 1020 1688 In
1033 1660 1187 1690 Orientem

296 1705 421 1739 litteras
444 1708 562 1743 mittit,
590 1706 648 1746 quo
667 1702 780 1747 &suus
803 1703 905 1746 cuique
927 1705 1006 1738 locus
1029 1704 1187 1745 restituere·

296 1764 348 1788 tur
360 1777 370 1793 ,
391 1754 429 1787 U
446 1764 492 1786 eos
505 1778 517 1794 ,
542 1757 595 1796 qui
619 1755 686 1788 illos
707 1755 816 1788 temere?
838 1756 1069 1789 damnaverant
1088 1777 1098 1795 ,
1118 1766 1186 1798 gra·

295 1811 377 1838 viter
404 1802 632 1846 reprehenderet
644 1828 652 1836 .
680 1804 730 1838 Illi
741 1803 898 1849 discedunt
917 1808 1012 1839 Roma
1023 1830 1034 1847 ‚
1061 1807 1098 1840 i&
1100 1808 1132 1851 J
1134 1807 1187 1839 ulii

296 1855 408 1889 litteris
434 1852 531 1896 confiſs
541 1854 587 1886 ad
608 1854 682 1898 suas
714 1854 844 1899 ipsorum
866 1855 1010 1898 Ecclesiae
1035 1857 1164 1891 redeunt
1178 1879 1185 1888 .

301 1908 444 1939 Litteras
456 1930 465 1946 ,
492 1905 539 1938 ad
545 1913 618 1948 quos
624 1902 748 1949 scripta*
760 1915 848 1940 erant
859 1931 872 1947 ,
899 1912 1024 1940 mittunt
1036 1931 1044 1939 .
1072 1905 1186 1939 Palam
1207 1944 1210 1946 ,

294 1954 445 1989 adfirmat
460 1955 633 1999 Episcopis
643 1956 712 1990 istis
723 1965 792 1991 non
808 1955 938 1991 tantum
956 1955 1187 1998 Episcopalom

295 2005 430 2039 titulum
443 2029 454 2046 ,
482 2005 537 2039 sed
559 2005 688 2048 insuper
699 2005 856 2039 Ecclefias
875 2004 993 2048 aJulio
1012 2004 1105 2038 fuiffe
1116 2003 1186 2038 red·

294 2056 397 2089 ditas.
426 2056 470 2088 Et
491 2053 557 2089 hoc
571 2066 640 2088 non
652 2065 695 2089 ex
707 2054 804 2089 amici
825 2055 937 2090 officio
951 2078 961 2094 ‚
988 2052 1042 2086 sed
1055 2064 1097 2087 ex
1108 2052 1186 2096 Epi-

294 2105 417 2149 scopali
441 2106 535 2147 super
548 2114 665 2137 omnes
676 2104 868 2137 auctoritate
878 2127 885 2134 .
913 2102 957 2135 Er
969 2101 1048 2136 hinc
1067 2101 1186 2136 litteris

294 2156 411 2189 confisi
425 2152 580 2196 Episcopi
594 2162 671 2186 curn
681 2153 776 2186 omni
789 2152 910 2187 fiducia
924 2150 965 2186 ad
990 2154 1060 2186 suas
1073 2152 1185 2188 Eccle-

294 2205 354 2238 fias
380 2204 547 2238 redierunt
562 2227 568 2235 .
598 2203 642 2235 Et
654 2201 720 2237 haec
739 2203 854 2238 omnia
866 2202 884 2236 ὲ
898 2202 929 2236 se
941 2202 1034 2237 fuiss‘e
1047 2203 1128 2236 fabia
1142 2204 1184 2237 se-

293 2254 442 2289 cunditm
466 2254 647 2291 Canones,
677 2251 807 2288 adfidue
823 2253 980 2287 clamavit
1001 2253 1126 2295 Julius,
1151 2253 1184 2287 &

294 2303 532 2340 Theodoretus
555 2302 765 2340 confirmavit
784 2328 793 2334 .
832 2302 879 2336 Et
901 2303 1000 2337 aliam
1028 2303 1185 2337 evasionis

295 2357 384 2390 viam
423 2354 570 2388 nesciens
597 2353 782 2387 Eusebiana
813 2353 913 2387 fastio
933 2377 944 2393 ‚
978 2352 1185 2396 impudenter

297 2405 434 2451 negavit
459 2403 609 2438 Ecclefiae
621 2403 854 2443 Monarchiani
869 2428 880 2444 ,
907 2401 1184 2446 Catholicamque

297 2457 461 2490 unitatem
484 2454 638 2488 laceravit
660 2454 694 2488 in
708 2455 767 2487 tria
780 2454 905 2497 capita.
932 2454 1027 2500 Qin
1050 2454 1128 2488 &in
1143 2454 1186 2487 se·

296 2506 406 2541 cunda
418 2507 473 2539 sua
487 2503 659 2549 Apologia
675 2504 784 2539 scribit
802 2504 870 2548 ipse
882 2504 1030 2548 Magnus
1041 2502 1184 2538 Athana-

675 117 712 162 S.
751 115 1060 167 eroouu
1097 131 1338 168 εεΡτιΜι
1375 119 1740 168 P0Nr1r1c1s

1265 203 1304 239 fis
1322 203 1468 239 adfuerat
1480 227 1492 243 ,
1516 203 1551 239 ἀ
1564 200 1733 238 Athanasii
1751 205 1984 248 reparatianem
2006 204 2147 251 singula-

1253 253 1340 288 ·riter
1361 251 1544 296 adjuverat.
1572 253 1665 301 Qin
1690 253 1805 297 &ipsa
1827 254 2019 291 Sardiceufis
2038 258 2147 302 Syno-

1264 302 1324 337 dus
1336 303 1457 347 scripsit
1468 304 1511 339 ¹ad
1528 303 1785 339 Alexandrinam
1800 303 1994 339 Ecclesiam:
2021 309 2095 351 Qu
2105 320 2144 342 ex

1263 365 1317 395 re,
1343 353 1459 397 utique
1481 365 1522 388 ex
1546 352 1738 389 Eusebianae
1759 354 1912 389 factionis
1929 355 2029 400 fuga,
2052 363 2146 401 equi-

1263 411 1312 438 tas
1329 405 1440 444 judicii
1453 403 1569 447 fratris
1601 406 1635 439 &
1648 402 1844 449 Cet-Episcopi
1863 403 2040 451 nostriJulii
2057 407 2146 450 lquo-

1264 454 1372 493 diffime*
1385 459 1529 495 apparuit
1539 478 1549 494 ‚
1569 458 1621 496 qui
1631 465 1688 487 non
1702 461 1856 489 temerario
1867 454 1975 498 confilio
1985 477 1995 494 ‚
2017 453 2073 499 sed
2081 466 2147 490 cum

1263 513 1383 537 matura
1405 502 1616 538 deliberatione
1626 502 1806 548 sententiam
1825 506 1915 546 tulit,
1942 505 2146 541 adeoutnibii

1262 554 1450 596 relinquatur
1471 554 1552 588 dubii
1561 556 1600 590 de
1621 560 1815 589 communione
1817 555 1933 598 fratris
1950 555 2038 596 nostri
2052 556 2147 591 Atha-

1262 602 1334 648 nasii
1359 627 1368 637 .
1394 603 1476 639 Non
1503 604 1777 651 qualemcumque
1801 629 1812 646 ,
1838 606 1892 640 sed
1914 606 2144 651 Episcopalem

1263 654 1538 690 communionem
1559 654 1796 700 appellantibus
1807 655 1979 700 Episcopis
1998 656 2144 692 reddide-

1261 713 1309 737 rat
1325 703 1428 748 Julius
1441 718 1454 741 .-
1479 705 1524 740 Et
1534 705 1739 752 Episcopalis
1750 707 1946 740 communio
1954 706 2068 752 nequit
2080 708 2144 742 effe

1261 753 1328 788 sine
1357 753 1501 790 Ecclefia
1523 780 1531 790 .
1559 755 1635 791 Nec
1655 757 1745 791 enim
1765 768 1806 791 ex
1832 755 1972 791 realibus
1996 757 2142 793 titulat-es

1259 804 1398 840 dumtax
1416 806 1470 840 seu
1491 806 1663 841 annulares
1679 807 1860 851 Episcopos
1880 806 2001 842 creavit
2013 808 2117 851 Julius
2129 830 2141 847 ,

1258 855 1367 898 quales
1387 855 1487 892 solius
1506 853 1643 891 honoris
1663 857 1766 903 gratia
1788 858 1882 892 fuisse
1899 857 1935 891 in
1949 855 2141 900 quibusdam

1257 904 1470 942 Monasteriis
1493 905 1605 943 scribit
1623 907 1780 943 Hermias
1801 908 2027 942 Zozomenus.
2054 907 2141 941 Non

1256 955 1358 991 solam
1379 956 1577 1002 dignitatem
1601 957 1767 1000 reddidit,
1795 957 1850 993 sed
1875 958 2007 1003 insuper
2018 955 2144 993 Cathe-
2183 998 2185 1001 ¹

1256 1005 1347 1040 dram
1357 1016 1456 1050 atque
1476 1007 1677 1043 Ecciefiam.

1304 1056 1399 1103 Qd
1422 1056 1481 1092 fibi
1499 1057 1616 1092 volunt
1630 1057 1695 1092 hac
1717 1057 1833 1097 verba,
1858 1058 2039 1099 Existimari
2052 1057 2141 1092 debet

1254 1105 1462 1146 restitutionem
1477 1106 1565 1139 illam
1575 1107 1768 1149 Ecclefiarum
1791 1120 1848 1142 non
1853 1108 1943 1152 futffe
1961 1105 2085 1151 faciam
2094 1109 2141 1142 dt·

1253 1154 1340 1188 reHe'
1355 1178 1367 1195 ,
1399 1151 1457 1198 sed
1472 1162 1527 1196 per
1546 1153 1780 1198 ronfiquentiam
1803 1160 1817 1193 ἒ
1855 1157 2037 1205 Qudnam
2073 1155 2140 1192 hoc

1254 1201 1420 1247 sophisma
1446 1205 1460 1239 ἓ
1484 1204 1567 1252 Qae
1592 1205 1777 1249 cespitantis
1812 1209 1933 1242 mentis
1958 1206 2140 1252 angustia?

1254 1254 1384 1300 Nempe
1406 1255 1439 1288 in
1451 1253 1539 1290 mala
1561 1256 1656 1290 causa
1666 1255 1781 1290 deficit
1799 1267 1900 1289 omne
1912 1256 2038 1291 bonum
2049 1257 2141 1303 inge-

1254 1305 1347 1345 niirm
1360 1324 1368 1340 .
1399 1304 1494 1340 Hine
1506 1304 1595 1340 aliud
1613 1306 1715 1341 nescit
1728 1330 1741 1346 ,
1765 1306 1864 1349 quam
1884 1305 1995 1343 devias
2016 1307 2142 1351 cogita·

1252 1354 1365 1395 tiones⁴
1381 1353 1495 1390 denuo
1503 1355 1632 1392 firmare
1652 1367 1695 1390 ex
1718 1356 1881 1401 Synodali
1899 1354 2141 1401 Philippopoli-

1251 1405 1568 1441 taniCouventiculi
1589 1406 1760 1451 Epistola,
1785 1407 1820 1442 δε
1854 1418 1896 1441 ex
1918 1407 1987 1451 ipsa
2005 1406 2141 1442 conclu·

1251 1455 1328 1491 dere
1351 1469 1363 1490 .-
1400 1456 1574 1491 Orientales
1591 1458 1724 1492 sardica
1754 1463 1920 1502 congregati
1938 1461 2139 1501 pertinaciter

1251 1506 1411 1541 adherent
1427 1505 1592 1551 sententia·
1610 1509 1738 1543 concilii
1756 1506 1953 1550 Antiocheni,
1979 1506 2140 1553 ausasqne

1245 1554 1400 1597 seceffionis
1419 1556 1486 1600 suae
1495 1560 1635 1599 rq'iciunt
1653 1564 1689 1593 in
1701 1559 1907 1592 occidentales
1920 1581 1932 1599 ,
1957 1563 2010 1602 qui
2027 1559 2140 1592 adver*

1248 1606 1299 1638 siis
1311 1616 1444 1642 veterem
1459 1608 1595 1650 Eoelespc
1606 1608 1846 1652 consuetudinem
1855 1607 2018 1653 cgnoscrre
2026 1609 2138 1642 vellent

1250 1656 1289 1688 do
1310 1654 1401 1698 caufis
1413 1657 1631 1691 Orientalium.
1659 1657 1859 1701 Respondeo
1878 1657 1945 1691 hac
1966 1668 2036 1692 non
2049 1656 2137 1700 apud

1249 1704 1415 1739 Sardicam
1434 1705 1526 1741 fuiffe
1552 1708 1646 1746 asta,
1671 1706 1726 1741 sed
1750 1706 1840 1750 apud.
1848 1706 2114 1751 Philippopolim
2127 1730 2138 1740 .

1250 1753 1412 1787 Scelerata
1431 1753 1550 1788 estista
1562 1754 1729 1798 Epistola,
1755 1754 1996 1800 damnatiffima
2012 1755 2055 1789 ab
2063 1767 2139 1790 om·

1251 1802 1347 1838 nibus
1369 1801 1429 1837 sub
1449 1802 1535 1841 coelo
1557 1804 1729 1839 Ecclefiis:
1756 1805 1801 1839 Et
1823 1815 1899 1839 ecce
1925 1803 2139 1840 orthodoxus

1251 1852 1525 1898 Archiepiscopus
1543 1854 1712 1900 profitetur
1732 1854 1764 1888 se
1780 1866 1822 1889 εκ
1833 1855 1902 1900 ipsa
1927 1854 1961 1888 &
1973 1866 2049 1889 cum
2066 1855 2138 1900 ipsa·

1250 1903 1368 1937 sentire
1380 1926 1390 1937 .
1416 1903 1460 1936 Et
1473 1903 1571 1947 ipfius
1583 1906 1779 1945 temeritates
1788 1915 1886 1947 atque
1897 1915 2019 1940 errores
2029 1929 2040 1946 ,
2051 1911 2134 1949 quos

1248 1951 1374 1987 constat
1395 1953 1457 1986 effe
1468 1954 1568 1989 solius
1582 1954 1769 1989 Eusebianae
1781 1954 1930 1989 factionis
1945 1978 1956 1995 ,
1982 1953 2136 1991 adscribit

1248 2002 1312 2036 toti
1323 2002 1487 2037 Orientali
1511 2004 1674 2038 Ecclefiae.
1702 2004 1821 2038 Fateor
1831 2004 1910 2047 Julii
1932 2005 1974 2038 de
1986 2002 2134 2040 Athana-

1247 2050 1295 2085 fio
1303 2051 1466 2094 judicium
1480 2064 1549 2089 non
1573 2053 1666 2088 fuisse
1678 2054 1807 2088 miffum
1819 2053 1852 2087 in
1864 2054 2108 2089 exsecutionem
2123 2079 2134 2088 .

1250 2099 1432 2135 Rationem
1457 2101 1513 2136 dat
1548 2103 1583 2136 in
1609 2104 1696 2137 libro
1721 2103 1870 2139 adversus
1897 2105 2131 2147 Imperatorem

1250 2149 1485 2184 Constantium
1495 2152 1629 2186 sanstus
1642 2151 1790 2186 Hilarius
1803 2166 1815 2186 .·
1842 2156 1954 2186 Mutati
1963 2154 2106 2196 Praefec‘lt
2120 2179 2132 2196 ‚

1248 2200 1330 2234 eletii
1343 2204 1376 2246 J
1378 2201 1475 2235 udices
1499 2225 1510 2242 ,
1535 2207 1665 2245 corrupti
1690 2204 1817 2245 populi,
1840 2211 1989 2237 commota
2005 2204 2105 2246 plebes
2120 2228 2132 2246 ,

1249 2262 1286 2285 ne
1309 2250 1350 2284 ab
1377 2250 1532 2294 Arbanafio
1559 2251 1693 2293 Christus
1713 2254 1935 2295 praedicaretur
1961 2279 1969 2287 .
1998 2253 2133 2298 Utique

1248 2301 1334 2344 apud
1357 2300 1595 2336 Alexandriam
1607 2328 1614 2335 .
1642 2302 1699 2337 Ab
1713 2301 1893 2338 Athanasio
1914 2313 2063 2348 reparato
2076 2314 2132 2348 per

1248 2352 1371 2396 Julium
1385 2376 1392 2384 .

1298 2400 1354 2435 Ad
1378 2399 1623 2438 Ariminensem
1638 2403 1813 2447 Synodum
1829 2403 1947 2447 scripsit
1958 2403 2044 2438 idem
2064 2404 2132 2437 Au·

1247 2450 1360 2496 gustus
1382 2451 1601 2488 Constantius
1623 2466 1630 2486 :
1659 2458 1733 2487 Non
1752 2460 1832 2488 enim
1859 2456 1896 2487 de
1926 2453 2130 2488 Orientalibus

1249 2499 1403 2544 Episcopis
1424 2507 1457 2535 in
1468 2506 1595 2537 Concilio
1612 2503 1709 2544 vestro
1716 2510 1835 2545 patitur
1860 2509 1938 2538 ratio
1953 2505 2073 2547 aliquid
2081 2505 2131 2537 de-

296 2558 386 2591 fius:
415 2556 507 2598 ‚Quod
520 2555 565 2587 ad
585 2566 636 2587 nos
659 2560 791 2595 attinet,
812 2554 926 2595 judicio
948 2555 1025 2587 nullo
1047 2562 1117 2596 opus
1125 2553 1183 2594 est.
1242 2551 1350 2593 finiri.
1376 2553 1508 2586 Proinde
1519 2554 1608 2596 super
1618 2553 1667 2589 bis
1681 2556 1823 2596 tanturn,
1847 2566 1916 2597 quae
1929 2556 1977 2587 ad
1997 2566 2053 2588 vos
2059 2562 2133 2595 per-

293 2608 479 2651 Judicatum
500 2604 539 2646 est
566 2610 645 2639 enim
668 2616 725 2638 non
740 2604 836 2648 semel
850 2603 1010 2646 secundum
1034 2616 1085 2637 nos
1099 2629 1110 2645 ‚
1130 2603 1187 2648 sed

293 2657 407 2702 saepir'ts
421 2681 428 2688 .
456 2654 593 2688 Primum
613 2656 735 2698 quidem
755 2660 788 2688 in
799 2653 895 2694 nostra
906 2656 1070 2688 Provincia
1083 2679 1093 2695 ‚
1120 2656 1183 2687 fl'cm

275 2734 278 2738 ,
298 2709 344 2742 ad
363 2708 399 2740 id
405 2706 529 2750 coiissent
545 2706 758 2748 propemodum
768 2714 883 2739 centum
898 2703 1054 2747 Episcopi.
1080 2707 1184 2738 secun·

298 2760 338 2792 do
350 2761 453 2790 Romae
468 2779 478 2796 ,
504 2756 586 2789 nobis
609 2758 769 2790 &caeteris
790 2753 913 2798 Eusebii
935 2753 1118 2798 adversariis
1141 2756 1184 2788 ad

299 2810 363 2849 eJ‘us
389 2804 560 2848 criminosas
596 2808 710 2839 litteras
732 2811 763 2837 in
778 2806 895 2847 Judicio
925 2805 1180 2847 comparentibus.

300 2861 439 2891 Puerum
461 2862 561 2888 autem
585 2861 618 2888 in
628 2867 659 2888 eo
676 2854 795 2898 consessu
811 2855 914 2896 piures
925 2857 1016 2897 quaeim
1036 2861 1182 2898 quinqua·

295 2911 386 2952 ginta
415 2902 556 2947 Episcopi
576 2928 583 2936 .
610 2907 709 2938 Tertio
736 2910 843 2938 iterum
869 2909 902 2936 in
926 2915 1033 2948 magno
1059 2907 1180 2939 sardica

299 2956 449 2990 Concilio.
476 2952 606 2989 Diserte
625 2954 776 2990 adfirmat
797 2955 829 2988 se
840 2953 956 2988 Romae
979 2966 1046 2988 non
1062 2967 1116 2999 per
1127 2956 1182 2989 ali-

300 3006 392 3051 quod
402 3005 550 3049 obsequii
569 3015 674 3050 genus
686 3030 696 3046 ‚
723 3005 776 3039 sed
795 3015 850 3048 pet
860 3004 1062 3046 synodalem
1074 3007 1182 3038 austo-

301 3057 432 3091 ritatem
442 3056 505 3089 effe
515 3053 700 3090 absolutum
713 3080 721 3088 .
748 3055 792 3089 Et
803 3054 839 3088 in
852 3055 1046 3099 fragmentis
1066 3055 1106 3089 ad
1121 3056 1183 3089 Eu-

301 3106 470 3141 sebinnam
506 3105 682 3140 fastionem
718 3104 831 3139 scribit
855 3105 989 3139 Sanstus
1015 3105 1181 3139 Hilarius:

304 3156 449 3201 Ignoraffe
471 3165 525 3191 vos
546 3155 692 3198 negabitis
707 3153 884 3198 Athanafio,
910 3157 992 3195 qu'us
1014 3156 1184 3191 damnatio-

306 3218 373 3240 nem
383 3210 403 3240 ἃ
415 3204 498 3240 vobis
509 3205 620 3238 Valens
632 3229 643 3246 ,
657 3204 796 3247 Ursacius
807 3231 819 3247 ,
843 3207 1024 3239 Saturninus
1037 3212 1163 3250 exigunt
1173 3231 1183 3247 ,

306 3256 346 3289 ab
359 3255 439 3296 Hosio
451 3280 461 3295 ,
473 3259 641 3289 MaxImino
650 3278 661 3294 ‚
678 3258 711 3300 J
713 3256 768 3287 uiro
779 3256 929 3288 redditam
939 3262 1182 3290 communionem.

308 3305 438 3349 Nempe
448 3303 622 3339 Sardicensi
635 3304 773 3348 Synodo
787 3305 909 3340 Hofius
919 3306 1101 3348 praesederat
1113 3330 1123 3346 ,
1150 3307 1184 3340 &

307 3357 467 3395 Romano
488 3355 567 3398 Julii
598 3354 757 3391 Concilio
776 3355 983 3390 Maximinus
1004 3356 1184 3392 Treveren-

1246 2609 1340 2636 tinere
1367 2601 1505 2646 cognoscit
1520 2607 1669 2637 Gravitas
1693 2603 1814 2643 vestra,
1841 2604 1971 2637 tractare
1993 2603 2129 2636 debetis.

1248 2654 1290 2686 Et
1304 2651 1408 2686 infra:
1436 2655 1518 2696 ,ραις
1529 2654 1594 2689 cum
1615 2659 1662 2686 ita
1674 2651 1734 2693 fint
1746 2676 1756 2692 ,
1781 2654 1943 2686 advorsum
1962 2654 2130 2686 orientales

1247 2702 1325 2736 nibil
1340 2700 1470 2742 statuere
1489 2715 1543 2737 vos
1562 2711 1693 2745 oportet.
1720 2706 1777 2736 Aut
1785 2701 1817 2744 fi
1833 2704 1952 2744 aliquid
1959 2712 2060 2735 contra
2074 2701 2130 2746 cos2

1246 2755 1314 2787 dem
1325 2776 1336 2792 ,
1358 2754 1517 2793 praedic‘lis
1529 2752 1701 2798 absentibus
1716 2776 1726 2792 ,
1751 2754 1905 2786 volueritis
1918 2752 2046 2794 definire
2057 2778 2068 2793 ‚
2094 2754 2132 2786 id

1245 2805 1324 2846 quod
1323 2801 1423 2843 fuerit
1434 2801 1610 2847 usurpatum
1622 2828 1632 2844 ,
1648 2808 1732 2836 irrito
1746 2801 1900 2844 evanescet
1911 2802 2011 2843 effet‘lu
2022 2827 2030 2835 .
2053 2807 2128 2836 Non

1243 2859 1323 2887 enim
1347 2854 1402 2887 illa
1423 2859 1503 2887 vires
1526 2854 1635 2887 babere
1652 2859 1761 2894 poterit
1782 2853 1914 2894 definitio
1926 2877 1937 2893 ‚
1962 2859 2009 2886 cui
2030 2852 2127 2894 nistra

1246 2903 1366 2944 testatur
1383 2906 1455 2946 jam
1471 2915 1549 2937 nunc
1570 2903 1657 2936 robur
1676 2903 1830 2942 &copiam
1850 2904 1992 2947 denegari
2009 2927 2015 2935 .
2043 2904 2127 2937 Haee

1248 2954 1342 2990 verba
1367 2954 1477 2988 laudat
1497 2954 1539 2987 D.
1566 2951 1839 2996 Archiepiscopus
1864 2977 1876 2993 ‚
1901 2953 1934 2986 δε
1955 2952 2126 2997 adjungit:

1247 3007 1400 3049 ‚Quanam
1414 3004 1514 3046 fuerit
1524 3004 1720 3036 Orientalium
1743 3014 1845 3043 mens,
1873 3002 2028 3044 manifeste
2046 3004 2130 3036 docet

1247 3055 1382 3097 Epistola
1396 3059 1585 3097 Imperatoris
1599 3053 1765 3093 constantii
1777 3077 1788 3093 ,
1813 3054 1889 3085 data
1908 3053 1954 3085 ad
1966 3054 2127 3086 Concilium

1249 3104 1433 3149 Ariminensi
1442 3129 1453 3146 ‚
1479 3104 1557 3146 quod
1566 3103 1713 3143 constabat
1723 3114 1761 3136 ex
1773 3101 1927 3146 Epifhopis
1939 3105 2105 3138 Occidentis
2116 3127 2126 3136 .

1247 3156 1445 3199 Respondeo
1455 3154 1685 3197 Imperatorem
1699 3152 1932 3187 Constantium
1954 3153 2048 3187 fuiffe
2062 3152 2127 3186 Eu-

1248 3205 1377 3241 sebiana
1401 3208 1484 3248 lepra
1497 3205 1631 3247 plenum
1643 3227 1654 3244 ‚
1680 3204 1715 3237 ἀ
1728 3202 2022 3247 Philippopolitani
2036 3203 2126 3238 Con-

1248 3255 1404 3291 venticuli
1430 3254 1629 3298 pertinacem
1651 3264 1846 3296 patronum.
1872 3253 1979 3286 Lucet
2008 3264 2050 3286 ex
2072 3251 2126 3286 Li-

1248 3306 1328 3341 berii
1355 3304 1529 3340 Pontificis
1556 3303 1598 3339 ad
1626 3303 1730 3347 ipsum
1759 3303 1929 3345 Rescripto
1958 3325 1969 3342 ,
1994 3302 2029 3337 in
2057 3311 2124 3345 quo

1249 3359 1280 3391 se
1306 3356 1347 3391 ab
1371 3355 1466 3390 omni
1492 3355 1653 3390 Romanae
1678 3352 1847 3388 Cathedrae
1881 3351 2007 3387 ambitu
2033 3352 2127 3386 fuisse

1955 3403 2078 3446 semper
