2366 3756
63 870 128 904 Λᾶ·
136 876 163 904 8.

65 1969 125 2000 [ὼ.
147 1974 176 2001 6.

63 2018 124 2050 cap.
136 2014 163 2043 6.

78 2884 111 2915 C.
127 2886 170 2915 16.

906 110 1392 155 Dic-ritus.

1900 130 1997 178 357

245 196 332 229 stum
357 191 497 225 Paulum
521 215 531 230 ,
560 191 654 226 fuiss‘e
679 191 765 226 circa
792 191 891 227 fidem
917 191 1127 225 infallibiles:
1167 192 1313 226 ltionem
1327 191 1539 237 adscriberet,
1567 193 1668 237 ipsam
1685 192 1805 239 ubique
1826 195 2003 239 publicaret
2030 201 2063 235 ὃς

240 245 426 278 Dumtaxat
456 242 568 275 adsero
599 242 706 285 ipsos,
733 241 809 275 lice‘t
827 241 1038 281 infallibiles‚
1064 243 1127 275 fine

240 293 339 327 Petro
365 302 435 325 non
457 292 595 335 potuiffe
620 291 825 336 dogmatizas
848 291 1040 335 quaestiones
1052 291 1127 325 defi-

239 344 330 378 nire.
356 342 483 378 Adsero
495 352 537 376 ex
547 340 724 375 definitivo
737 338 883 375 Decreta
905 340 1015 384 quinti
1038 340 1127 375 Con·

239 394 310 428 cilii
335 419 344 425 .
375 390 510 440 anto
531 390 690 438 Concilio
715 390 822 438 adeffe
841 413 853 431 ,
880 400 937 425 aut
958 388 1126 425 adsensum

239 444 376 489 praebere
396 441 584 477 constanter
613 439 724 475 noluit
759 439 908 486 Vigilius
932 439 1088 474 Pontifex
1114 465 1125 481 ,

239 494 431 539 protestatus
448 492 509 526 suae
528 491 594 526 sedi
607 499 792 534 competere
813 490 941 534 Syriodi
955 491 1127 525 auctorita-

238 552 306 580 tem
319 568 331 585 ,
356 544 412 577 seu
421 542 573 576 omnium
592 540 836 575 trastandorum
851 541 1044 574 relationem
1059 565 1069 582 ,
1093 540 1127 575 ἅ

238 594 280 633 de
301 593 375 637 ἱρῆς,
397 593 539 636 primum
563 591 650 634 cunass
666 590 886 634 Praerogativa
911 590 1126 635 suffragium.-

238 642 439 677 Protestatus
461 642 526 676 fine
552 640 603 677 his
628 651 699 675 non
736 639 805 674 fieri
842 637 1015 683 synodum
1036 666 1046 682 ,
1073 640 1126 675 sed

239 692 433 737 acephalum
452 690 725 726 conventiculum
748 715 756 721 .
790 690 874 724 Haec
902 690 1037 724 veritate
1064 690 1126 724 niti

239 754 358 778 norant
391 743 582 776 Graecorum
615 739 770 783 Episcopi
797 764 808 781 ,
843 739 982 784 ideoque
1004 739 1045 774 ad
1073 740 1126 773 sua

240 794 416 828 Attentata
451 789 611 825 firmanda
648 790 867 834 apposuerunt
898 791 958 824 suo
983 788 1126 824 Decreto

238 842 327 880 hanc
353 840 585 880 medicinalem
613 839 834 884 praefationem
856 852 868 874 .·
908 841 994 877 Licet
1025 838 1127 872 San&

196 916 198 918 v
237 895 372 935 spirim
388 896 495 935 gratia
532 892 567 924 Θ
593 894 671 924 circa
685 888 814 933 singular
834 888 977 931 Apostolos
994 888 1126 924 abunda-

237 949 283 976 ret
303 967 315 983 ,
354 942 388 976 θ
410 951 468 974 non
494 942 664 984 indigerent
683 942 779 974 alieno
799 937 908 981 confilio
929 940 975 973 ad
1000 948 1127 980 eavquae

238 992 356 1037 agenda
372 1000 470 1025 terant
489 1013 502 1031 ,
527 1001 587 1023 non
611 997 712 1028 tamen
737 991 828 1024 aliter
852 989 1009 1021 voluerunt
1031 987 1069 1020 de
1095 999 1126 1021 eo

238 1043 319 1085 q‘uod
328 1039 501 1081 movebatur
516 1062 527 1079 ‚
553 1037 588 1075 Si
608 1045 773 1080 oporteret
785 1045 898 1081 gentes
912 1036 1123 1078 circumcidi,

239 1092 364 1134 definire
390 1115 403 1132 ,
423 1087 601 1132 priusquam
626 1092 818 1121 communiter
840 1089 912 1127 jam
940 1091 1128 1130 congregati,

241 1145 430 1176 Divina-um
440 1142 666 1181 scripturarum
676 1135 850 1176 testimoniis
863 1133 1061 1180 unusquisque
1073 1134 1129 1179 sua

238 1191 324 1225 dida
353 1189 607 1233 confirmaverunt
622 1210 629 1218 .
657 1185 786 1221 Diserte
806 1185 1001 1229 profitentur
1026 1186 1059 1220 ἀ
1072 1186 1129 1220 sm-

237 1241 337 1289 gulos
362 1238 542 1282 Apostolos
563 1235 657 1270 fuisse
688 1237 775 1271 circa
795 1235 897 1270 fidem
919 1235 1129 1276 infallibiles,

237 1293 274 1325 ἁ
296 1299 408 1323 tamen
428 1287 574 1332 ipsorum
588 1285 717 1321 nullum
739 1287 805 1323 fine
816 1285 977 1329 Synodali
997 1296 1054 1329 pet
1070 1284 1130 1320 Pe-

237 1350 328 1376 trum
338 1339 464 1375 directo
484 1336 667 1372 Conventu
689 1336 828 1383 potuisse
841 1336 882 1371 de
906 1335 1008 1370 motis
1023 1335 1130 1370 adver-

238 1390 292 1424 sus
315 1390 418 1433 ipsam
440 1384 675 1432 quaestionibus
693 1386 863 1422 decidere.
889 1384 943 1421 Ex
968 1384 1021 1420 his
1044 1385 1130 1428 prin-

238 1440 336 1483 cipiis
349 1438 517 1484 Vigilium
536 1444 699 1471 conantur
723 1436 759 1471 in
780 1436 851 1471 suas
875 1446 981 1480 partes
994 1434 1131 1470 deduce-

239 1501 293 1525 re.
321 1489 523 1531 s’rofitentur
542 1485 818 1523 infallibilitatem
841 1487 940 1520 etiam
964 1484 1022 1530 ipfi
1040 1497 1132 1520 coru-

239 1550 350 1585 petere
370 1563 382 1580 ,
407 1538 442 1575 &
463 1537 567 1573 cuivis
588 1536 748 1574 Romano
775 1536 963 1581 Episcopo:
989 1534 1132 1570 Addunt

239 1589 304 1631 hac
323 1589 366 1624 de
390 1590 486 1624 causa
514 1586 720 1632 synodalem
757 1586 974 1622 Conventum
995 1584 1038 1620 ab
1060 1584 1132 1626 ipso

237 1647 310 1672 non
335 1638 484 1673 debuiffe
497 1637 648 1671 refutari.
677 1636 723 1669 Et
744 1634 828 1669 hinc
839 1635 930 1668 vides
952 1633 1050 1675 illos,
1073 1632 1133 1677 qui

238 1687 401 1724 Romanae
414 1684 565 1719 Ecclefiae
574 1681 850 1718 infallibilitatem
874 1683 908 1717 δε
926 1682 1131 1729 generalium

239 1736 454 1779 Synodorum
467 1732 687 1769 neceffitatem
698 1730 889 1765 existimant
915 1741 984 1764 non
994 1730 1133 1766 cohaere-

238 1797 297 1826 re,
325 1783 494 1829 insigniter
518 1779 713 1815 hallucinari
734 1804 741 1815 .
770 1779 814 1815 Et
837 1776 973 1823 quidem
994 1779 1132 1816 adducta

240 1835 338 1870 verba
360 1845 430 1868 non
454 1833 530 1867 sunt
551 1829 648 1874 hujus
674 1839 731 1865 aut
753 1829 847 1865 istius
857 1827 1016 1874 Episcopi
1026 1832 1132 1866 suffra·

238 1885 334 1930 gium
346 1908 357 1926 ‚
376 1883 429 1919 sed
443 1884 518 1918 sunt
531 1881 632 1917 totius
643 1879 790 1915 Conciiii
800 1880 979 1914 Decretum
993 1903 1000 1911 .
1026 1879 1130 1927 Qud

239 1935 300 1970 ista
313 1932 551 1979 Apostolorum
563 1930 782 1975 congregatio
800 1941 870 1964 non
894 1938 1054 1964 mercatur
1076 1931 1133 1971 Sy·

240 1985 324 2020 nodi
349 1993 492 2023 nornen,
519 1979 606 2025 apud
629 1980 828 2023 sylvestrum
849 1978 1073 2024 Sguropulum
1092 1980 1129 2013 in

240 2033 429 2074 Florentini
451 2030 600 2066 Concilii
621 2030 772 2065 Historia
793 2029 882 2064 male
902 2027 989 2062 dixit
1000 2027 1134 2063 Marcus

239 2084 390 2121 Antistes
402 2080 618 2125 Ephesiorum
630 2104 638 2112 .
665 2080 711 2112 Et
721 2078 813 2121 quod
834 2077 1022 2111 Cardinalis
1036 2076 1132 2118 Julia-

240 2146 303 2171 nus
321 2133 501 2167 Caesatinus
530 2128 583 2162 isti
609 2126 793 2166 Baradoxo
819 2125 905 2159 nihil
930 2126 1131 2170 reposuerit,

241 2185 331 2219 idem
344 2179 504 2225 Sylvester
516 2167 636 2212 mersto
648 2175 824 2211 admiratur
843 2200 852 2209 .

292 2234 370 2267 Hac
382 2227 480 2274 porro
494 2229 527 2262 in
541 2226 681 2270 Synodo
692 2227 827 2261 Sanetus
851 2225 967 2260 Petrus
988 2223 1130 2271 Aposto-

243 2279 417 2318 lus1ucide
442 2279 573 2314 sanetus
596 2277 642 2312 est
657 2276 770 2311 officio
782 2276 932 2311 Romani
956 2275 1131 2320 Episcopi.

242 2334 290 2369 Et
301 2329 462 2368 tractanda
472 2327 643 2372 proposuit
653 2351 664 2368 ,
688 2326 723 2361 ὅ(
736 2325 777 2360 de
794 2325 870 2370 ipsis
888 2323 976 2360 dixit
988 2326 1130 2369 primum

245 2394 321 2419 cum
345 2378 564 2424 Praerogativa
587 2376 776 2422 suffragium
798 2401 805 2408 .
843 2375 887 2409 Et
909 2375 951 2410 de
972 2375 1129 2418 synodali

246 2434 288 2469 ad
309 2431 368 2466 ista
391 2429 567 2475 quaestione
598 2424 762 2463 turbatam
784 2423 1033 2461 Antiochenam
1069 2426 1130 2461 Ec-

245 2482 377 2519 clefiam
397 2478 576 2515 transmisso
598 2477 743 2513 Decreto
768 2475 875 2521 pergit
896 2476 1034 2510 Sanctus
1065 2476 1129 2510 Lu-

245 2543 328 2568 cas:
356 2531 408 2564 1112
425 2554 438 2570 ‚
463 2527 646 2571 Synodales
665 2525 783 2574 Legati
808 2549 820 2566 ,
846 2526 949 2565 dimiffi
979 2523 1129 2568 descende-

245 2589 316 2617 runt
336 2579 546 2619 Antiochum,
573 2580 607 2612 Θ
623 2584 797 2621 congregata
817 2575 1014 2609 multitudine
1033 2577 1129 2609 tradi-

246 2635 355 2667 derunt
384 2628 548 2672 Epistulam
570 2652 577 2660 .
605 2627 712 2670 ,Quam
734 2637 801 2660 cum
836 2626 963 2669 legissent
988 2648 1000 2665 ,
1034 2623 1131 2669 gavit}

244 2681 317 2726 sunt
334 2678 427 2722 super
448 2675 658 2721 consolatione.
683 2675 846 2710 Etinfra:
875 2674 992 2708 Paulus
1007 2683 1128 2717 peram-

249 2730 372 2766 bulabat
396 2730 509 2767 syriam
534 2729 568 2762 (τ
588 2727 744 2766 Ciliciam,
771 2725 946 2767 confirmans
960 2724 1103 2767 Ecclefias
1117 2751 1128 2766 ,

246 2783 425 2825 praect'plens
436 2776 572 2817 custodire
584 2780 740 2818 Praecepta
763 2773 954 2817 Apostolorum
978 2776 1014 2809 ὰ
1033 2777 1130 2810 senio-

250 2842 337 2866 rum.
365 2830 410 2863 Et
422 2828 457 2861 in
470 2826 615 2869 sequenti
637 2827 759 2869 capite:
788 2828 866 2858 Cum
880 2818 1072 2866 pertranffret
1093 2832 1130 2860 ct-

250 2887 388 2918 vitates,
413 2875 553 2912 tradebat
563 2881 605 2909 ets
617 2875 753 2917 custodire
764 2876 905 2919 dogmata
916 2899 928 2915 ‚
952 2886 1021 2917 quae
1043 2886 1130 2911 eram

252 2936 381 2965 Decreta
391 2928 431 2962 ab
443 2925 581 2970 Apostoli:
606 2925 810 2960 &senioribus
822 2949 833 2966 ,
858 2933 910 2968 qut
934 2933 1021 2959 erant
1032 2931 1130 2960 Hiero-

248 2981 364 3025 solymis
379 3003 387 3011 .
424 2976 553 3012 Laudat
579 2974 777 3019 Apostolum
802 3000 814 3016 ‚
839 2973 927 3018 quod
952 2986 1023 3012 non
1049 2975 1131 3017 fibi,

254 3031 308 3066 sed
319 3027 519 3076 Apostolicae
531 3023 668 3070 Synodo
679 3024 764 3062 hanc
787 3025 1007 3072 dogmaticam
1018 3025 1131 3063 defini-

567 3224 824 3298 ffiiffi}

1187 243 1408 285 exsequeretur
1426 265 1437 282 ,
1462 255 1499 278 ac
1522 245 1610 277 suam
1630 255 1698 278 tam
1720 247 1910 288 praeteritam
1930 271 1940 288 ,
1965 247 2065 290 judai-

1189 293 1333 327 zantium
1370 293 1450 327 dura
1486 293 1711 329 intercessione
1737 295 1900 329 turbatam
1922 320 1933 336 ‚
1965 297 2063 341 quam

1190 342 1371 385 praesentem
1394 341 1659 386 praedicationem
1682 355 1722 377 ex
1744 345 1810 387 ipsa
1824 345 2030 381 confirmaret
2054 373 2062 379 .

1190 389 1294 437 Qod
1311 393 1416 435 ipsum
1435 391 1551 426 diserte
1577 393 1610 427 &
1638 392 1727 427 varie
1748 395 1918 437 profitetur
1942 395 1976 429 ὅ(
1996 397 2063 439 ipse

1189 440 1309 476 Paulus
1336 442 1371 475 in
1394 441 1541 485 Epistola
1561 442 1602 476 ad
1626 441 1761 478 Galatas
1788 469 1794 476 .
1834 443 1991 480 Palmatis
2012 446 2062 480 illi

1188 492 1301 534 scopus
1313 490 1356 524 est
1369 516 1380 532 ,
1408 502 1443 525 ut
1453 491 1653 526 demonstret
1678 494 1767 527 suam
1790 495 1823 527 in
1839 493 1967 529 Galatia
1988 506 2063 539 prae-
2080 493 2084 496 ’

1187 539 1388 575 dicationem
1401 542 1460 576 effe
1473 550 1561 575 nunc
1573 540 1779 584 Synodaliter
1801 544 1958 579 firmatam
1978 544 1996 578 ὲ
2008 545 2064 579 Ρε-

1188 599 1239 623 tro
1265 592 1300 627 &
1324 590 1396 624 aliis
1407 590 1597 635 Apostolis,
1624 590 1765 636 ideoque
1787 603 1949 636 perperam
1972 595 2066 630 fuisse

1188 640 1352 684 culpatam
1365 639 1652 683 {judaizantibuz
1677 642 1712 677 δε
1735 641 1796 687 hos
1815 641 1911 678 stulte
1930 642 1949 676 a
1972 645 2066 679 Gala-

1188 691 1230 725 tis
1256 689 1404 725 auditos.
1430 690 1512 724 Non
1533 690 1672 734 amplius
1691 692 1862 728 contendit
1887 703 1943 728 aut
1963 693 2067 738 dispu-

1189 749 1261 781 tat,
1287 739 1341 774 sed
1353 740 1452 783 pleno
1465 739 1702 787 imperiojubet
1728 742 1882 787 &cogit.
1909 743 2004 791 Qin
2031 744 2064 778 δε

1192 789 1362 824 invectivis
1387 789 1532 824 abundat
1567 790 1714 833 Epistola
1749 803 1757 822 ι
1795 792 1929 826 Galatas
1955 793 2067 828 titulat

1188 838 1331 881 stultos,
1361 840 1564 880 insensatos,
1589 840 1781 874 fascinatos.
1807 841 1863 874 De
1874 841 2068 884 praedicatio-

1191 889 1242 923 nis
1263 889 1324 923 suae
1334 889 1491 924 firmitate
1514 900 1582 924 non
1595 889 1705 924 minus
1715 889 1791 924 ante
1813 890 1910 934 quarn
1923 891 1993 934 post
2012 893 2069 936 Sy-

1192 938 1318 973 nodum
1329 950 1397 974 erat
1410 950 1514 974 certus
1528 949 1549 972 ε4
1564 939 1671 974 Unde
1682 940 1784 985 igitur
1794 939 1965 975 dumtaxat
1980 952 2069 976 nunc

1189 988 1292 1024 utitur
1313 998 1407 1025 tanto
1436 989 1584 1033 impetu?
1611 988 1680 1024 Cur
1702 990 1802 1033 usque
1836 990 1876 1025 ad
1897 991 2069 1034 Synodum

1192 1048 1261 1070 non
1300 1038 1469 1074 damnavit
1506 1039 1638 1074 Galatas
1659 1064 1672 1082 ,
1705 1040 1758 1074 sed
1773 1039 1958 1083 jndaizandi
1978 1039 2072 1075 liber-

1192 1095 1292 1121 tatem
1312 1087 1377 1120 illis
1400 1089 1485 1130 quali
1506 1089 1639 1124 indulsit
1662 1091 1676 1126 ?
1703 1088 1804 1137 Quod
1827 1097 1906 1124 tunc
1928 1091 2072 1125 censeret

1191 1136 1278 1173 solus
1295 1160 1306 1177 ,
1330 1136 1471 1178 ideoque
1497 1148 1556 1171 nec
1577 1138 1713 1173 definire
1738 1139 1841 1184 posset
1862 1147 1971 1174 motas
1989 1150 2073 1182 quae-

1191 1186 1332 1227 stiones,
1359 1198 1420 1220 nec
1434 1187 1577 1230 ipsarum
1587 1187 1685 1221 duros
1697 1198 1853 1222 tutatores
1872 1189 1971 1231 pleno
1990 1189 2075 1232 judi·

1191 1236 1245 1271 cio
1266 1236 1470 1279 compescere
1492 1260 1499 1270 .
1530 1237 1574 1270 Et
1594 1236 1768 1279 adjunxit:
1795 1240 1882 1271 Licet
1908 1249 1961 1271 nos
1981 1260 1993 1276 ,
2017 1246 2075 1275 aut
2087 1227 2122 1257 C·
2141 1237 2168 1258 ¹·

1194 1287 1319 1330 Angelus
1332 1286 1369 1319 de
1381 1288 1448 1319 coelo
1458 1284 1638 1328 evangelizet
1662 1286 1749 1319 vobis
1769 1294 1974 1329 praeterquam
1995 1288 2076 1329 quod

1192 1335 1470 1380 evangelizavimus
1485 1359 1496 1375 ,
1518 1334 1679 1368 anathema
1693 1334 1751 1377 fit.
1783 1335 1947 1370 Adfirmat
1971 1336 2076 1380 Syno-

1193 1386 1265 1422 dale
1283 1385 1371 1420 Petri
1391 1384 1551 1429 judicium
1578 1395 1636 1419 nec
1660 1385 1678 1418 a
1699 1386 1752 1426 se,
1779 1396 1839 1420 nec
1848 1386 1890 1421 ab
1900 1386 1972 1421 ullo
1984 1386 2077 1433 Apo·

1195 1436 1300 1477 stolo,
1325 1435 1430 1471 immo
1450 1446 1509 1469 nec
1532 1436 1550 1470 a
1572 1435 1695 1483 Sanstis
1708 1434 1850 1479 Angelis
1869 1437 1960 1480 poffe
1981 1446 2078 1472 retra·

1193 1486 1286 1520 stari.
1312 1484 1412 1521 Adeo
1434 1486 1571 1529 antiqua
1595 1495 1694 1527 atque
1715 1486 1852 1521 fundata
1866 1485 1912 1521 est
1926 1485 2076 1530 Synodo·

1194 1546 1268 1568 rum
1277 1535 1451 1569 austeritas
1463 1559 1472 1569 .

1243 1582 1298 1616 De
1317 1583 1426 1618 Sancti
1447 1581 1538 1618 Petri
1564 1582 1598 1618 in
1627 1582 1797 1627 Iudaicam
1835 1585 2079 1622 simulationem

1195 1632 1282 1678 lapsu
1296 1633 1407 1667 scribit
1418 1633 1454 1669 in
1465 1632 1581 1669 litteris
1596 1632 1639 1669 ad
1660 1634 1814 1669 Sannum
1825 1636 2077 1680 Hieronymum

1195 1683 1328 1717 Sanctus
1352 1681 1575 1728 Augustinus:
1604 1686 1704 1728 Magts
1728 1684 1861 1718 arbitror
1884 1685 1935 1719 boc
1953 1689 2078 1721 Petrum

1187 1732 1286 1776 fecisse
1303 1740 1373 1769 ante
1397 1734 1477 1767 illud
1500 1732 1790 1778 Hierosolymitanum
1813 1737 1973 1770 Concilium
1993 1762 2001 1770 .
2028 1736 2078 1772 At
2095 1717 2232 1758 Epist‘m‘

2092 1768 2158 1797 cap.
2180 1770 2206 1790 ι.

1196 1782 1295 1827 longe
1316 1782 1431 1821 redtius
1443 1782 1478 1816 in
1498 1783 1636 1819 laudatis
1645 1786 1737 1828 super
1748 1784 1931 1831 Epistolam
1951 1787 1992 1821 ad
2014 1787 2078 1821 Ga!

1197 1833 1278 1867 latas
1307 1833 1556 1869 commentariis
1575 1833 1813 1869 Theodoretus
1830 1834 1982 1871 adfirmat
2000 1847 2080 1871 con-

1193 1882 1301 1928 tigiffe
1319 1883 1390 1928 post
1416 1883 1627 1919 Concilium.
1657 1885 1740 1919 Haec
1760 1884 1856 1919 Pauli
1879 1885 1922 1920 ad
1944 1885 2079 1920 Petrum

1193 1932 1291 1966 verba
1314 1957 1327 1972 ,
1361 1935 1518 1976 Quomodd
1533 1942 1641 1979 gentes
1665 1940 1744 1978 cogis
1764 1936 1928 1976 judaizare
1949 1960 1959 1976 ‚
1991 1946 2080 1971 corn-
2092 1949 2129 1980 (ζ.
2155 1959 2184 1983 4·

1193 1989 1376 2016 mentatut:
1404 1985 1500 2015 Tuum
1517 1984 1556 2024 est
1578 1988 1734 2018 Decretum
1747 2008 1758 2024 ,
1782 1996 1819 2019 ne
1841 1985 1874 2019 bi·
1898 1998 1937 2019 ex
1955 1989 2017 2031 lege
2035 1992 2083 2020 vt-

1193 2038 1273 2061 vant
1287 2054 1295 2061 .
1321 2031 1458 2065 Petrum
1475 2030 1597 2067 Paulus
1617 2033 1725 2077 arguit
1746 2056 1756 2073 ,
1782 2034 1876 2076 quod
1902 2038 1996 2069 suum
2016 2036 2082 2079 ipse

1193 2077 1372 2112 Decretum
1397 2080 1669 2122 praevaricaretut.
1698 2082 1743 2116 Et
1770 2080 1848 2117 hinc
1861 2083 1990 2118 videtur
2008 2085 2082 2119 scri-

1193 2126 1303 2171 pfiffe:
1328 2128 1359 2159 Β
1387 2138 1461 2166 nos,
1486 2137 1537 2161 aut
1558 2139 1616 2160 non
1638 2126 1731 2170 solum
1752 2131 1861 2163 Petrus
1879 2155 1891 2170 ,
1912 2132 1973 2174 sed
1990 2141 2082 2169 etiam

1191 2182 1259 2219 quis
1269 2178 1307 2210 de
1319 2177 1386 2210 coelo
1395 2178 1525 2221 Angelus
1537 2178 1624 2211 allud
1632 2178 1815 2221 evangelizet
1827 2203 1837 2220 ‚
1864 2181 2028 2216 anathema
2032 2184 2079 2226 fit.

1195 2227 1282 2261 Petri
1297 2227 1403 2270 lapsus
1423 2227 1550 2262 videtur
1585 2227 1723 2262 firmasse
1748 2227 1884 2265 Galatas
1905 2231 1939 2265 in
1951 2243 2079 2275 errore,

1194 2276 1334 2321 ideoque
1345 2286 1412 2310 tam
1425 2288 1529 2311 acrem
1552 2276 1752 2312 medicinam
1773 2279 2005 2325 expostulasse.
2033 2284 2078 2318 Et

1194 2326 1270 2361 sane
1294 2327 1317 2360 fi
1330 2327 1502 2370 profanum
1517 2326 1740 2368 Chaunum,
1764 2338 1860 2371 quem
1884 2329 1981 2374 hujus
2001 2345 2080 2367 con-

1193 2376 1352 2411 tentionis
1373 2377 1467 2411 fuisse
1487 2376 1703 2420 judaizantem
1726 2371 2023 2416 austorem‘scribrt
2042 2384 2078 2416 in

1196 2427 1337 2464 Panario
1347 2426 1482 2461 Sanstus
1495 2426 1699 2471 Epiphanius
1710 2452 1721 2469 ,
1746 2428 1781 2462 δε
1793 2428 1938 2466 [εάυᾶὶος
1949 2432 2072 2476 abi—pso

1174 2519 1178 2523 ἢ
1196 2476 1350 2517 Galatas,
1378 2476 1412 2510 in
1434 2477 1493 2511 suo
1516 2478 1609 2511 sensu
1631 2477 1819 2519 abundare,
1844 2480 1878 2513 ὃς
1903 2480 1944 2515 ad
1968 2483 2072 2525 Syno·
2092 2474 2206 2506 55²⁸·
2220 2488 2247 2511 C·

1191 2525 1271 2561 dum
1292 2537 1468 2570 provocare
1492 2527 1634 2570 permifit
1655 2536 1732 2563 ante
1756 2528 1925 2564 laudatum
1951 2532 2071 2567 Decre-
2093 2524 2189 2552 ²‘3'4'

1191 2587 1262 2611 tum
1275 2576 1410 2612 Sandius
1424 2576 1545 2611 Paulus
1555 2602 1566 2618 ,
1590 2578 1762 2622 quomodo
1776 2579 1954 2615 Primatem
1978 2583 2071 2617 suum

1191 2626 1323 2661 Petrum
1348 2628 1583 2671 praesumpfiffet
1607 2628 1761 2663 damnare
1781 2630 1794 2663 ?
1826 2630 1961 2665 Interim
1982 2633 2072 2667 lucet

1192 2687 1253 2712 nec
1264 2676 1403 2711 Paulum
1417 2701 1428 2718 ‚
1453 2688 1515 2712 nec
1527 2677 1709 2721 quemlibet
1721 2679 1920 2723 Apostolum
1935 2682 2072 2725 potuisse

1190 2727 1257 2761 fine
1279 2725 1380 2762 Petro
1390 2726 1432 2761 de
1453 2727 1551 2762 motis
1562 2728 1598 2762 in
1621 2726 1744 2774 dogma
1754 2729 1986 2772 quaestionibus
1996 2732 2073 2765 defi-

1192 2777 1278 2812 nire.
1306 2778 1385 2811 Hoc
1396 2778 1494 2812 etiarn
1505 2787 1585 2813 tunc
1599 2779 1756 2822 privative
1776 2777 1933 2822 spectabat
1957 2781 1997 2816 ad
2012 2782 2071 2815 Pe-

1191 2827 1231 2862 tri
1243 2826 1262 2861 ὁ
1275 2825 1434 2871 synodali
1446 2826 1609 2862 Cathedra
1629 2827 1806 2871 judicium.
1835 2830 1879 2864 Et
1899 2828 1985 2865 hanc
1999 2843 2071 2875 prae-

1192 2877 1376 2922 rogativam
1398 2878 1544 2912 omnino
1565 2878 1622 2912 ille
1635 2878 1778 2913 firmavit
1798 2879 1831 2913 in
1849 2881 1904 2913 sua
1920 2881 2070 2914 Romana

1192 2925 1356 2962 Cathedra
1368 2952 1376 2961 .
1403 2927 1447 2961 Et
1463 2929 1508 2963 ita
1519 2929 1640 2972 semper
1655 2928 1788 2972 professa
1799 2930 1861 2962 fuit
1873 2931 1982 2964 omnis
1994 2940 2070 2967 vera

1193 2976 1423 3014 Christianitas
1446 3003 1453 3011 .
1489 2979 1689 3023 Oppositum
1724 2978 1771 3012 est
1797 2977 1984 3016 damnanda
2009 2990 2071 3014 no-

1194 3037 1294 3063 vitas.

1499 3227 1764 3300 ffiiffi}

1844 3376 2020 3415 GANON
