2366 3756
863 142 1359 188 DICTA-rus.

1851 153 1945 197 215

131 261 133 263 ,
192 226 392 274 'juffitetiam
406 223 510 261 sextus
520 225 638 261 Canon
653 225 828 259 Nicaenus.
855 222 949 259 Hinc
963 222 1070 259 forsan
1135 220 1207 264 ejus
1229 221 1456 265 Episcopalem
1478 218 1636 256 thronum
1659 221 1855 257 suceeffione
1876 239 1900 263 ,Δ
1917 220 1972 256 sed
1997 220 2018 257 ὶ

193 281 293 315 etiam
303 277 503 311 faeritasuis
524 275 672 314 titulatus
682 274 769 321 Papa
782 299 790 306 .
817 270 990 321 Qudquid
1011 271 1072 310 fit,

196 330 239 364 de
257 327 402 373 praesenti
427 325 581 371 Gregorii
605 325 730 373 septimi
754 321 874 359 Edicto
895 320 1002 356 scribit
1036 321 1070 354 in

195 379 260 414 suis
276 378 318 414 ad
340 378 533 414 Romanum
553 373 832 423 Martyrologium
855 372 947 407 notis
959 369 1071 406 Cardi-

147 461 149 464 .
194 429 282 466 malis
292 428 395 464 Caesar
406 427 567 465 Batonius
581 438 588 463 ;
615 425 761 471 ,Quodad
773 426 870 469 Papae
884 433 986 459 nomen
1004 430 1074 464 per-

29 925 74 963 po-
99 914 163 956 Ian.

32 2776 91 2809 1³01.
122 2786 148 2816 5.

195 485 296 523 unet,
320 489 387 513 cum
402 477 522 524 futuris
546 474 720 518 temporibus
742 473 903 516 obtinutffiet
916 476 1072 508 communis

196 528 268 574 usus
281 552 292 570 ,
317 536 350 562 ut
361 528 563 567 tontummodb
576 530 704 562 Romano
724 524 902 559 tribueretur
916 524 1053 565 Pontifiel
1064 547 1074 563 ,

197 581 235 614 er
250 576 426 622 schismatici
450 577 529 610 illud
541 575 597 618 fibi
619 581 652 611 m
672 574 771 609 odium
793 571 924 616 ejusdem
944 576 1074 606 Romani

198 626 434 673 Praesulisfastu
440 625 565 670 superbo
577 625 764 660 vindicarent
775 648 787 665 ‚
811 625 931 666 aliaque
943 634 1001 656 non
1011 632 1074 659 eon-

197 678 267 722 ‘ff‘
274 675 486 721 praesumerent
495 700 505 716 ,
532 679 687 720 Gregorius
692 671 834 721 septimus
852 673 958 712 babuit
971 676 1073 706 Romae

199 729 343 768 synodum
362 728 508 761 adversas
525 724 722 770 schJsmaticos
745 747 756 764 ,
797 724 847 758 ubi
874 722 982 764 statuit
1000 727 1077 762 inter

198 781 261 812 atta
269 780 361 821 plura
373 802 384 818 ‚
409 787 443 812 ut
455 780 551 819 Paepae
562 786 664 809 nomen
675 779 791 812 unicum
801 774 865 817 effer
885 779 919 807 ln
938 770 1076 816 universo

198 829 268 866 orbe
279 827 461 867 Christiano,
488 838 541 860 nec
559 828 658 864 liceret
678 826 764 858 alicui
768 822 899 868 seipsum
923 824 975 857 vel
984 823 1077 861 alium

198 889 231 916 eo
257 883 370 912 nomine
389 877 558 921 appellare.
585 877 779 920 Supremam
805 886 843 909 ac
863 872 1077 915 universalem

199 929 364 966 Romanae
394 927 543 961 Ecclefiae
574 924 756 959 Primatum
790 925 895 969 prima
932 921 1078 965 arietavit

200 976 384 1014 Eusebiana
408 977 609 1015 Arianorum
620 976 739 1014 fastio,
766 975 931 1009 affirmans
953 972 1083 1013 univer·-

198 1028 277 1064 salis
299 1027 444 1065 Ecclesiae
461 1026 607 1072 regimen
629 1035 697 1059 non
709 1021 967 1065 Monarchicum
994 1019 1055 1062 esse
1068 1045 1079 1064 ‚

199 1076 256 1114 sed
279 1077 548 1117 Aristocraticum
570 1100 582 1117 ,
608 1074 743 1111 Christo
763 1074 917 1108 Domino
940 1060 1097 1112 divisum}

200 1138 296 1173 atquo
310 1127 379 1175 jure
401 1128 435 1164 in
455 1138 537 1168 tres,
565 1126 712 1172 quitunc
723 1125 783 1159 soli
805 1133 919 1166 erant,
945 1122 1083 1159 Patriarv

200 1177 280 1213 chas
300 1189 309 1210 ε
335 1178 528 1217 Romanum
563 1173 583 1218 ,'
600 1174 883 1217 Alexandrinum,
907 1173 941 1206 &
961 1171 1082 1213 Antio·

201 1226 344 1262 ebenum
368 1253 375 1260 .
402 1228 528 1266 Eorum
548 1237 712 1272 quemque
732 1225 767 1259 in
789 1225 845 1258 sua
866 1222 1007 1266 Dioeeesi
1018 1222 1082 1264 else

202 1278 403 1322 supremum.
433 1275 813 1318 Constantinopolitanae
824 1273 972 1314 Ecclesiae
991 1271 1077 1313 adul-

202 1336 252 1362 ter
270 1326 411 1361 Photius
430 1326 476 1367 est
498 1325 598 1360 aliam
629 1324 785 1369 ingressus
799 1323 904 1358 viam:
932 1321 1081 1365 Ecclesiae

203 1376 389 1414 Primatum
409 1400 421 1421 ‚
446 1387 518 1414 non
536 1375 555 1415 a,
577 1375 686 1415 Sancti
706 1374 796 1416 Petri
816 1372 939 1415 meritis
963 1382 1020 1408 aut
1045 1372 1080 1407 in

1139 273 1245 317 Regia
1258 272 1402 310 Romani
1424 271 1557 315 Imperii
1578 272 1708 306 civitate
1729 271 1869 316 pendere
1884 271 1993 306 voluit
2006 295 2020 313 ,

1140 322 1278 366 ideoque
1288 333 1365 356 cum
1379 321 1605 369 Imperialibus
1615 320 1793 367 privilegiis
1804 321 1904 356 etiam
1916 321 2021 366 Papa-

1138 373 1181 406 lia
1210 371 1379 416 privilegia
1401 371 1591 414 jampridem
1612 373 1723 411 Roma
1737 371 2022 416 Constantinopo-

1138 422 1194 456 lim
1206 422 1357 467 migrasse
1368 446 1375 453 .
1401 420 1495 455 Hinc
1509 421 1541 455 se
1551 421 1637 460 dixit
1649 420 1871 461 Patriarcham
1891 423 2021 456 univer·

1137 472 1235 506 salem
1249 483 1317 507 non
1329 470 1445 517 quovis
1457 471 1550 504 sensu
1563 494 1575 510 ,
1602 469 1656 504 sed
1667 481 1763 515 caput
1787 473 1821 506 ἀ
1833 471 2020 515 Principem

1136 524 1287 560 omnium
1300 519 1562 560 Patriarcharum
1572 544 1580 558 ,-
1609 520 1711 569 Qod
1720 521 1825 564 ipsum
1837 522 1936 558 Nilus
1949 522 2021 557 Do·

1137 571 1307 616 xopatrius
1318 593 1330 611 ‚
1355 569 1502 610 Michael
1515 568 1701 609 Anchialus
1715 594 1726 612 ‚
1753 570 1853 605 Anna
1877 573 2024 606 Comne-

1139 633 1180 655 na
1194 645 1206 661 ‚
1231 620 1352 665 aliique
1365 620 1457 660 istius
1468 619 1646 661 schismatis
1661 622 1805 659 fautores
1820 620 1960 668 probant
1986 622 2022 656 δε

1140 672 1263 706 firmare
1283 681 1464 710 conantur.
1493 670 1564 705 Alii
1595 681 1704 705 tamen
1718 671 1752 704 in
1773 681 1868 717 capta
1887 682 1942 716 per
1954 671 2024 705 Go-

1139 720 1214 756 thos
1226 720 1304 760 urbe
1314 745 1326 764 ‚
1352 719 1408 761 alii
1423 721 1458 754 in
1473 720 1679 763 Imperatoris
1691 719 1868 765 Augustuli
1890 717 2024 760 morte,

1139 771 1194 805 alii
1218 771 1287 807 alio
1305 780 1451 817 tempore
1476 768 1630 810 dixerunt
1668 771 1902 814 migrationem
1927 770 2024 805 istam

1140 821 1279 856 evenifl‘e
1293 845 1302 854 .
1333 820 1484 861 Eandem
1506 820 1676 855 audaciam
1700 830 1804 865 nuper
1827 821 2026 855 resuscitarat

1142 868 1330 911 Patri-archa
1360 869 1509 915 Michael
1522 869 1706 905 cerularius
1719 893 1730 911 ,
1750 866 1889 908 ¹asserens
1910 881 2026 904 omnes

1142 919 1342 961 Patriarchas
1362 921 1419 963 fibi
1439 921 1503 956 esse
1527 919 1705 964 subjectos.
1734 919 1832 959 Error
1841 920 2026 958 etiamnum

1142 970 1279 1006 durabat
1300 969 1365 1012 hoc
1388 980 1558 1014 tempore,
1583 970 1727 1014 ideoque
1747 969 1897 1005 adversus
1921 970 2028 1014 ipsum

1142 1020 1248 1063 edixit
1260 1020 1438 1065 ,Gregorius
1451 1021 1605 1064 septimus
1618 1020 1738 1064 Papale
1750 1031 1869 1060 nomen
1883 1020 1945 1054 effe
1958 1019 2030 1054 uni-

1143 1071 1266 1113 cumiu
1276 1069 1432 1113 mundo,
1458 1081 1519 1105 nec
1530 1071 1617 1115 posse
1626 1073 1689 1106 effe
1698 1069 1786 1111 aliud
1801 1096 1812 1112 ,
1838 1080 1936 1114 quam
1962 1068 2032 1103 Ro-

1144 1132 1298 1156 manum.
1325 1119 1440 1161 pacis,
1466 1131 1566 1164 quam
1586 1120 1736 1161 Michael
1758 1121 1870 1155 Ducas
1894 1120 2034 1164 Impera-

1144 1183 1197 1206 tor
1223 1170 1381 1212 instanter
1402 1171 1560 1215 urgebat,
1585 1168 1650 1204 hoc
1678 1171 1741 1205 effe
1764 1170 1871 1205 voluit
1888 1171 2034 1214 primum

1145 1221 1396 1256 fundamentum
1410 1245 1418 1253 .
1444 1221 1555 1267 Qare
1567 1231 1621 1264 per
1633 1218 1731 1264 Papae
1745 1229 1868 1254 nomen
1882 1230 1952 1254 non
1965 1229 2035 1254 tam

1145 1272 1279 1307 titulum
1303 1271 1447 1318 intelligi
1471 1269 1625 1307 existimo
1655 1294 1669 1313 ‚
1694 1280 1795 1315 quam
1819 1269 1974 1305 virtutem
2000 1270 2035 1304 &

1146 1321 1360 1367 potestatem.
1424 1322 1427 1325 ’

460 1662 1378 1754 CANON
1548 1666 1769 1753 XII.

206 1851 458 1997 QUod
494 1854 623 1922 Papae
658 1851 788 1903 liceat
823 1854 1111 1923 Imperatores

391 2065 883 2114 Senottou.
1101 2067 1111 2211 1

271 2211 412 2246 Cabiosa
422 2209 468 2245 est
482 2208 549 2244 haec
561 2207 716 2253 quaestio,
741 2218 814 2244 orta
839 2217 895 2243 aut
917 2209 1023 2246 vetius
1043 2221 1089 2244 re-

298 2259 449 2295 suscitata
484 2269 525 2293 ex
547 2259 634 2293 fabio
655 2259 812 2304 Gregorii
834 2258 962 2302 septimi
987 2285 999 2304 ,
1031 2260 1088 2304 qui

205 2308 394 2345 Henricum
403 2318 555 2354 quartum
578 2309 764 2344 Germaniae
775 2309 990 2353 Regem42ae
1013 2310 1089 2345 Ele-

206 2361 294 2394 &um
302 2360 531 2403 Imperatorem
543 2383 554 2398 ‚
582 2359 887 2394 excommunicarat
899 2383 911 2399 ,
936 2361 1022 2395 acin
1033 2371 1090 2395 ex-

204 2409 511 2446 communicatione
536 2409 570 2443 &
591 2408 799 2443 contumacia
825 2410 995 2445 soetentem
1017 2419 1088 2447 tan-

205 2458 284 2495 dem
294 2458 495 2506 degradarat.
523 2458 605 2492 Non
619 2458 724 2493 solum
738 2459 971 2494 Germanicum
983 2460 1087 2504 impe-

205 2509 292 2544 rium
303 2534 315 2551 ‚
341 2509 394 2544 sed
405 2509 515 2544 omnis
525 2508 751 2544 Occidentalis
768 2509 911 2543 Ecclesia
931 2511 993 2544 fuit
1009 2509 1087 2544 hinc

205 2558 309 2595 divisa
335 2559 372 2594 in
409 2568 515 2602 partes
537 2582 549 2598 ,
584 2559 619 2592 ὅ(
638 2557 773 2601 quidam
805 2558 965 2603 Gregorii
980 2561 1088 2595 aetum

206 2608 292 2644 adeo
324 2607 552 2651 improbarunt
572 2631 583 2647 ,
619 2618 656 2642 ut
677 2608 818 2642 Henrici
848 2607 974 2644 throno
997 2611 1087 2654 super

206 2657 396 2702 impositum
418 2654 636 2702 Rudolphum
658 2657 780 2693 Sueviae
808 2658 939 2695 Ducem
963 2659 1088 2695 ironice

208 2709 391 2742 vocitarent
411 2711 521 2752 Regem
540 2709 735 2742 clericorum.
767 2709 892 2743 Eorum
914 2721 999 2744 unus
1023 2711 1086 2747 fuit

208 2757 391 2795 veneticus
409 2757 624 2793 Vercellenfis
648 2758 850 2802 Episcopus,
877 2759 911 2794 in
931 2760 1023 2795 edito
1044 2760 1086 2795 de

207 2806 433 2845 conservanda
453 2807 597 2843 Ecclefiae
621 2809 747 2844 unitate
774 2809 857 2844 libro
876 2810 1085 2848 exclamans:

207 2862 332 2903 ,Quaerit
365 2868 443 2890 nunc
464 2858 572 2900 anquis
596 2858 770 2902 Pontificum
804 2862 945 2903 deponere
969 2861 1086 2903 populo-

205 2920 272 2943 rum
295 2911 481 2949 Principem,
510 2908 591 2950 quod
610 2908 647 2949 est
667 2916 796 2944 excitare
814 2909 898 2954 quasi
916 2913 1084 2945 incendium

205 2960 252 2992 ad
280 2957 496 2999 destruffionem
537 2957 732 3000 Ecclefiaerum
763 2985 771 2992 .
823 2960 990 2996 Asseverat
1022 2963 1085 2996 effe

206 3007 392 3043 inauditam
413 3009 595 3042 novitatem
616 3020 623 3039 :
650 3008 756 3054 Reges
772 3011 834 3046 effe
850 3010 980 3046 Divino
1003 3011 1086 3054 judi-

207 3059 265 3093 cio
278 3057 475 3096 reservatos,
502 3056 640 3102 ideoque
651 3065 713 3093 nee
729 3061 775 3095 ob
798 3061 1004 3096 manifestam
1025 3061 1087 3097 hae-

206 3109 301 3143 relim
313 3109 400 3150 posse
410 3106 602 3150 degradari-⁷
629 3108 760 3144 Etenim
777 3112 970 3153 Zenonem,
995 3112 1087 3147 Ana-

208 3159 358 3197 stastum,
387 3157 536 3191 Leonem
558 3157 723 3197 Isauram,
746 3160 891 3207 aliosque
913 3161 1086 3198 Ecclesiam

208 3208 243 3243 &
264 3207 366 3243 fidem
377 3205 614 3242 orthodoxam
635 3206 836 3245 hostiiiffime
863 3214 1087 3258 persequentes

210 3257 424 3302 Imperatores
446 3256 584 3299 dejicere
604 3281 616 3298 ,
641 3258 784 3302 antiquis
805 3261 1026 3299 Pontificibus
1046 3274 1087 3298 ue

209 3308 262 3341 vel
283 3308 375 3343 venit
395 3307 429 3341 in
452 3318 613 3342 mentem.
640 3308 835 3345 Constanter
857 3314 929 3347 vult
947 3314 1087 3359 Regiam

207 3358 399 3400 potestatem
420 3358 487 3392 esse
508 3357 698 3393 immediate
717 3359 846 3401 aDeo,
872 3363 1013 3408 ideoque
1025 3364 1089 3398 Re-

206 3417 266 3453 ges
277 3407 333 3452 ipsi
340 3406 402 3444 soli
414 3407 540 3444 subesse
551 3433 562 3451 ,
586 3409 622 3444 &
637 3409 752 3456 Regna
764 3410 806 3446 ab
819 3412 886 3455 ipso
905 3414 979 3450 solo
993 3415 1087 3460 posse

1144 1850 1364 1924 deponere
1373 1891 1391 1905 .

1149 2065 1327 2100 transferri.
1354 2061 1680 2100 Essehancaffirmat
1701 2075 1772 2100 non
1782 2062 1913 2100 tantum
1941 2064 2033 2110 Apo-

1149 2113 1297 2146 stolicam
1310 2113 1494 2146 doarinam
1512 2135 1524 2151 ,
1553 2113 1606 2157 sed
1623 2115 1656 2146 δ(
1674 2115 1927 2157 Evangelicatn.
1961 2117 2032 2151 Uti

1148 2161 1237 2194 enim
1259 2159 1415 2205 Apostoli
1437 2160 1566 2204 Regem
1590 2159 1901 2202 honorificandum,
1929 2166 2036 2208 &pro

1148 2211 1218 2254 ipso
1254 2211 1291 2244 iu
1324 2208 1475 2244 Ecclefiis
1506 2209 1667 2244 orandum
1687 2232 1699 2250 ‚
1738 2210 1783 2246 ita
1808 2212 1843 2245 ἀ
1866 2212 2038 2249 Dominus

1147 2260 1296 2305 praecepit
1331 2259 1494 2294 reddenda
1526 2259 1645 2294 Caesari
1677 2271 1748 2304 quae
1775 2262 1850 2296 sunt
1884 2263 2035 2298 Caesaris.

1148 2310 1324 2344 Praesertim
1347 2307 1549 2343 reddendum
1575 2309 1740 2345 fidelitatis
1785 2311 1818 2344 &
1840 2310 2039 2349 obedientiae

1147 2362 1391 2395 Sacramentum
1410 2383 1422 2400 ‚
1461 2359 1552 2401 quod
1587 2359 1684 2397 nulla
1707 2358 1853 2397 humana
1878 2363 2039 2405 potestate

1148 2410 1242 2454 possit
1271 2409 1380 2444 solvi.
1421 2409 1563 2443 Domini
1597 2410 1639 2446 ad
1663 2409 1844 2454 Apostolos
1882 2412 2038 2456 verbum,

1147 2461 1360 2505 ,Quodcumque
1375 2457 1533 2507 solveritis
1552 2465 1611 2498 erit
1627 2459 1758 2509 solutum.
1769 2486 1781 2502 ,
1807 2462 1913 2499 asserit
1936 2464 1977 2498 de
1989 2465 2039 2500 so-

1149 2513 1187 2545 lis
1197 2520 1404 2554 peccatorum
1416 2509 1556 2545 reatibus
1570 2533 1580 2550 ,
1594 2522 1662 2547 uon
1674 2511 1716 2546 de
1727 2512 1944 2548 Sacramentis
1958 2538 1969 2553 ‚
1980 2524 2037 2549 aut

1149 2559 1396 2605 profeffionibus
1406 2560 1657 2604 accipiendum,
1684 2562 1850 2607 &semper
1871 2562 1914 2598 ab
1927 2565 2039 2599 Eccle-

1147 2613 1190 2646 fia
1200 2612 1296 2645 fuisse
1314 2620 1484 2654 acceptum
1497 2637 1505 2645 .

1198 2662 1446 2698 Factum-mum
1467 2660 1650 2707 Gregorius
1662 2662 1859 2698 stabiliverat
1883 2666 1972 2699 varia
1982 2676 2036 2699 au-

1147 2712 1294 2746 &oritate
1316 2724 1331 2745 :v
1357 2709 1567 2747 'Auaoritate
1602 2712 1790 2747 Innocentii
1821 2714 1917 2757 primi
1938 2739 1949 2755 ,
1975 2715 2033 2759 qu't

1147 2761 1329 2797 Arcadium
1352 2761 1583 2806 Imperatorem
1615 2762 1661 2797 ob
1681 2763 1874 2798 commissas
1898 2764 1932 2797 in
1956 2765 2040 2799 San·

1148 2815 1236 2847 stum
1259 2812 1419 2856 Ioannem
1451 2810 1747 2856 Chrysostomum=
1765 2813 1941 2847 violentias
1964 2825 2035 2849 non

1150 2861 1372 2897 Ecclefiastiea·
1401 2862 1531 2901 tantum
1569 2863 1810 2900 communione
1843 2863 1996 2906 spoliavit
2025 2889 2037 2905 ,

1149 2912 1201 2947 sed
1236 2912 1334 2947 etiam
1352 2912 1490 2949 nomine,
1525 2910 1750 2951 Christiano-5⁴.
1791 2912 1939 2957 Epistola
1965 2913 2035 2948 haec

1148 2961 1233 3007 apud
1255 2962 1482 3008 Nicephorum
1493 2962 1665 3000 Calixtum
1679 2961 1842 3004 ‚ffiumile
1867 2964 2035 3008 Principis

1150 3012 1357 3057 Rescriptum
1379 3013 1483 3048 exstat
1512 3013 1598 3056 apud
1633 3011 1838 3051 Michaelem
1869 3013 2035 3058 Glycam.

1150 3062 1260 3098 Etiam
1281 3064 1474 3098 auctoritate
1506 3062 1625 3107 Magni
1647 3062 1802 3107 Gregorii
1826 3087 1839 3105 ,
1864 3064 1921 3107 qui
1944 3065 2035 3099 Sves-

1149 3113 1282 3149 sionensi
1305 3113 1347 3147 ad
1367 3113 1519 3148 Sanetum
1540 3110 1736 3150 Medardum
1749 3112 1952 3149 Monasterio
1980 3112 2034 3147 da·

1151 3173 1220 3197 tum
1232 3162 1438 3207 privilegium
1452 3163 1495 3198 ita
1508 3163 1668 3198 conclusit
1683 3177 1694 3197 .-
1721 3165 1751 3197 51
1762 3169 1829 3205 quis
1841 3167 1952 3207 Regum
1979 3162 2033 3195 hu-

1145 3216 1200 3256 jus
1213 3211 1374 3255 apostolica
1384 3213 1569 3249 aeuHoritatis
1581 3214 1709 3248 Decreta
1733 3215 1894 3249 violaverit
1908 3236 1918 3252 ‚
1945 3211 2033 3246 hono-

1153 3275 1184 3297 re
1194 3261 1391 3307 suoprivetur
1406 3288 1414 3297 .
1440 3264 1485 3299 Et
1494 3263 1685 3300 austoritate
1707 3262 1873 3298 Zachariae
1895 3261 2036 3297 Pontifi-

1153 3314 1218 3354 cis,
1245 3312 1302 3357 qui
1325 3312 1533 3349 Hildericum
1555 3314 1757 3349 Francorum
1776 3314 1906 3358 Regem
1920 3312 2033 3357 degra-

1153 3363 1243 3398 davit
1254 3363 1303 3397 uti
1316 3363 1466 3399 inutilem
1478 3389 1489 3406 ,
1513 3362 1792 3410 degradatumque
1816 3363 1851 3397 in
1865 3361 2035 3396 Monaste-

1154 3414 1204 3450 rio
1215 3414 1361 3449 totondit
1383 3415 1417 3449 δε
1430 3413 1544 3450 clausit
1556 3438 1565 3449 .
1594 3415 1638 3449 Et
1647 3414 1799 3459 exemplo
1818 3409 2035 3448 Constantini

1869 3460 1984 3497 Ponti-
