2366 3756
566 193 1640 242 ConcrmuMRomanun.
1877 193 1935 250 85

441 335 1718 440 CANONIII.

337 551 378 600 T
414 548 552 599 nullus
578 543 748 596 Missam
785 543 934 593 audiat
970 542 1228 610 Presbyteri
1259 580 1271 602 ,
1308 559 1441 610 quem
1477 540 1561 592 scit
1601 541 1893 593 concubinam
1944 547 2014 595 inss

188 552 288 689 L
366 619 619 669 dubitanter
655 615 815 666 habere
850 653 863 676 ,
897 629 973 663 aut
1009 611 1376 663 subintroductam
1411 615 1666 663 mulierem.
1705 612 1840 663 Unde
1876 617 2013 664 etiam

188 691 279 759 ipsa
327 690 469 740 sancta
518 686 718 759 Synodus
768 686 854 736 hoc
892 685 1152 752 Capitulum
1202 681 1277 734 sub
1324 686 1783 733 excommunicatione
1837 683 2012 745 statuit,

187 762 366 813 dicens:
407 764 693 828 Quicumque
731 754 1041 814 Sacerdotum‚
1080 757 1384 805 Diaconorum
1417 792 1430 815 ‚
1467 755 1841 810 Subdiaconorum
1870 792 1883 815 ‚
1919 754 2016 822 post

187 832 487 882 Constitutum
525 830 665 880 beatae
701 830 919 877 memoriae
957 824 1276 875 Praedecefforis
1301 826 1433 874 nostri
1465 825 1707 875 sancitiffimi
1745 829 1876 893 Papae
1903 829 2016 874 Leo-

187 906 251 952 nis
288 902 343 951 de
380 901 578 952 castitate
615 901 887 953 Clericorum
923 935 936 958 ,
975 895 1267 947 concubinam
1303 895 1448 964 palam
1484 895 1656 948 duxerit
1691 934 1703 958 ,
1742 897 1810 946 vel
1845 894 2020 946 ductam

90 1016 92 1019 .
162 991 276 1035 >non
324 973 554 1040 reliquerit
589 1009 602 1033 ,
651 988 703 1020 ex
738 986 861 1037 parte
909 969 1247 1035 omnipotentis
1297 970 1390 1017 Dei
1424 1003 1437 1027 ,
1486 970 1743 1017 auctoritate
1791 966 2020 1015 beatorum

188 1042 498 1112 Apostolorum
534 1044 652 1091 Petri
701 1045 744 1090 &
782 1040 907 1088 Pauli
943 1075 956 1098 ,
1005 1040 1281 1106 praecipimus
1331 1042 1374 1087 &
1409 1038 1593 1088 omnino
1645 1036 2019 1097 contradicimus,

189 1130 239 1162 ut
274 1111 444 1163 Miffam
481 1131 569 1163 non
605 1128 785 1172 cantet,
822 1127 963 1177 neque
1002 1110 1319 1172 Evangelium,
1355 1109 1426 1158 vel
1463 1109 1727 1176 Epistolam,
1764 1127 1816 1159 ac
1848 1105 2021 1157 Miffam

189 1185 306 1247 legat
339 1219 352 1243 ,
393 1203 535 1254 neque
572 1186 618 1231 in
654 1183 935 1251 Presbyterio
970 1178 1026 1229 ad
1062 1179 1214 1230 divina
1249 1179 1416 1229 Officia
1454 1197 1555 1228 cum
1591 1182 1645 1228 iis
1668 1216 1682 1242 ,
1718 1182 1797 1247 qui
1833 1178 2022 1246 praefatae

190 1254 494 1304 constitutioni
530 1253 788 1303 obedientes
825 1252 988 1302 fuerint
1024 1289 1038 1312 ,
1074 1266 1247 1300 maneat
1282 1288 1295 1311 ,
1346 1268 1488 1318 neque
1525 1266 1698 1317 partem
1733 1249 1792 1298 ab
1828 1247 2025 1298 Ecclesia.

191 1322 394 1391 suscipiat
429 1362 442 1386 ,
476 1343 568 1392 quo
602 1323 735 1393 usque
773 1323 800 1374 a
836 1322 961 1373 nobis
1000 1321 1215 1374 sententia
1250 1320 1376 1390 super
1412 1320 1685 1388 hujusmodi,
1724 1324 1826 1370 Deo
1866 1336 2027 1370 conce*

192 1394 350 1457 dente,
386 1394 626 1463 procedat.

1185 1532 1274 1564 Eum
1286 1531 1319 1563 in
1333 1530 1452 1564 litteris
1467 1530 1507 1564 ad
1522 1528 1666 1564 Lucium
1680 1528 1789 1564 Sanffl
1803 1529 1950 1573 Iuventii
1962 1528 2027 1562 Ti-

1138 1579 1272 1613 cinensis
1283 1579 1495 1623 Praepofitum
1512 1580 1658 1614 elucidat
1672 1578 1835 1614 Urbanus
1848 1578 2026 1613 secundus:

1139 1630 1298 1672 Deceffores
1322 1629 1411 1670 nostri
1433 1633 1468 1661 N
1471 1631 1582 1663 icolaus
1604 1631 1638 1664 (τ
1649 1632 1808 1674 Gregorius
1833 1631 1853 1662 ἃ
1866 1630 1954 1669 Miffis
1977 1630 1997 1661 5
1999 1640 2031 1660 a·

1136 1682 1286 1714 cerdotum
1298 1705 1309 1720 ,
1334 1692 1407 1723 quos
1419 1682 1495 1713 tales
1506 1705 1515 1720 ,
1530 1681 1645 1724 utique
1659 1679 1867 1724 conjugatos
1891 1681 1926 1714 &
1942 1678 2033 1712 Con-

383 1539 876 1580 SCHOLION.

301 1683 387 1727 Ujus
398 1681 548 1716 Canonis
558 1680 738 1716 Austorem
749 1680 841 1715 fuisse
852 1680 1004 1714 Sanstum
1015 1678 1074 1713 Pe·
2047 1653 2099 1691 Ep'
2118 1661 2159 1686 17·

322 1745 410 1769 trum
431 1733 589 1767 Damiani
602 1757 611 1772 ,
642 1732 727 1766 lucet
747 1744 789 1765 ex
800 1731 869 1774 ejus
891 1731 931 1764 ad
944 1731 1074 1774 praesen-

186 1794 257 1818 tem
278 1784 477 1819 Pontificem
489 1782 671 1816 Nicolaum
694 1781 860 1825 Epistola:
888 1786 998 1822 Nuper
1022 1780 1074 1814 ba-

186 1834 261 1868 bens
282 1846 347 1868 cum
368 1834 515 1868 nonnullis
537 1831 694 1876 Episcopis
718 1844 756 1866 ex
769 1831 875 1870 vestrae
892 1830 1066 1872 Majestam

186 1884 364 1918 auc‘loritate
383 1881 550 1926 colloquium
563 1909 573 1924 ,
594 1881 713 1926 sanllis
735 1894 833 1916 eorum
840 1881 1009 1924 femoribus
1021 1893 1071 1915 vo·

187 1936 229 1968 lui
247 1933 335 1978 seras
353 1943 520 1977 apponere,
545 1939 662 1966 tentavi
677 1932 860 1977 genitalibus
874 1934 1064 1967 sacerdotum

185 1990 375 2018 continentiae
390 1984 504 2025 fibulas
526 1983 686 2016 adbibere.
713 1985 776 2017 Sed
796 1990 934 2025 quonlam
957 1981 1021 2016 baee
1031 1981 1069 2022 est

189 2034 275 2068 Sella
286 2059 296 2075 ‚
322 2040 367 2068 cui
377 2034 482 2078 ubique
490 2035 704 2067 contradicitur
713 2057 722 2072 ,
748 2034 835 2066 aliud
845 2035 965 2075 quidem
980 2033 1069 2075 quod-

190 2095 311 2127 cumque
330 2085 436 2124 vestrae
455 2084 663 2122 constitutionis
680 2087 840 2125 Imperium
845 2082 903 2127 sub
918 2083 975 2126 spe
984 2082 1072 2125 perfi-

1137 1730 1345 1771 cubinari0s‚
1372 1732 1424 1775 effe
1445 1730 1624 1771 constiterit,
1646 1729 1752 1771 fideles
1764 1730 1909 1771 abstinere
1933 1731 2031 1763 decre-

1138 1790 1248 1815 verunt
1265 1806 1275 1821 ,
1303 1790 1334 1815 ut
1360 1782 1546 1822 &peccandi
1557 1783 1707 1815 licentiam
1718 1786 1836 1815 caeteris
1848 1780 2005 1822 auferrent
2018 1803 2030 1818 ,

1139 1833 1173 1866 (θ’
1188 1829 1356 1874 hujusmodi
1380 1833 1425 1863 ad
1437 1833 1537 1874 dignae
1553 1837 1741 1873 poenitentiae
1765 1833 1900 1864 lamenta
1914 1841 2031 1864 revoca-

1139 1890 1206 1915 rent
1236 1906 1243 1913 .
1285 1881 1365 1914 Non
1395 1881 1499 1914 solnm
1527 1881 1735 1925 publicorum
1763 1879 2032 1915 concubinario—

1141 1943 1211 1966 rum
1226 1956 1237 1972 .
1265 1930 1317 1965 sed
1330 1931 1430 1965 ctiam
1445 1932 1687 1967 Haereticorum
1701 1931 1856 1966 sacrificia
1876 1931 1910 1964 &
1923 1932 2034 1966 Sacra·-

1140 1992 1250 2017 menta
1276 1994 1317 2015 ex
1341 1981 1456 2015 Sansto
1481 1982 1670 2026 Augustino
1683 1983 1822 2017 affirmat
1845 1982 1909 2017 effe
1923 1981 2032 2015 valida

1140 2043 1255 2067 aerata
1270 2057 1280 2073 ‚
1308 2033 1451 2074 ipsorum
1475 2043 1586 2067 tamen
1608 2033 1884 2067 communionem
1901 2032 2032 2076 populis

1141 2082 1218 2116 reste
1234 2080 1384 2116 interdici
1412 2083 1583 2127 insigniter
1605 2083 1766 2119 ostendit.
1795 2084 1839 2117 Et
1867 2082 2032 2117 inlitteris

193 2136 292 2169 ciendi
310 2136 440 2177 fidenter
452 2137 610 2168 indicimus
621 2160 632 2176 ,
658 2133 746 2174 hujus
759 2145 860 2167 autem
874 2135 1011 2175 Capituli
1023 2144 1078 2165 nu-

196 2186 269 2217 dam
276 2183 382 2227 saltem
388 2186 597 2226 promiffionem
608 2185 739 2216 tremulis
759 2184 907 2223 prolatam
916 2183 1005 2213 labus
1018 2181 1079 2221 dif-

193 2235 298 2276 ficilius
321 2243 529 2275 extorquemus
549 2257 555 2263 .
587 2232 642 2264 lsti
667 2232 754 2264 enim
779 2230 931 2273 Episcopi
954 2229 1080 2263 castita-

198 2293 288 2322 tem,
315 2292 383 2315 non
403 2281 511 2322 solum
532 2282 598 2315 suis
621 2280 760 2314 Clericis
774 2303 785 2318 ‚
810 2278 863 2312 sed
886 2279 990 2311 &fibi
1004 2279 1079 2322 ipfis

197 2330 428 2375 impossibilem
446 2330 698 2373 profitebantur.
726 2327 901 2361 Publicam
922 2327 1006 2361 hanc
1024 2327 1082 2361 foe-

199 2381 335 2415 ditatem
348 2402 358 2419 2
383 2379 499 2424 populi
520 2378 799 2421 delipsasmurmur
820 2377 1073 2418 &scandalum,

196 2432 358 2465 Romanae
370 2430 522 2464 Ecclefiae
540 2430 573 2462 ὃς
585 2429 727 2471 plurium
738 2427 949 2471 Synodorum
964 2428 997 2461 in
1013 2429 1079 2472 ipsa

198 2478 404 2525 profliganda
427 2479 617 2522 patientiam
641 2489 677 2512 ac
688 2477 894 2521 tepiditatem
910 2478 1078 2523 insigniter

198 2539 374 2575 exaggerat
386 2529 503 2563 Petrus
514 2553 523 2568 ‚
550 2529 583 2562 &
596 2528 763 2562 concludit
780 2541 787 2560 :
814 2531 858 2560 Tu
869 2538 966 2561 autem
980 2552 989 2567 ,
1018 2532 1076 2560 Do-

197 2587 276 2614 mine
295 2586 337 2612 mi
348 2578 531 2612 Venerabilis
557 2581 666 2620 Papa,
693 2583 746 2619 qui
769 2577 881 2618 Christi
901 2578 1078 2622 vicefunge-

198 2637 262 2671 ris,
288 2635 340 2672 qui
347 2628 463 2673 summo
476 2627 590 2668 Pastori
599 2635 633 2661 in
647 2627 803 2671 apostolica
828 2630 978 2673 dignitate
985 2628 1074 2671 succe-

199 2683 250 2714 dn
261 2706 272 2720 ,
299 2681 358 2712 noli
373 2680 482 2722 pestem
503 2679 581 2713 banc
597 2687 653 2721 per
665 2684 821 2723 ignaviam
843 2680 887 2712 ad
895 2686 1077 2712 incrementa

197 2733 376 2774 perducere,
404 2731 463 2763 noia·
471 2730 654 2764 connivendo
674 2731 921 2770 &diffimulando
927 2730 1078 2773 grassanti

1141 2133 1181 2165 ad
1204 2132 1410 2165 Guiliemum
1423 2132 1588 2166 Abbatem
1599 2135 1733 2168 Sanetus
1759 2133 1955 2168 Anselmus.
1985 2135 2033 2166 De
2049 2151 2111 2182 ΗΟ,
2134 2166 2143 2184 ¹

1143 2179 1348 2218 Presbyter-is,
1376 2186 1428 2221 qui
1446 2179 1478 2221 se
1491 2183 1592 2221 aperte*
1616 2183 1744 2222 reproba
1755 2183 1896 2214 libidinis
1907 2194 2028 2216 conver·
2049 2196 2097 2230 Ep.
2119 2177 2161 2231 55¹·

1136 2228 1256 2272 satione
1269 2232 1328 2261 Deo
1338 2229 1532 2269 reprobabiles
1545 2230 1704 2263 exhibent:
1733 2234 1850 2264 omnino
1864 2232 2030 2264 tenendum

1141 2277 1178 2318 est
1202 2279 1285 2320 quod
1295 2278 1452 2318 apostolica
1476 2282 1675 2319 providentia
1696 2280 2028 2324 Ecclefiasticojustoque

1141 2334 1233 2371 rigore
1257 2327 1420 2367 constituit.
1451 2330 1573 2370 Nempe?
1596 2330 1769 2365 nuliatenus
1793 2336 1933 2364 convenit
1958 2356 1970 2371 ,
1995 2341 2030 2364 ut

1141 2378 1183 2410 ibi
1205 2387 1379 2411 reverenter
1403 2378 1532 2419 adstetur
1544 2402 1554 2418 ,
1579 2378 1629 2412 ubi
1645 2385 1843 2421 pertinaciter
1864 2389 1972 2422 aperta
1996 2384 2031 2416 Θ

1142 2429 1309 2469 impudenti
1321 2428 1443 2461 libidine
1448 2429 1595 2470 faetentes
1613 2454 1624 2471 ,
1651 2432 1707 2464 Dei
1730 2431 1942 2464 &Sam‘lorum
1960 2440 2033 2473 pro-

1150 2478 1320 2511 hibitionem
1347 2480 1553 2513 contemnendo
1572 2505 1581 2520 ,
1618 2482 1716 2514 Sacris
1747 2481 1899 2515 Altaribus
1932 2482 2032 2525 deser-

1151 2534 1260 2570 viunt3
1289 2532 1347 2562 imo
1373 2540 1431 2562 non
1453 2529 1646 2573 deserviunt,
1668 2530 1727 2574 sed
1737 2533 1884 2575 quantum
1894 2535 1939 2565 ad
1950 2531 2028 2576 ipsos

1145 2580 1372 2612 commaculant.
1403 2585 1476 2613 Non
1496 2593 1553 2622 quo
1571 2588 1639 2624 quis
1651 2593 1684 2615 ea
1707 2595 1775 2625 quae
1786 2583 1920 2616 traciam
1933 2593 2031 2617 conte-

1146 2630 1276 2662 mnenda
1301 2654 1312 2669 ,
1332 2628 1389 2672 fi’d
1410 2630 1573 2665 trablantes
1593 2636 1772 2666 execrandos
1796 2633 1943 2673 existimet
1957 2659 1966 2674 ‚
1992 2642 2028 2667 ut

1145 2686 1194 2722 qui
1218 2683 1273 2712 Dei
1298 2682 1332 2714 (5
1358 2683 1528 2725 Angelorum
1547 2683 1744 2725 praesentiam
1780 2696 1838 2716 non
1861 2693 2024 2723 verentur,

1146 2732 1196 2764 vel
1215 2730 1363 2764 bominum
1383 2732 1573 2772 detestatione
1585 2732 1696 2774 depulsi
1701 2737 1795 2766 sacra
1819 2740 2026 2767 contaminare

201 2782 330 2814 luxuriae
344 2779 450 2821 fraena
471 2782 595 2814 laxare.
627 2782 726 2822 Serpit
745 2786 832 2829 ¹enim
844 2779 890 2813 hic
902 2781 1019 2813 morbus
1046 2790 1080 2813 ut
1146 2779 1290 2822 defistant.
1319 2785 1385 2814 Nec
1396 2783 1542 2815 ullatenus
1554 2791 1665 2825 oportet
1678 2807 1688 2823 ‚
1716 2794 1748 2817 ut
1759 2785 1803 2816 illi
1807 2783 1870 2823 fint
1880 2782 2029 2826 consortes

201 2842 305 2864 cancer
324 2853 334 2869 ,
358 2831 392 2864 ό·
414 2829 513 2874 virosa
532 2838 662 2875 propago
681 2832 727 2863 ad
746 2831 868 2872 infinita
886 2837 1055 2874 porrigetur
1070 2855 1081 2871 ,
1147 2832 1182 2863 de
1207 2830 1305 2864 Altari
1322 2839 1572 2874 participantium
1587 2858 1597 2873 ,
1624 2839 1676 2875 qui
1681 2842 1739 2875 per
1762 2834 1987 2866 immunditiam
1995 2832 2029 2875 se

205 2880 265 2922 nist
282 2884 312 2912 E
316 2882 469 2923 vangelica
481 2880 584 2922 falce,
611 2882 710 2923 quoad
722 2882 799 2914 male
804 2881 935 2923 pullulat
947 2905 957 2920 ‚
985 2890 1083 2923 ampu-
1139 2881 1260 2922 faciunt
1268 2891 1398 2915 extorres
1412 2885 1508 2916 Altari
1519 2883 1767 2926 deservientium.
1799 2884 1843 2918 Et
1858 2884 2031 2917 Marianus

207 2941 306 2964 tetur.
337 2929 413 2971 Absit
434 2940 466 2963 ut
484 2929 620 2973 sancium
630 2943 676 2964 cor
699 2931 827 2970 vestrum
834 2930 934 2974 segnior
949 2933 1018 2964 Heli
1029 2940 1080 2964 tor>
1147 2932 1260 2965 Scotus
1270 2946 1281 2965 .·
1305 2936 1342 2964 Ut
1351 2941 1407 2974 per
1417 2934 1490 2967 alios
1501 2934 1716 2977 castigarentur
1727 2958 1737 2974 ‚
1751 2936 1884 2968 decrevit
1899 2937 1986 2976 Papa
1998 2942 2031 2967 ut

208 2989 266 3023 por
276 2982 404 3014 emolliat
417 3004 427 3019 ‚
448 2979 610 3023 Jedpotiits
622 2982 666 3014 ad
672 2980 787 3023 sceleris
810 2983 949 3015 ultionem
959 2982 1084 3025 Ingenui
1145 2983 1241 3015 nullus
1255 2981 1443 3023 Christianus
1454 2987 1573 3018 audiret
1586 2985 1674 3027 Missl'i
1685 2988 1833 3028 conjugati
1846 2985 2010 3024 Presbyteri
2024 3009 2030 3016 .

209 3030 341 3064 Phinees
354 3033 435 3064 zelus
447 3033 587 3064 accendat
599 3055 606 3062 .
635 3035 829 3073 Deponuntur
839 3037 862 3064 ii
875 3057 884 3072 ,
910 3037 962 3074 qui
984 3034 1081 3066 Eccle-
1145 3031 1243 3076 Qod
1256 3033 1434 3067 Decretum
1447 3036 1537 3068 fuine
1549 3036 1739 3069 indirediam
1750 3034 2034 3079 degradationem,

205 3080 327 3122 fiasticae
347 3080 492 3118 castitatis
515 3093 571 3113 non
593 3090 732 3114 verentur
748 3080 869 3123 faedare
880 3082 1061 3115 munditiam
1074 3107 1084 3123 ,
1146 3083 1223 3115 reae
1234 3083 1373 3117 advertit
1396 3084 1428 3117 in
1443 3085 1533 3118 libris
1545 3086 1586 3119 de
1598 3086 1843 3119 Concordantia
1856 3083 2032 3119 Catholica
2051 3106 2102 3137 Lib
2122 3117 2131 3128 ,

208 3132 246 3164 (τ
255 3129 361 3172 Δι’]ιέῖι·
384 3132 550 3163 deterreant
576 3142 646 3172 quos
658 3133 735 3165 male
751 3132 865 3170 stantes
877 3134 923 3165 ad
932 3139 1031 3173 turpis
1042 3134 1085 3166 Iu·
1148 3133 1305 3167 Nicolaus
1317 3133 1502 3169 Cardinalis
1515 3135 1662 3169 Cusanus
1676 3159 1682 3166 .
1695 3135 1847 3170 Eundem
1858 3136 2033 3170 Canoncm
2056 3129 2109 3181 27··
2123 3125 2145 3135 ”’
2159 3117 2183 3138 c'

211 3186 310 3214 xuriae
330 3181 534 3214 contumeliam
553 3182 770 3221 provocabant.
795 3182 861 3216 His
883 3182 962 3227 ergo
976 3183 1085 3216 stimu·
1148 3182 1228 3216 varie
1253 3183 1390 3219 &docte
1411 3185 1561 3220 defendit
1588 3186 1789 3228 Anonymus
1810 3185 1962 3229 Gregorii
1990 3186 2032 3217 se-

209 3231 250 3264 lis
268 3253 278 3269 ‚
305 3230 422 3274 quibus
443 3231 476 3264 ὅς
498 3230 682 3264 Cardinalis
705 3232 925 3267 Hildebrand1
949 3232 1083 3268 calcaria
1149 3232 1240 3276 primi
1265 3232 1463 3279 Apologus,
1491 3247 1527 3270 ac
1552 3235 1616 3279 ipse
1637 3237 1817 3280 Gregorius
1840 3238 1942 3269 varias
1971 3245 2029 3277 pro

208 3281 366 3314 acceffiffe
377 3280 485 3314 scribit
499 3279 697 3315 Bertholdus
713 3282 992 3324 Constantienfis‚
1007 3283 1085 3318 inci·
1148 3283 1207 3316 illo
1228 3283 1344 3326 scripsit
1363 3283 1602 3331 Apologeticas
1621 3286 1772 3329 epistolas
1799 3312 1805 3318 .
1837 3286 1956 3319 Canon
1983 3284 2028 3318 cst

208 3338 295 3365 tatus
317 3331 478 3365 Nicolaus
489 3329 669 3370 Pontifex,
697 3331 771 3366 licet
782 3335 915 3367 cunctos
927 3334 1083 3368 concubi·
1148 3331 1227 3366 adeo
1261 3333 1488 3370 immaculatus
1508 3362 1518 3377 ,
1546 3346 1582 3370 ut
1606 3337 1708 3379 ipsum
1747 3347 1805 3370 nec
1840 3335 2028 3370 Cardinalis

208 3382 318 3415 narios
340 3382 395 3414 seu
419 3381 614 3426 conjugatos
625 3381 801 3425 Episcopos
819 3384 851 3417 δε
865 3384 1012 3419 Clericos
1033 3386 1084 3420 de·
1150 3384 1263 3418 Benno
1286 3383 1422 3427 culparit
1436 3412 1443 3419 .
1472 3387 1545 3421 Suis
1567 3386 1796 3421 Decretalibus
1819 3386 1921 3429 ipsum
1947 3384 2030 3416 inse-

208 3430 341 3474 gradare
354 3430 495 3466 noluerit
509 3454 520 3472 ,
533 3432 734 3475 compescuit
746 3442 853 3468 tamen
866 3436 1009 3477 praesenti
1024 3436 1083 3470 Ca·
1149 3434 1210 3467 ruit
1223 3434 1399 3477 Gregorius
1410 3448 1517 3470 nonus
1528 3462 1537 3476 ‚
1564 3438 1596 3471 ὅ(
1610 3439 1642 3470 ln
1659 3439 1711 3469 sua
1723 3436 1893 3470 advefsslm
1907 3435 2030 3468 DORO·

206 3490 312 3514 ssOsse·
1149 3484 1190 3518 ris
1200 3483 1377 3529 Augustini
1391 3486 1513 3522 litteras
1523 3486 1563 3520 ad
1577 3487 1765 3521 Ladislaum
1789 3484 1953 3529 Ungariae
1967 3484 2031 3519 Rc-

307 3528 413 3572 Christ.
429 3535 506 3575 Lupi
517 3537 601 3577 Oper.
614 3536 730 3568 Tom-V.
1647 3535 1685 3568 H
1906 3544 1982 3580 gem
