2366 3756
164 167 226 210 Ῥεῖ..

97 640 182 681 epist.
206 653 229 674 z.

98 949 169 986 Cap.
191 956 220 985 3.

99 1364 148 1404 Ep.
177 1372 221 1402 13.

95 1714 155 1746 nb.
185 1725 211 1749 4„

96 1756 151 1794 Ep.
161 1758 223 1790 148.

307 179 348 211 κ,
526 142 1058 193 conditius}

279 248 291 254 ··
314 234 438 270 Leonis
457 232 537 267 noni
559 231 600 266 de
621 228 781 265 servandis
802 229 968 263 Sacrarum
1000 225 1139 262 Ordina-

265 284 398 319 tionum
416 281 569 327 legitimis
585 279 783 324 temporibus
802 278 974 314 Cononem
1000 279 1138 312 innovat

267 335 376 370 nostra
396 332 570 378 synodus,
593 330 627 363 ἀ
647 328 795 373 adjungit
818 342 829 362 .·
857 330 950 362 Aliter
974 334 1063 362 irrita
1083 327 1140 369 fiat

265 386 428 418 ordinatio.
457 382 616 425 Loquitur
625 379 701 413 c'um
713 378 864 420 Zozymo
875 378 1037 412 Pontifice
1050 401 1059 416 ‚
1087 376 1143 420 qui

269 431 397 470 Ursum
420 445 456 468 ac
477 429 660 466 Tuentium
682 426 861 472 illegitimo
887 428 940 462 die
959 429 977 462 a
1001 427 1144 461 Proculo

267 483 454 519 Maffilienfi
471 480 674 515 consecratos
695 478 874 521 Episcopos
887 502 897 518 ‚
914 478 955 513 ab
964 477 1059 513 omni
1072 476 1146 510 Cle·

264 534 357 570 ricali
385 529 618 568 communione
648 526 937 567 anathematizavit
959 553 966 560 .
1006 527 1050 560 Et
1068 538 1145 561 cum

266 586 385 620 Sancto
402 581 520 615 Leone
539 579 688 623 Magno,
704 578 771 622 'qui
793 577 961 612 adversum
982 578 1152 612 consecra-x

265 643 319 668 tos
337 633 425 668 entra
448 630 629 674 legitimum
651 628 739 662 diem
764 627 805 662 ab
819 627 951 661 Hilario
964 626 1144 661 Arelatensi

265 679 483 725 Metropolim
511 679 689 723 Episcopos
713 677 831 720 scripfit
865 677 906 711 ad
934 676 1143 711 Provinciam

267 731 490 766 Viennensem
511 741 549 763 ac
562 727 830 774 Narbonensem:
857 732 929 760 Non
949 728 1073 768 paffim‚
1091 724 1149 769 sed

265 783 394 826 legitimo
413 782 461 814 die
482 780 630 812 ordinatio
650 777 805 811 celebretur
830 802 837 809 .
864 781 930 811 Nec
944 775 1001 818 fibi
1019 775 1147 816 constare

263 831 360 873 status
374 828 425 874 sul
435 831 560 862 noverit
578 828 757 870 firmitatem
769 839 784 868 ,·
805 833 857 870 qui
869 839 928 860 non
939 828 987 861 die
1001 825 1146 860 sabbathi

266 879 386 923 vespere
405 903 417 920 ‚
454 880 505 913 vel
523 876 584 921 ipfh
607 882 755 913 Dominico
777 879 826 910 die
840 877 939 918 fuerit
963 877 1121 909 ordinatus
1139 898 1146 906 .

266 931 313 965 Et
336 927 376 964 ad
397 929 550 965 Sanctum
564 928 710 962 nostrum
722 926 924 971 Apostolum
936 926 1147 961 Bonifacium

266 979 419 1022 rescripsit
431 976 604 1014 Zacharias
614 976 768 1011 Pontifex
781 990 792 1010 ι
815 980 861 1010 De
870 978 1052 1009 ordinatione
1066 973 1148 1018 Pres-

267 1021 425 1070 hyterbrum
436 1039 471 1062 ac
482 1031 673 1062 Diaconorum
681 1052 691 1068 ,
718 1036 833 1071 cogente
849 1027 1008 1067 neceffitate
1019 1027 1053 1060 ὁ·
1073 1034 1148 1067 pau-

263 1079 383 1122 pertate
402 1084 566 1122 rogantium
581 1089 639 1112 non
657 1079 797 1122 legitimis
806 1077 985 1119 temporibus
1001 1088 1034 1109 ac
1046 1076 1147 1109 diebus

267 1132 288 1163 ἃ
309 1138 339 1163 te
357 1133 544 1171 promoveri,
571 1137 602 1162 te
622 1126 800 1169 offenfionem
822 1128 969 1170 incurrisse
982 1125 1145 1168 infirmasti.

268 1183 402 1212 Dicimus
423 1188 521 1212 autem
544 1177 618 1220 tibi,
645 1181 781 1218 Frater,
807 1186 839 1210 ut
861 1177 932 1210 bene
953 1176 1044 1217 nosti,
1069 1177 1150 1219 quod

263 1228 343 1273 sacri
364 1235 498 1263 canones
521 1229 622 1262 docent
644 1233 726 1270 aptis
739 1227 918 1270 temporibus
928 1228 1095 1260 Sacerdotes
1105 1237 1149 1258 or-

267 1280 416 1311 dinandos
431 1303 438 1310 .
465 1283 602 1312 Attamen
625 1283 658 1311 in
677 1289 710 1311 co
722 1302 733 1319 ,
757 1278 865 1321 quoda
877 1286 904 1310 te
921 1284 1044 1319 propter
1055 1277 1148 1309 zelum

261 1329 336 1372 fidei
358 1328 456 1362 aequm
470 1327 507 1369 est
518 1353 528 1369 ,
554 1330 574 1361 ἃ
598 1331 722 1360 Domino
732 1327 823 1368 nostro
833 1328 1049 1371 indulgentiam
1056 1325 1150 1368 postu-

266 1380 381 1412 lamus.
409 1378 456 1412 Et
471 1377 513 1412 de
535 1377 643 1411 nescio
664 1388 731 1418 quo
743 1377 936 1417 Presbytero
948 1400 959 1415 ,
984 1377 1084 1418 quise
1097 1386 1151 1407 ex-

268 1438 318 1461 tra
340 1437 485 1469 tempora
505 1423 676 1458 dubitabat
699 1423 889 1458 ordinatum
902 1423 1150 1458 Subdiaconum

268 1486 307 1508 ac
324 1475 515 1507 Diaconum
530 1495 542 1511 ,
575 1472 618 1505 ad
641 1473 747 1503 Sanffi
770 1472 922 1503 Mauritii
943 1471 1150 1512 Agaunenfis

267 1521 435 1556 Abbatem
457 1518 579 1562 scripfit
591 1517 807 1551 Innocentius
828 1518 962 1551 tertius:
987 1519 1019 1550 si
1047 1516 1150 1556 consia-

267 1579 314 1605 ret
332 1570 414 1613 quod
431 1578 518 1603 extra
532 1567 651 1606 statuta
675 1565 831 1600 sabbatha
846 1566 946 1610 futffet
971 1567 1126 1600 ordinatus
1138 1590 1149 1606 ,

267 1629 448 1664 quamquam
466 1616 605 1661 sustineri
624 1618 712 1660 poffit
732 1617 812 1658 quod
826 1615 893 1657 fuit
915 1617 953 1649 de
966 1617 1069 1650 ordine
1082 1615 1150 1649 sub·

267 1672 440 1706 diaconatus
455 1665 688 1711 praeficmptum,
713 1667 885 1700 Diaconalis
917 1673 1018 1699 tamen
1037 1666 1151 1699 ordinis

267 1725 296 1755 ci
306 1718 422 1754 deberet
432 1722 559 1752 executio
567 1717 710 1751 interdici
721 1741 728 1748 .
754 1714 879 1762 Quoad
900 1716 1005 1751 solum
1018 1714 1152 1751 Subdia-

268 1779 425 1805 conatum
456 1766 614 1811 permittit
639 1766 736 1801 illum
760 1764 924 1801 habilitati
945 1766 986 1800 ad
1002 1765 1151 1799 Ministe-

267 1820 354 1855 rium
367 1844 378 1860 ‚
403 1817 492 1860 quod
512 1827 629 1861 nempe
650 1815 856 1852 Diaconatus
878 1826 946 1849 non
969 1815 1075 1850 solum
1096 1826 1152 1849 ex·

268 1879 319 1904 tra
332 1878 477 1912 tempora
487 1892 498 1909 ,
523 1867 576 1901 sed
586 1867 686 1901 etiam
697 1865 714 1899 a
728 1867 877 1911 suspenso
886 1866 962 1900 effet
973 1866 1133 1909 susceptus
1143 1890 1151 1897 .

267 1919 325 1955 Ex
345 1929 411 1962 quo
433 1917 520 1951 lueet
538 1916 632 1951 datos
653 1925 743 1951 extra
753 1925 899 1960 tempora
910 1916 1012 1950 sacros
1024 1914 1152 1949 ordines

268 1968 363 2004 fuisse
377 1967 486 2012 quoad
505 1966 736 2001 executionem
758 1968 882 2011 semper
902 1965 1008 2000 irritos
1023 1990 1035 2007 ‚
1059 1965 1148 2000 ideo-

268 2028 332 2062 que
352 2018 569 2052 irritationem
589 2016 673 2051 hane
696 2017 750 2052 seu
774 2026 959 2060 perpetuam
980 2015 1152 2059 suspenfio-

268 2078 347 2103 nem
367 2066 386 2102 ὶ
411 2067 475 2101 Pio
500 2067 642 2101 secundo
669 2077 737 2101 non
764 2066 856 2101 fuisse
889 2066 1077 2106 inductam,
1097 2065 1152 2099 sed

269 2116 441 2152 dumtaxat
461 2116 608 2152 adversus
627 2117 844 2161 quorumdam
865 2124 944 2150 tune
975 2115 1153 2160 praevarica-

268 2167 377 2202 tiones
398 2167 590 2201 innovatam
613 2178 649 2200 ac
667 2176 863 2208 reparatam.

320 2215 467 2260 Qaestio
477 2215 522 2247 est
536 2238 548 2253 ‚
573 2215 630 2247 An
655 2216 785 2256 praesens
806 2213 924 2246 Canon
947 2211 1041 2246 datos
1062 2220 1150 2245 extra

270 2273 419 2306 tempora
435 2261 565 2296 ordines
587 2263 709 2296 sanciat
729 2261 836 2293 irritos
850 2260 956 2302 quoad
970 2260 1071 2294 solam
1081 2270 1153 2292 exe-

269 2311 461 2351 cutionem,
485 2320 529 2343 an
548 2309 647 2344 etiam
666 2308 756 2352 quod
775 2307 1009 2343 substantiam?
1036 2308 1151 2342 Ratio-

270 2372 349 2397 nem
364 2357 536 2394 dubitandi
558 2358 675 2401 praebet
706 2357 742 2392 in
763 2358 878 2392 litteris
900 2358 942 2393 ad
963 2359 1151 2393 Faventinae

271 2410 420 2447 Ecclefiae
440 2408 574 2443 Clerum
595 2410 726 2444 Sanstus
750 2407 864 2442 Petrus
891 2409 1073 2448 Damiani,
1097 2408 1151 2444 de·

222 2463 227 2466 “
273 2459 454 2498 monstrans
473 2457 628 2493 omnibus
652 2459 867 2493 Sacramentis
893 2460 955 2494 effe
980 2470 1036 2503 per
1046 2459 1151 2494 sacros

103 3272 159 3304 1²01.
183 3282 209 3311 3.

548 2636 1452 2724 CANON

1130 137 1767 190 Tantosanum.

1185 2157 1187 2163 Ι
1209 2115 1353 2159 susceptis
1374 2117 1538 2151 ordinibus
1561 2117 1726 2158 ministrare
1756 2143 1762 2150 .

1964 163 2018 194 21

1207 228 1361 264 Canones
1392 229 1496 263 fixum
1528 230 1622 263 suum
1654 238 1782 273 tempus
1803 237 1840 263 ae
1866 228 1976 264 locum
2000 254 2010 270 ‚
2050 232 2084 266 ὃς

1207 278 1405 314 concludens
1424 278 1464 312 de
1486 278 1706 314 Matrimonio
1727 293 1733 310 :
1775 281 1865 313 Aliud
1887 280 1925 323 eff
1950 281 2099 321 nuptiale-

1209 329 1392 370 Mysterium‚
1418 329 1504 361 aliud
1522 330 1640 362 carnale
1655 327 1857 372 sacrilegium.
1886 331 1980 373 ‚Quod
1989 333 2073 362 Cano

1210 380 1271 411 nice
1287 378 1352 419 fit,
1377 378 1599 410 sacramentum
1622 377 1679 421 est;
1705 379 1783 421 quod
1800 387 1898 412 autem
1914 388 2016 412 contra
2030 381 2097 412 Ca*

1212 438 1300 460 nones
1323 424 1497 470 usurpatum
1521 425 1559 465 est
1583 449 1595 465 ,
1615 425 1800 470 sacrilegium
1827 427 1865 466 est
1884 452 1891 459 .
1919 429 1963 462 Et
1989 430 2072 463 infra
2086 443 2094 451 ·

2116 457 2178 488 Lib.
2208 465 2219 488 ε

1214 478 1366 520 ,Quomodo
1387 473 1654 519 ,Quadragestmale
1675 484 1790 517 tempus
1814 482 1937 519 nuptias
1954 490 2013 511 non
2024 485 2101 512 eva·
2116 500 2168 535 Ep·
2200 478 2241 526 Η·-

1212 536 1299 568 cuat,
1324 537 1401 569 quas
1422 529 1579 558 Canonum
1601 523 1761 557 auctoritas
1780 526 1905 559 damnat
1918 528 1935 559 ἓ
1962 528 2006 562 Et
2040 528 2101 562 ite·

1215 588 1284 610 rum
1309 589 1316 608 :
1354 574 1485 619 Censura
1509 579 1661 607 Canonica
1684 580 1807 615 nuptlas
1831 576 1940 608 illicitis
1965 581 2102 619 tempori·

1215 626 1267 659 bus
1290 625 1443 666 institutas
1469 633 1576 658 remoto
1596 629 1676 656 omni
1693 622 1831 666 scrupulo
1841 625 1976 665 dividit,
2001 639 2101 662 concu-

1215 676 1310 709 bitum
1332 678 1403 708 vero
1421 672 1487 716 sola
1500 683 1611 716 parvae
1629 675 1828 716 penitudinis
1849 676 2100 716 animadverfione

1211 726 1361 768 percellit.
1388 728 1517 767 Nuptiae
1535 732 1638 757 contra
1659 724 1754 768 legum
1780 726 1931 758 mandata
1941 726 2102 760 contrallae

1216 774 1303 818 usque
1330 775 1375 808 ad
1393 776 1557 808 divortium
1575 774 1825 807 condemnantur.
1853 773 1953 809 Avita
1966 774 2101 810 Patrum

1217 826 1390 869 disciplina
1413 825 1590 869 conjugale
1615 824 1853 860 commercium
1876 822 2027 867 prohibet
2048 836 2102 869 per

1217 885 1320 910 totam
1330 875 1634 922 Qadragefimam,
1657 874 1691 907 ὅ(
1704 874 1754 908 vel
1767 875 1903 910 unicum
1916 872 1971 908 hic
1981 875 2103 918 lapsum

1218 925 1347 969 punivit
1370 925 1587 969 quadraginta
1609 922 1736 958 dierum
1756 923 1949 968 poenitentia
1971 937 1983 956 .-
2009 925 2103 958 Hinc
2123 927 2135 932 ””

1217 973 1306 1009 aliud
1329 975 1392 1009 effe
1419 975 1454 1008 in
1477 973 1731 1023 Qadragefima
1757 973 1960 1018 Conjugium
1980 983 2107 1008 contra·

1216 1023 1292 1059 here
1302 1050 1313 1066 ‚
1338 1024 1426 1059 aliud
1450 1034 1531 1059 tunc
1543 1025 1612 1068 ipso
1625 1024 1674 1058 uti
1686 1022 1793 1059 scribit
1805 1023 1953 1060 laudatus
1965 1022 2081 1059 Petrus
2093 1046 2108 1064 ,

1217 1077 1417 1119 affirmatque
1437 1073 1503 1109 hoe
1523 1075 1591 1109 sola
1616 1072 1748 1109 modica
1771 1073 1968 1119 poenitentia
1982 1099 1992 1115 ‚
2019 1072 2108 1108 istud

1219 1126 1375 1160 delitium
1396 1123 1541 1159 divortio
1559 1126 1611 1159 seu
1636 1125 1787 1159 attentati
1811 1123 2012 1159 matrimonii
2034 1123 2094 1157 nul

1217 1177 1310 1209 litate
1329 1174 1496 1220 castigari.
1525 1175 1569 1208 Et
1592 1173 1744 1219 adjungit
1765 1172 1805 1207 de
1821 1175 2031 1209 Sacramento
2041 1174 2107 1207 Or.

1215 1226 1303 1260 dinis
1316 1239 1327 1259 .·
1353 1227 1416 1268 ,Qui
1424 1233 1538 1267 preter
1544 1224 1664 1265 statuta
1674 1231 1809 1266 tempora
1825 1225 1953 1258 Clericos
1965 1223 2105 1256 ordinat.

1216 1287 1272 1309 non
1292 1287 1337 1308 eos
1358 1281 1461 1318 utique
1477 1273 1615 1317 provebit
1631 1299 1644 1316 ,
1663 1273 1723 1318 sed
1741 1272 1900 1316 offenfioms
1911 1272 2108 1313 obstaculum,

1217 1337 1253 1360 ne
1273 1327 1311 1359 de
1330 1336 1433 1360 caetero
1450 1325 1659 1368 provehantur
1670 1349 1682 1366 ‚
1708 1329 1845 1367 opponit.
1876 1323 1988 1370 Pergit
2007 1322 2110 1358 etiam

1216 1375 1257 1408 de
1281 1375 1451 1416 Baptismo
1473 1375 1806 1409 &Confirmationet
1833 1374 2030 1417 ⁸Quipaffim,
2057 1382 2109 1405 nec

1216 1430 1290 1457 certo
1314 1429 1440 1463 tenspore
1459 1421 1640 1465 chrismatis
1665 1423 1719 1456 vel
1741 1421 1895 1464 Baptismi
1916 1423 2109 1455 sacramenta

1215 1470 1346 1502 celebrat
1359 1491 1370 1508 ,
1394 1480 1452 1500 non
1466 1478 1532 1501 tam
1554 1470 1667 1510 opifex
1694 1473 1904 1510 Sao-ramensi,
1926 1481 2017 1511 quam
2037 1480 2108 1504 reus

1215 1519 1323 1550 dicitur
1330 1515 1480 1560 sacrilegii
1494 1541 1500 1548 .
1526 1517 1655 1551 Omnia
1667 1526 1759 1551 extra
1774 1525 1901 1561 tempus
1911 1517 1988 1552 data
1999 1519 2110 1552 Sacra-

1215 1575 1326 1600 menta
1347 1566 1473 1600 videtur
1495 1564 1611 1601 ducere
1633 1566 1724 1603 irrita
1747 1567 1783 1601 dc
1804 1567 1895 1601 nulla
1920 1594 1927 1601 .
1956 1567 2030 1602 Nec
2050 1567 2109 1602 du-

1216 1616 1332 1656 bium,
1358 1617 1438 1659 quin
1462 1617 1608 1651 nostrum
1634 1642 1645 1658 ,
1671 1627 1751 1650 tune
1773 1615 1915 1651 omnino
1933 1617 2110 1652 recentiffi-

1217 1677 1309 1700 mum
1322 1689 1332 1706 ‚
1358 1678 1396 1700 ac
1408 1666 1426 1700 a
1439 1666 1551 1701 Leone
1564 1667 1664 1702 etiam
1677 1677 1770 1702 nono
1781 1667 1816 1702 ἀ
1841 1666 1977 1703 Victore
1998 1667 2112 1711 secunq

1216 1715 1261 1751 do
1287 1716 1538 1756 confirmatum,
1563 1717 1737 1752 Canonem
1759 1716 1932 1761 respiciat.

1270 1765 1468 1810 Respondeo
1488 1765 1529 1801 ad
1561 1768 1772 1811 quaestionem
1798 1767 1890 1802 fuisse
1915 1767 2110 1811 jamdudum

1219 1815 1407 1859 rescriptum
1426 1817 1444 1851 ὸ,
1467 1817 1630 1862 Gregorio
1651 1828 1744 1852 nono
1766 1827 1821 1861 per
1846 1817 1968 1852 litteras
1991 1818 2032 1853 ad
2048 1817 2111 1851 At·-

1218 1864 1460 1910 chiepiscopurn
1473 1867 1663 1902 Barensem:
1686 1865 1905 1910 consultationi
1919 1876 1982 1901 tuae
1993 1867 2110 1912 respon·
2126 1861 2161 1891 Ῑ-·’
2191 1868 2217 1890 ¹·
2241 1860 2285 1891 tir.

1219 1917 1346 1957 demus,
1371 1918 1450 1959 quod
1458 1928 1524 1958 eos,
1548 1923 1598 1961 qui
1609 1926 1699 1952 extra
1718 1925 1857 1960 tempora
1871 1917 1988 1959 statuta
2007 1917 2111 1962 sacros

1217 1967 1347 2000 Ordines
1356 1975 1546 2009 receperunt,
1573 1967 1769 2002 char-adorem
1790 1967 1897 2007 nonest
1921 1968 2044 2003 dublum
2067 1980 2111 2004 re-

1216 2016 1313 2060 cepiffe
1323 2041 1333 2057 ‚
1356 2028 1428 2059 quos
1438 2025 1495 2060 pro
1506 2016 1721 2062 transgrefflone
1737 2017 1931 2062 huiusmodi,
1952 2024 2054 2060 primo
2066 2024 2112 2053 eis

1211 2071 1390 2109 poenitentia
1412 2067 1542 2110 impofita
1554 2073 1728 2111 competenti
1744 2092 1756 2110 ‚
1776 2067 1918 2111 sustinere
1936 2073 2050 2110 poteris
2077 2073 2111 2102 in

1806 2118 1910 2164 Qod
1936 2118 2041 2161 ipsum
2061 2118 2110 2153 su-

1215 2176 1269 2206 pra
1291 2165 1479 2197 audivimus
1504 2166 1524 2196 ὸ.
1543 2166 1702 2200 Zacharia
1727 2165 1895 2201 Pontifice
1920 2167 2051 2202 rescribi
2065 2168 2110 2203 ad

1216 2210 1415 2255 Apostolum
1438 2211 1649 2247 Bonifaeium
1667 2238 1674 2245 .
1703 2213 1808 2259 Qod
1830 2217 2031 2249 contractum
2050 2227 2109 2250 ex-

1212 2269 1260 2293 tra
1279 2268 1425 2303 tempora
1446 2260 1639 2305 conjugium
1662 2263 1763 2294 fuerit
1786 2261 1868 2297 olim
1893 2262 2109 2299 substantiali-

1210 2319 1259 2343 ter
1289 2309 1418 2343 nullum
1430 2334 1441 2350 ,
1466 2308 1569 2344 fateor
1590 2321 1667 2345 cum
1682 2310 1801 2344 Sansto
1811 2310 1911 2346 Petro
1926 2314 2082 2349 Damiani
2097 2328 2108 2348 :

1214 2358 1338 2393 Verum
1350 2368 1387 2394 ut
1411 2359 1453 2394 de
1466 2359 1634 2403 Baptismo
1644 2385 1656 2402 ‚
1682 2358 1872 2396 Christiana
1885 2363 2105 2400 confirmatio·

1214 2420 1254 2442 ne
1268 2432 1279 2448 ‚
1305 2418 1361 2443 aut
1385 2408 1611 2445 Ecclefiasticis
1626 2409 1797 2445 ordinibus
1810 2410 1896 2446 istud
1909 2413 2012 2456 ipsum
2034 2415 2108 2460 quis

1214 2459 1386 2503 opinetur,
1412 2459 1542 2495 nullum
1559 2460 1606 2496 est
1629 2460 1904 2496 fundamentum.

1707 2571 2076 2588 Μ-

1621 2645 1827 2728 ΙΙΙ.

277 2801 705 2942 DEdicationes
739 2806 848 2854 item
884 2803 1165 2854 Ecclefiarum
1200 2804 1354 2857 eadem
1389 2810 1539 2857 Sandia
1588 2807 1788 2877 Synodus
1837 2828 1914 2879 per
1959 2822 2094 2881 pecu;

454 2877 547 2934 nias
581 2873 673 2924 fieri
708 2876 950 2926 nullatenus
984 2877 1152 2926 voluit.

475 3005 957 3053 ScuorroN.

277 3103 551 3191 Ecclesiarum
571 3110 748 3146 Dedicatio
767 3112 813 3147 est
837 3113 920 3148 adeo
932 3114 1088 3159 antiqua,
1113 3122 1148 3149 ut

381 3158 513 3192 asaneti
534 3159 621 3195 Petri
643 3162 795 3205 Apostoli
815 3163 1007 3208 Discipulo,
1033 3176 1071 3200 ac
1092 3165 1151 3209 pri·

269 3214 333 3243 mo
355 3208 467 3242 nostro
488 3208 690 3254 Evangelista
703 3212 821 3247 saneto
832 3214 987 3250 Materno
999 3215 1150 3259 plurimas

274 3256 311 3291 in
328 3257 448 3303 Belgio
469 3257 562 3293 fuisse
584 3259 746 3296 dedicatas
766 3262 926 3299 Ecclefias
935 3264 1066 3300 testetur
1088 3275 1149 3299 ma-

272 3318 377 3353 gnum
400 3307 547 3344 nostrum
576 3307 768 3346 Chronicon
790 3336 796 3342 .
837 3313 1008 3349 Maternus
1030 3314 1148 3350 didice-

272 3366 324 3391 rat
343 3357 362 3391 a
383 3358 441 3392 suo
462 3357 645 3404 Magistro,
684 3360 725 3394 de
749 3372 816 3404 quo
839 3363 873 3396 in
893 3364 978 3399 Sacri
1002 3365 1084 3399 Belli
1102 3363 1150 3396 hi-

113 3391 247 3425 1⁸²²‘c'3
253 3407 371 3444 ‘storia
392 3407 502 3442 scribit
527 3408 723 3445 Guilielmus
732 3408 915 3453 Tyriorum
928 3413 1149 3459 Archiepisco-

1160 2962 1170 3064 Ι

1209 2976 1266 3010 pus
1282 2978 1289 2999 :
1315 2966 1487 3001 Antarados
1505 2964 1593 3000 bodie
1616 2975 1755 3009 corrupta
1765 2973 1978 3010 nuncupatione
1987 2973 2084 3004 Torte·

1203 3014 1239 3059 [a
1258 3018 1365 3051 dicitur
1378 3040 1389 3056 ,
1413 3014 1464 3050 ubi
1484 3015 1631 3059 Apostolus
1644 3020 1755 3051 Petrus
1784 3018 1952 3053 Pboenicem
1977 3026 2095 3052 circum-

1206 3072 1267 3099 iens
1288 3092 1300 3108 ,
1339 3072 1372 3100 in
1401 3065 1506 3100 bonore
1540 3068 1596 3101 Dei
1620 3072 1785 3102 Genetricis
1807 3070 1917 3102 dicitur
1937 3068 2093 3111 Basilicam

1201 3115 1336 3161 fitndaffe
1357 3117 1525 3157 modicam,
1551 3127 1618 3159 quae
1642 3119 1731 3151 multo
1754 3120 1928 3161 populorum
1939 3118 2027 3161 usque
2039 3118 2090 3151 ho-

1207 3166 1254 3199 die
1268 3166 1478 3210 frequentatur
1502 3167 1608 3210 acceffu
1632 3191 1644 3208 ,
1673 3168 1708 3202 ὁ·
1748 3168 1798 3201 ubi
1837 3170 1997 3202 Divinitas
2030 3176 2089 3210 per

1204 3214 1332 3259 ejusdem
1355 3220 1489 3260 Virginis
1511 3218 1727 3258 interceffionem
1763 3220 1858 3252 multa
1880 3220 2020 3251 dicuntur
2048 3217 2094 3250 ind

1205 3266 1369 3309 eligentibus
1389 3265 1527 3308 fidelibus
1546 3266 1682 3309 praestari
1705 3268 1843 3310 beneficia
1865 3295 1871 3301 .
1902 3267 1956 3309 Est
1983 3265 2095 3308 Tyrenfi

1207 3316 1357 3357 Metropoli
1373 3314 1567 3361 sufflaganea
1580 3342 1587 3349 .
1624 3317 1728 3365 Qod
1751 3329 1828 3353 cum
1861 3316 1998 3352 Christo
2019 3317 2090 3349 Do-

1206 3365 1299 3399 mino
1326 3365 1391 3408 jam
1422 3366 1548 3401 dudum
1576 3378 1714 3412 regnans
1753 3368 1839 3402 idem
1870 3365 2051 3410 Apostolus
2082 3388 2095 3406 ,

1205 3426 1283 3449 cum
1306 3425 1430 3461 magno
1460 3415 1666 3461 Angelorum
1701 3418 1860 3456 comitatu
1891 3413 2091 3449 descenderit

1894 3475 1912 3500 e
1937 3463 2039 3505 coelis,

2133 1911 2183 1931 ΙΙ.
