2366 3756
82 728 146 760 lib.
172 740 198 759 ι.

83 777 148 806 cap.
172 774 197 800 6.

909 134 1399 178 chTATus.

1904 145 1996 189 315

381 293 694 396 Romana
752 287 986 368 santii
1045 282 1442 388 Athanasii
1512 284 1977 418 Appellatio

799 403 1005 489 denuo*
1062 402 1518 489 examinatur.

336 622 438 657 Tiam
449 621 533 658 circa
551 620 637 655 hanc
656 618 908 664 appellationem
931 620 1072 666 graviter
1084 632 1131 655 er·

362 683 410 708 rat
432 673 477 707 D.
500 673 614 706 Petrus
634 670 675 704 de
696 671 829 704 Marca.
857 671 1043 706 Audiamus
1064 671 1130 714 ejus

257 722 352 758 verba
365 736 374 756 ε
400 723 611 757 Adnotandum
622 720 661 761 est
671 744 682 760 ,
699 726 832 762 iniquum
842 725 958 755 omnino
970 720 1068 764 visum
1080 721 1131 764 effe

255 773 459 808 Orientalibus
471 797 483 814 ‚
504 770 531 814 fi
536 770 736 805 occidentales
748 769 888 813 Episcopi
909 776 999 805 etiam
1020 777 1053 804 in
1069 771 1131 812 ple-

256 829 341 858 nario
351 824 480 856 Concilio
492 828 645 856 tentarent
655 820 820 854 retractare
824 823 942 861 judicia
955 827 989 853 in
999 825 1133 853 Orienta-

255 874 333 907 libus
356 872 473 910 synodis
491 871 605 912 sabla,
630 871 707 913 quod
727 881 758 904 eo
774 871 863 912 padio
883 871 992 904 barum
1012 871 1133 909 synodo-

253 934 322 956 rum
344 920 549 954 auHoritatem
568 922 677 955 violari
698 920 884 962 manifestum
907 921 971 963 esset
993 944 1001 952 .
1028 924 1133 960 Itaque

254 977 313 1007 vix
333 973 411 1005 credi
432 970 545 1013 potest,
571 977 618 1004 ita
638 978 819 1012 comparatos
835 970 926 1011 fuisse
949 993 960 1009 ,
985 977 1020 1001 ut
1039 967 1130 1011 solius

256 1026 383 1056 Romani
404 1022 557 1062 Pontificis
575 1020 782 1052 audoritatem
800 1016 856 1060 sua
879 1017 1060 1060 superiorem
1084 1018 1134 1060 effe

256 1070 458 1114 confiterentur
476 1093 487 1109 ,
510 1066 680 1112 praesertim
702 1079 768 1102 cum
784 1065 912 1110 schisma
936 1076 1065 1101 recenter
1082 1068 1133 1100 ad·

256 1122 365 1157 versus
376 1122 459 1155 illum
462 1120 618 1162 fecissent,
644 1129 767 1159 eumque
777 1117 812 1149 ob
824 1116 874 1148 hoc
890 1115 1135 1159 excommunicas-

253 1170 324 1215 sent
335 1196 346 1212 ,
372 1172 451 1213 quod
458 1178 545 1212 caput
555 1171 618 1212 esset
628 1179 725 1201 eorum
737 1191 748 1207 ‚
773 1171 824 1208 qui
839 1166 915 1210 leges
928 1165 1135 1208 Ecclesiasticus

253 1222 512 1264 pessumdederant
538 1245 545 1252 .
585 1219 628 1251 Et
665 1216 799 1251 adducit
835 1215 1135 1262 philippopolitani

258 1270 497 1305 Conventiculi
525 1268 559 1301 in
584 1267 709 1310 julium
730 1265 926 1300 Pontificem
952 1265 1072 1300 verba:
1097 1270 1136 1298 Ut

258 1323 368 1354 Ducem
393 1321 427 1354 θ
440 1322 610 1359 Principem
622 1318 767 1350 malorum
779 1340 789 1357 ,
815 1322 866 1358 qui
883 1322 1001 1358 primus
1004 1318 1137 1357 januam

256 1375 466 1404 communionis
482 1366 632 1411 sceleratis
653 1376 740 1409 atque
752 1368 908 1400 damnatis
921 1372 1039 1408 aperuit
1052 1391 1062 1407 ,
1084 1377 1137 1400 cae·

258 1419 388 1463 terisque
407 1421 523 1452 aditum
537 1417 616 1460 fecit
625 1419 670 1450 ad
671 1415 820 1460 solvenda
824 1419 901 1457 J'ura
924 1420 1060 1450 Divina.

313 1469 513 1513 Respondeo
535 1468 678 1502 omnino
701 1466 789 1501 hunc
811 1467 904 1501 fuisse
923 1466 1140 1510 quorumdam

259 1519 484 1554 Orientalium
505 1519 632 1552 sensum
655 1541 661 1548 -
708 1516 838 1561 Nempe
860 1518 963 1551 totius
991 1516 1142 1550 Eusebia·

258 1581 310 1604 nae
331 1569 500 1603 fafflonis.
527 1569 608 1602 Haec
630 1567 719 1602 enim
739 1568 784 1601 est
797 1592 809 1608 ,
834 1578 904 1610 quae
927 1566 1043 1609 aJulio
1057 1565 1143 1598 Pon-

258 1620 351 1652 tifice
370 1626 551 1662 reparatum
571 1614 789 1651 Athanasium
804 1639 826 1661 ,·
841 1629 878 1649 ac
900 1617 954 1657 ipsi
978 1614 1143 1647 redditum

258 1667 497 1710 Episcopatum
517 1667 625 1699 noluit
636 1666 832 1708 agnoscere;
859 1675 928 1709 quae
939 1663 1071 1708 garrivit
1085 1662 1142 1697 Ec·

259 1715 467 1752 cleliasticam
479 1712 708 1748 Hierarchiam
717 1714 780 1746 esse
791 1724 857 1745 non
872 1713 1123 1747 Monarchicam
1134 1736 1145 1752 ,

260 1765 315 1801 sed
338 1765 627 1803 Aristocraticam,
652 1773 693 1808 ex
714 1761 949 1805 aequodivisam
963 1763 995 1795 in
1009 1771 1070 1796 tres
1086 1761 1144 1795 Pa·

261 1811 436 1857 triarchas;
462 1825 531 1858 quae
541 1812 723 1847 Orientalis
746 1812 890 1846 Ecclefiae
910 1811 1145 1847 Patriarchalia

262 1864 386 1910 judicia
410 1865 516 1898 voluit
536 1863 599 1897 effe
620 1863 785 1906 suprema,
813 1862 951 1905 ideoque
963 1872 1015 1905 per
1024 1862 1146 1896 Roma-

262 1926 342 1950 nam
362 1914 540 1948 Ecclesiam
563 1924 631 1946 non
656 1913 744 1956 posse
764 1912 948 1946 retraetari·
942 1938 951 1954 ,
978 1922 1047 1955 quae
1071 1912 1146 1946 isto·

261 1976 337 2000 mm
357 1963 552 2007 judiciorum
577 1963 758 2005 supremam
779 1962 1000 1996 auetoritatem
1020 1961 1146 2005 censuit

262 2016 326 2049 effe
347 2013 510 2049 Divinum
529 2022 626 2054 atque
645 2012 903 2055 Evangelicum'
894 2024 970 2054 Jus;
994 2022 1064 2054 quae
1082 2009 1145 2045 hoc

262 2064 313 2108 jus
338 2062 470 2108 garrivit
492 2063 528 2096 in
560 2072 707 2104 reparato
738 2060 922 2095 Athanasio
943 2061 1103 2095 violatum
1129 2071 1146 2091 a

270 2114 358 2158 Julio
372 2126 381 2155 3
408 2124 478 2156 quae
490 2113 524 2146 in
536 2111 658 2154 Julium
670 2132 681 2149 ,
706 2120 874 2152 tamquam
888 2109 1062 2152 Evangelii
1076 2119 1144 2151 prae·

266 2163 502 2200 varicatorem,
538 2160 665 2192 latravit
692 2158 1046 2192 excommunicationis
1072 2168 1151 2191 con-

266 2213 410 2252 vitium3
437 2221 506 2254 quae
526 2209 656 2242 Sardica
679 2209 765 2251 fugit
785 2207 1067 2251 Philippopolim,
1103 2217 1145 2242 at·

266 2272 330 2304 que
353 2261 422 2294 illic
445 2258 559 2293 omnia
579 2257 647 2291 haec
670 2259 819 2292 scelerata
841 2259 986 2291 facinora
1010 2259 1044 2291 δι
1070 2255 1149 2302 dog-

268 2322 356 2345 mata
379 2309 513 2344 ssabiliit
534 2319 589 2351 per
607 2307 771 2342 sceleratas
792 2308 937 2348 litteras,
967 2308 999 2340 in
1011 2318 1146 2349 quarum

268 2362 374 2404 capite
398 2359 507 2393 statim
531 2359 600 2401 post
615 2357 798 2401 Georgium
812 2356 1095 2398 Alexandrinum,
1116 2358 1147 2391 &

270 2408 499 2453 Amphionem
522 2407 812 2442 Nicomediensem
832 2432 843 2448 ,
886 2407 1028 2442 scelerati
1053 2407 1147 2441 Euse-

271 2461 318 2495 bii
332 2459 539 2494 successorem
550 2480 561 2497 ‚
587 2457 735 2492 laudatur
746 2458 899 2491 Donatus
911 2457 1148 2502 Carthaginen-

269 2511 308 2544 fis
334 2510 513 2553 Episcopus
536 2521 544 2541 ε
586 2507 715 2550 Utique
738 2508 893 2541 Donatus
926 2518 1065 2551 magnus
1085 2531 1096 2547 ,
1131 2509 1148 2540 a

269 2571 339 2603 quo
360 2560 513 2594 Haeretici
533 2558 731 2592 Donatistae.
759 2556 890 2601 Nempe
911 2557 959 2592 uti
985 2568 1073 2591 nunc
1086 2557 1147 2592 Lu-

269 2607 397 2644 therani
421 2609 456 2642 &
488 2607 677 2643 Calvinistae
698 2631 710 2647 ,
745 2618 812 2651 quo
833 2609 921 2640 suam
951 2608 1147 2650 paucitatem

269 2659 480 2694 consolentur
503 2683 514 2699 ‚
550 2658 584 2692 &
606 2658 763 2692 Romano
786 2657 945 2691 Pontifici
967 2658 1148 2691 incommo-

270 2707 373 2748 dent,
397 2718 556 2742 conantur
578 2706 635 2740 fibi
657 2707 798 2742 adunare
820 2707 1043 2742 schismaticos
1065 2707 1151 2740 Grae·

270 2768 349 2800 cos·‚
379 2758 423 2791 ita
443 2769 522 2791 tunc
547 2757 728 2791 Eusebiana
750 2757 950 2791 Arianos-nm
963 2759 1060 2792 faeno
1071 2768 1147 2791 eun-

271 2808 347 2842 dem
372 2807 406 2840 in
429 2807 529 2840 finem
552 2806 673 2842 studuit
696 2807 754 2841 fibi
779 2806 919 2841 adunare
941 2807 1087 2841 turbidos
1114 2808 1147 2841 ὃς

271 2856 503 2893 occidentales
513 2857 721 2892 Donatistas.
744 2857 786 2891 Et
797 2869 837 2891 ex
850 2857 907 2892 ista
921 2858 1065 2900 Epistola
1077 2858 1148 2891 Do-

272 2907 398 2943 natistae
420 2906 528 2950 postea
538 2907 649 2939 conati
660 2910 731 2942 sunt
742 2909 890 2941 evincere
900 2908 989 2941 suam
1002 2918 1147 2942 commu-

268 2957 407 2993 nionem
428 2968 495 2990 non
516 2956 670 2990 concludi
684 2958 768 2992 intra
781 2958 924 2991 Africam
937 2982 947 2996 ,
974 2958 1027 2991 sed
1040 2967 1146 2991 exten-

270 3006 351 3042 diin
365 3007 552 3040 Orientem.
581 3006 625 3039 Et
638 3008 677 3039 ad
689 3007 754 3050 ejus
767 3007 854 3041 lestae
876 3006 1047 3041 exordium
1071 3009 1145 3042 San-

270 3058 341 3091 stus
364 3056 589 3099 Augustinus,
616 3056 672 3098 qui
695 3057 886 3092 Sardicenfia
900 3058 978 3091 Aeta
998 3056 1146 3091 distinete

269 3118 341 3141 non
353 3105 512 3145 c'allebat,
530 3105 670 3147 primum
685 3106 851 3150 obstupuit
863 3132 873 3148 ,
884 3106 1145 3151 &Juliumpon-

270 3157 394 3191 tificern
413 3154 457 3188 ob
481 3165 659 3197 reparatum
692 3154 910 3192 Athanasium
930 3158 1078 3192 damnari
1105 3157 1145 3190 ab

267 3206 337 3250 ipsa
358 3205 513 3244 audiens,
542 3204 649 3238 statim
661 3204 813 3240 clamavit
823 3207 884 3240 effe
899 3206 1073 3242 Arianam.
1102 3206 1145 3239 Et

268 3268 313 3291 ex
336 3255 392 3289 ista
405 3255 553 3288 scelerata
566 3254 711 3297 Epistola
735 3257 777 3291 D.
799 3256 1066 3301 Archiepiscopus
1076 3268 1144 3300 pro·

267 3306 324 3341 bat
344 3306 414 3340 suas
434 3303 652 3345 adsertiones,
672 3305 839 3349 creditque
861 3307 891 3341 se
913 3307 1053 3342 adserere
1072 3317 1146 3340 cum

269 3364 338 3391 tota
360 3353 521 3389 Orientali
548 3354 706 3388 Ecclesia.
734 3354 859 3391 Verum
884 3369 954 3395 non
965 3357 1062 3394 sentit
1073 3366 1147 3391 cum

371 3403 560 3448 christ.Lup1
571 3407 774 3448 openromff.

1188 1778 1194 1832 l

1194 622 1310 657 Sancto
1332 618 1532 660 Athanasio,
1552 629 1613 654 nec
1636 628 1713 655 cum
1734 620 1854 655 Sane'to
1865 618 1969 654 Paulo
1981 618 2074 654 Con-
2098 630 2101 633 *

1195 670 1506 713 stantinopolitano,
1534 681 1593 704 nec
1604 681 1680 704 cum
1692 670 1854 705 Marcello
1867 666 2049 713 Ancyrano
2060 692 2073 708 ‚
2088 698 2102 710 ,

1197 733 1255 756 nec
1267 732 1343 755 cum
1363 721 1472 754 Lucio
1495 717 1819 763 Adrianopolitano,
1846 731 1905 755 uec
1928 730 2003 754 cum
2028 717 2075 750 A·

1196 773 1298 814 felepa
1310 770 1447 804 Gazensi
1459 792 1470 809 ,
1497 780 1558 803 nec
1570 779 1645 802 cum
1661 769 1809 812 plurimis
1820 770 1894 804 aliis
1916 768 2076 804 orthodo-

1196 822 1245 854 xis
1269 831 1322 863 per
1343 831 1478 856 omnem
1499 819 1672 853 Orientem
1694 818 2076 862 Episcopis&Clericis,

1196 872 1250 913 qui
1271 872 1377 905 curisti
1398 870 1417 905 a
1439 869 1501 904 suis
1513 867 1739 903 haereticorum
1750 866 2010 906 patriarcharum
2021 875 2080 912 aut

1197 920 1487 964 Metropolitarurn
1516 917 1661 963 Synodis
1680 916 1829 953 damnati
1856 918 2001 952 Romam
2026 914 2087 958 ap*

1197 971 1416 1012 pellaverunt.
1443 970 1516 1003 Nec
1544 970 1642 1003 sentit
1666 980 1742 1003 cum
1762 968 1941 1004 Sardicenfi
1970 968 2079 1010 Syno-

1198 1019 1242 1052 do
1253 1043 1264 1059 ‚
1289 1031 1358 1062 quae
1378 1019 1547 1054 adversum
1560 1018 1633 1053 Istas
1644 1019 1812 1054 sceleratas
1822 1018 1943 1053 litteras
1953 1015 2080 1051 edixit:

1198 1068 1300 1101 San&
1323 1072 1410 1101 Petri
1433 1067 1553 1110 apostoli
1576 1074 1744 1103 memoriam
1765 1069 1934 1103 honoremus
1949 1092 1956 1100 ·

1249 1118 1363 1162 Pergit
1375 1118 1416 1151 D.
1431 1116 1704 1162 Archiepiscopus
1716 1133 1727 1153 .·
1757 1120 1925 1154 orientales
1937 1125 1995 1160 per
2014 1117 2083 1150 illas

1199 1167 1381 1208 tempestates
1393 1168 1524 1210 regulam
1534 1165 1610 1209 hanc
1624 1175 1734 1200 certam
1756 1168 2005 1202 &indubitatam
2027 1169 2087 1198 Ec·

1202 1215 1360 1258 clefiallicae
1377 1215 1543 1259 disciplinae
1557 1216 1609 1259 effi:
1619 1217 1856 1255 contendebant,
1882 1228 1928 1250 res
1943 1222 1975 1248 in
1986 1219 2090 1248 Orien-

1200 1276 1228 1301 te
1232 1269 1388 1308 judicatas
1398 1265 1557 1299 retraetari
1569 1276 1627 1298 non
1636 1267 1711 1308 poffe
1735 1273 1768 1300 in
1790 1267 1973 1304 Occidente,
1998 1274 2049 1298 nec
2073 1265 2090 1297 ἰ·

1202 1318 1317 1351 contra.
1344 1321 1392 1350 Ita
1404 1327 1534 1358 namque
1545 1315 1723 1357 adfirmavit
1746 1318 1912 1349 Concilium
1938 1312 2090 1348 Antioche-

1203 1379 1274 1401 num
1285 1372 1318 1400 in
1330 1366 1464 1409 Epistola
1477 1367 1521 1398 ad
1520 1369 1554 1411 J
1556 1367 1647 1398 ulium
1659 1369 1777 1406 Papam
1788 1390 1798 1406 ‚
1825 1371 1857 1398 in
1876 1376 1936 1408 qua
1950 1362 2090 1407 Episcopi

1205 1417 1311 1459 adferu
1316 1426 1349 1450 nt
1360 1417 1526 1457 exemplum
1536 1416 1740 1450 damnationis
1755 1417 1844 1449 Pauli
1857 1413 2045 1458 Samosateni·
2053 1412 2090 1446 ab

1205 1467 1407 1501 Orientalibus
1433 1464 1590 1508 Episcopis
1614 1467 1766 1506 decretae,
1792 1477 1882 1508 quam
1892 1466 2032 1499 Occidens
2048 1475 2093 1496 re-

1204 1523 1299 1558 cepit,
1326 1513 1511 1556 consensuque
1529 1512 1730 1555 suofirmavit
1742 1513 1853 1557 absque
1880 1524 1955 1548 novo
1978 1518 2091 1548 exami-

1206 1576 1259 1598 ne.
1288 1566 1368 1597 Sicut
1379 1568 1469 1596 etiam
1482 1567 1588 1595 oriens
1600 1569 1729 1604 recepit,
1755 1564 2013 1606 &approbatione
2036 1562 2095 1606 sua

1205 1614 1394 1656 confirmavit
1419 1614 1639 1646 damnationem
1664 1615 1685 1644 ἃ
1711 1614 1816 1652 synodo
1840 1614 2022 1647 occidentali
2048 1614 2098 1645 de-

1205 1672 1316 1697 cretam
1336 1663 1487 1696 adversus
1524 1666 1736 1696 Novatianum
1752 1688 1759 1696 .
1805 1663 2005 1706 Respondeo
2032 1663 2097 1697 Eu-

1208 1713 1340 1748 sebianae
1362 1712 1511 1746 sastionis
1544 1711 1745 1746 schismatica
1768 1712 1803 1746 ἀ
1829 1712 1978 1748 haeretica
2005 1724 2098 1747 com-

1208 1773 1318 1798 menta
1341 1762 1395 1797 hic
1420 1761 1531 1796 denuo
1558 1774 1680 1797 venum
1705 1763 1827 1805 exponi
1850 1774 1909 1806 pro
1935 1772 2025 1797 certa
2050 1773 2100 1796 ac

1208 1813 1391 1848 indubitata
1411 1812 1591 1847 Orientalis
1614 1813 1762 1846 Ecclefiae
1789 1813 1918 1857 regula.
1947 1814 2036 1847 Nam
2062 1813 2097 1845 ἀ

1209 1861 1423 1898 Antiochena
1446 1862 1599 1906 Synodus
1619 1863 1682 1896 fuit
1702 1862 1794 1897 istius
1805 1862 1957 1898 fastionis
1969 1863 2099 1896 scelera·

1209 1923 1278 1947 tum
1302 1914 1571 1948 conventiculum
1593 1936 1603 1951 ‚
1641 1914 1797 1957 deditque
1819 1913 2033 1948 fundamenta
2062 1913 2097 1946 δε

1208 1963 1353 1997 fomenta
1367 1985 1378 2002 ,
1389 1974 1430 1996 ex
1442 1962 1560 2005 quibus
1570 1962 1914 2007 Philippopolitanum
1927 1963 2098 1998 conventi-

1209 2013 1323 2046 culum
1346 2013 1487 2046 firmavit
1514 2012 1584 2045 suas
1604 2013 1767 2046 sceleratas
1794 2012 1942 2048 litteras.
1972 2011 2100 2047 Audia-

1209 2071 1280 2093 mus
1306 2061 1384 2103 quid
1409 2060 1451 2093 de
1477 2061 1567 2094 istius
1590 2063 1631 2095 ad
1658 2062 1783 2104 Julium
1820 2063 1938 2097 litteris
1973 2063 2105 2097 censeat

1210 2110 1363 2143 Hermias
1375 2108 1597 2142 Zozornenus:
1629 2111 1771 2151 Quibus,
1785 2112 1900 2154 utique
1910 2123 1965 2155 per
1977 2112 2104 2155 Julium
2116 2126 2144 2156 L
2156 2134 2186 2162 3.
2203 2133 2227 2154 c
2250 2134 2275 2158 7

1208 2159 1287 2192 fasta
1309 2156 1480 2193 Athanasii
1504 2159 1724 2200 reparatione,
1765 2158 1799 2191 &
1827 2160 2041 2203 Apostolicis
2052 2173 2102 2197 ea-

1208 2210 1284 2243 dem
1310 2208 1351 2242 de
1372 2219 1406 2242 re
1441 2207 1577 2247 litteris,
1603 2209 1648 2240 illi
1673 2232 1683 2248 ,
1721 2207 1898 2243 Eusebiani
1922 2211 2102 2255 Episcopi,

1202 2264 1345 2305 graviter
1353 2264 1504 2298 commoti,
1530 2262 1710 2291 conveniunt
1723 2257 1886 2294 Antiocbiae
1895 2265 1927 2294 in
1938 2272 2053 2302 unum,
2065 2264 2100 2296 (9·

1209 2309 1373 2351 epistolam
1393 2307 1496 2340 verbis
1517 2307 1701 2350 elegantibus
1713 2318 1874 2349 ornatam,
1901 2312 1935 2344 o·
1960 2309 2071 2354 diserte
2085 2337 2097 2353 ,

1209 2368 1243 2392 ut
1258 2358 1418 2391 Rhetorum
1431 2369 1492 2390 mos
1510 2357 1572 2397 est,
1598 2357 1802 2400 compositam,
1828 2361 1872 2392 ad
1884 2363 2010 2404 Julium
2027 2360 2102 2404 scri-

1210 2409 1302 2449 bunt,
1324 2418 1446 2449 eamque
1464 2407 1586 2449 plenam
1609 2413 1734 2450 ironia,
1763 2410 1957 2443 &minarum
1979 2422 2035 2443 non
2049 2422 2101 2445 ex-

1207 2467 1323 2502 pertem
1340 2458 1601 2502 graviffimarum.
1630 2462 1717 2492 Nam
1728 2469 1909 2502 quamquam
1920 2463 2028 2494 litteris
2036 2459 2100 2503 fiiis

1204 2509 1386 2551 fatebantur
1408 2507 1568 2549 Ecclesiam
1589 2511 1756 2541 Romanam
1775 2516 1896 2551 primas
1908 2513 1991 2554 apud
1999 2523 2099 2545 omnes

1204 2559 1286 2601 ferre
1312 2583 1320 2597 ,
1356 2560 1455 2598 utpote
1475 2569 1543 2600 quae
1571 2558 1763 2599 Apostolorum
1779 2559 1879 2602 schola
1912 2563 1947 2595 (9·
1973 2566 2099 2602 pietatis

1213 2609 1403 2649 Metropolis,
1430 2609 1496 2640 licet
1517 2608 1650 2641 auchres
1675 2611 1834 2653 Religionis
1849 2609 2026 2650 christiana
2034 2617 2099 2653 pri-

1211 2660 1289 2691 mum
1315 2669 1353 2690 ex
1373 2662 1494 2691 Oriente
1516 2659 1679 2701 venissent,
1710 2662 1781 2700 jam
1804 2661 1842 2692 ab
1866 2666 1950 2693 initio
1969 2661 2099 2703 fhisset;

1214 2718 1314 2741 tamen
1335 2708 1488 2751 indignati
1505 2708 1577 2751 sunt
1585 2707 1618 2751 se
1624 2708 1797 2750 posteriores
1810 2711 1875 2743 ideo
1881 2710 1967 2751 ferre
1981 2735 1992 2752 ,
2019 2712 2102 2753 quod

1214 2759 1419 2801 magnitudine
1437 2757 1568 2799 Ecclefiae
1582 2757 1812 2801 superarentur.
1840 2761 1936 2802 quue
1955 2773 2019 2794 cum
2033 2766 2098 2794 vir-

1214 2818 1277 2842 tute
1299 2811 1332 2842 (a
1351 2814 1402 2850 pio
1424 2809 1551 2842 vivendi
1572 2809 1670 2848 studio
1690 2810 1774 2853 longe
1801 2808 1964 2852 superiores
1990 2811 2075 2854 efflent
2088 2835 2095 2842 .

1214 2862 1299 2903 Quin
1320 2865 1411 2891 etiam
1436 2863 1568 2891 criminis
1590 2860 1647 2892 loco
1661 2862 1694 2904 J
1698 2861 1755 2892 ulio
1775 2859 1951 2900 objiciebant
1969 2884 1980 2900 ,
2019 2862 2100 2902 quod

1213 2920 1278 2943 cum
1303 2907 1459 2950 Athanasio
1482 2911 1516 2942 ό*
1538 2909 1661 2951 reliquis
1684 2920 1751 2942 cum
1771 2920 1802 2942 eo
1834 2909 1989 2952 Episcopis
2023 2921 2097 2943 com-

1215 2964 1433 2993 municaverat.
1461 2961 1505 2990 Et
1527 2961 1603 3002 aegre
1625 2960 1781 2992 admodum
1794 2959 1958 3001 ftrebant,
1993 2968 2095 3001 pertn-

1213 3010 1252 3043 de
1273 3021 1307 3042 ac
1321 3008 1351 3051 fi
1367 3018 1430 3042 tum
1448 3010 1608 3041 Concilium
1631 3008 1805 3042 Nicaenum
1822 3030 1833 3047 ‚
1871 3018 1935 3042 tum
1966 3008 2095 3053 ipsorum

1209 3058 1360 3102 finientia
1374 3058 1499 3102 fuiffent
1521 3058 1682 3102 abrogata.
1709 3059 1803 3102 ,Qliod
1815 3058 1937 3100 fac‘lum
1952 3084 1963 3100 ,
1988 3069 2020 3093 ut
2037 3065 2096 3092 ini*

1215 3121 1325 3151 quum,
1350 3109 1383 3141 (5
1404 3110 1424 3140 ἃ
1445 3109 1503 3152 lege
1526 3107 1718 3149 Ecclesiastico
1729 3107 1922 3151 discrepans,
1949 3109 2095 3150 insimula-

1216 3168 1306 3191 runt.
1334 3162 1393 3192 His
1415 3160 1451 3191 de
1472 3158 1560 3199 caufis
1582 3158 1645 3190 cum
1670 3169 1733 3192 eum
1756 3160 1800 3191 ad
1819 3159 1895 3191 bunc
1910 3160 2027 3192 modum
2040 3163 2095 3193 cri-

1214 3213 1321 3241 minati
1343 3209 1449 3250 essent,
1477 3210 1511 3242 (η’
1526 3207 1580 3249 fibi
1597 3207 1720 3249 fallam
1739 3210 1882 3249 injuriam
1892 3208 2010 3250 testati,
2030 3210 2094 3251 Ju-

1214 3260 1251 3291 lio
1267 3266 1369 3299 pacem
1395 3259 1429 3291 (9
1448 3264 1675 3291 communionem
1697 3257 1931 3300 pollicebantur,
1960 3257 1990 3299 fi
2009 3259 2092 3290 modo

1213 3307 1425 3340 abdicationem
1451 3320 1546 3341 eorum
1558 3334 1569 3349 ,
1592 3314 1645 3350 qui
1655 3309 1698 3340 ad
1711 3305 1805 3349 ipsum
1812 3307 2007 3351 profugerant
2016 3332 2026 3347 ‚
2039 3315 2092 3348 ap-

1210 3358 1348 3399 probaret
1359 3383 1366 3391 .
1402 3360 1454 3392 sin
1464 3367 1560 3393 autem
1570 3356 1840 3400 ress‘steretipsorum
1853 3361 1985 3395 Decretis
1996 3380 2007 3396 ‚
2025 3367 2093 3391 con-

1593 3407 1627 3441 D
1652 3406 1673 3440 d
1724 3419 1747 3445 2
1946 3411 2043 3440 traria
