2366 3756
131 659 193 691 Lib1
206 672 228 692 ι,
239 669 266 692 c.

134 1086 198 1120 Lib.
223 1098 249 1118 1.
262 1097 286 1119 ct

142 1132 188 1158 18.

130 2126 194 2161 Lib·
219 2133 247 2161 7-
262 2134 289 2156 c-

134 2179 147 2206 5
152 2178 182 2206 3·

144 2519 177 2548 1.
188 2526 213 2546 ι.
224 2523 253 2546 c.
270 2524 299 2550 4·

171 3090 293 3126 Ep.162·

408 140 439 174 6

297 145 479 250 Ecclifiaiii
503 208 662 244 Eusebius
690 206 797 240 laudat
823 207 1006 248 Epistolam
1034 231 1044 247 ,

687 130 725 171 S.
764 124 1085 169 Gntoonn
1122 123 1763 173 5E1²T1Mll³0NT1.J²1c18

1082 211 1114 239 in
1137 217 1197 248 qua
1260 204 1449 249 pellandum
1474 204 1568 238 fuisse
1592 205 1662 239 vult
1679 205 1719 238 ad
1743 206 1929 248 generalem
1950 206 2147 251 synodum,

299 266 404 299 multis
433 263 616 304 argumentis
635 281 646 297 ,
673 259 705 290 ὦ*
713 258 832 298 prolixo
839 255 975 299 sermone
988 257 1025 289 de
1038 256 1196 299 quaestione
1260 255 1408 299 adeoque
1429 256 1601 300 profitetur
1625 255 1746 298 Papale
1766 254 1928 299 judicium
1947 267 2017 291 non
2055 259 2147 294 fuisse

297 312 442 359 propofita
454 308 605 353 disputat.
618 308 746 341 Grandi
763 307 990 341 Ecclefiasticae
1001 306 1198 341 eruditionis

302 365 428 399 damno
439 361 542 405 ipsam
553 360 612 392 suae
623 357 776 392 Historiae
789 369 856 392 non
871 358 1004 399 inseruit
1019 356 1177 400 Eusebius
1191 369 1198 389 :

303 415 399 450 Hinc
415 411 549 446 finalem
559 408 714 451 Dionysii
727 418 872 442 mentem
885 408 1077 453 ignoramus
1089 432 1106 439 .⁷

355 460 487 510 Quibus
499 459 655 495 omnibus
667 457 772 492 lucide
788 458 915 493 videtur
925 459 1111 492 consentire
1121 459 1160 492 Sa
1166 470 1199 491 n-

304 516 375 548 stus
393 511 618 557 Augustinus.
645 509 782 544 Etenim
808 508 947 557 inlibris
961 508 1113 543 adversus
1124 509 1199 542 Par-

304 564 500 599 rnenianum
521 561 653 607 quaerit,
682 558 738 593 An
759 559 874 592 datum
896 559 914 591 a
937 570 1004 592 non
1032 559 1199 602 baptizato

305 614 466 658 baptisma
482 613 522 646 fit
547 609 691 644 validum
705 633 716 649 ,
740 608 775 642 &
796 607 965 653 respondet
979 609 1138 652 :Aliquid
1160 619 1199 642 te-

305 665 386 699 meri?
404 665 473 697 inde
497 661 710 704 affirmandum
730 670 788 692 non
809 659 847 700 est
858 659 921 701 fine
931 660 1108 693 autqoritate
1120 665 1200 692 tanti

306 715 449 754 concilii,
476 720 625 756 quantum
637 715 734 743 tantae
747 714 791 743 rei
796 708 921 753 sufficit.
950 709 1200 744 Procedendum

305 765 362 799 hic
373 763 457 798 dicit
477 788 487 805 ,
524 759 700 806 quomodo
727 762 910 803 processum
937 761 1001 794 fuit
1030 762 1066 793 in
1093 759 1201 793 Sancti

305 813 472 858 Cypriani
494 811 673 857 quaestione
686 835 696 851 ‚
723 808 855 854 Discussa
874 833 885 850 ‚
908 808 1087 852 confiderata
1100 832 1111 848 ,
1131 818 1202 852 per-

298 865 386 907 fec‘la
405 889 416 906 ,
457 873 548 906 atque
583 862 706 905 firmata
733 872 789 905 per
814 861 987 904 Synodum
1014 859 1202 894 Nicaenam.

304 914 408 955 Vox,
438 912 578 955 Perfec‘la
598 937 609 954 ,
638 910 740 946 edicit
761 910 918 953 Stephani
941 908 1107 954 judicium
1130 921 1199 945 non

305 966 401 999 fuisse
423 965 614 1009 perfectum,
645 963 698 996 seu
715 960 910 996 infallibile.
949 959 1076 995 Eadem
1102 961 1144 995 de
1169 971 1203 994 re

304 1014 418 1049 scribit
440 1016 476 1048 in
496 1013 588 1047 libris
609 1012 652 1047 de
670 1011 839 1056 Baptismo
867 1024 874 1044 :
900 1014 933 1045 ,Π
955 1012 1044 1045 aliud
1065 1012 1144 1052 alu,
1168 1012 1203 1045 <²5

304 1066 393 1098 aliud
415 1065 469 1097 alii
492 1062 593 1096 adhuc
624 1063 662 1095 de
686 1061 741 1099 ista
761 1060 916 1107 quaestione
937 1087 948 1103 ,
980 1060 1074 1105 salva
1093 1069 1171 1103 pace
1188 1086 1199 1101 ,

301 1114 474 1158 sentirent,
500 1115 592 1147 donec
618 1110 786 1154 universali
813 1114 942 1147 Concilio
967 1122 1058 1144 unum
1085 1112 1204 1155 aliquid

305 1167 496 1207 eliquatum,
519 1157 895 1210 fincerumq'tjeplacuffen
922 1161 1061 1194 bumanae
1077 1160 1202 1200 infirmi-

305 1221 387 1248 tatis
398 1225 526 1248 errorem
538 1217 682 1255 cooperuit
694 1210 828 1245 chamas
840 1216 970 1243 unitatis
985 1234 992 1241 .
1022 1209 1140 1252 Usque
1159 1208 1199 1243 ad

306 1265 483 1300 Nicaenam
507 1260 679 1306 Synodum
707 1260 876 1302 profitetur
904 1258 989 1292 nihil
1022 1258 1116 1293 fuiffe
1148 1258 1202 1292 eli·

304 1324 445 1356 quatum
458 1336 468 1352 ,
482 1312 638 1344 sincerum
651 1332 662 1349 ‚
689 1303 908 1343 infallibiliter
921 1308 1096 1343 definitum
1107 1332 1118 1348 ‚
1145 1307 1201 1343 sed

305 1371 575 1408 unumquemque
598 1361 633 1393 in
654 1358 712 1392 suo
735 1358 872 1393 innoxie
894 1359 987 1396 sensu
1005 1358 1199 1393 abundasse.

300 1413 345 1448 -In
366 1413 434 1447 alio
455 1410 599 1455 ejusdem
624 1409 734 1452 operis
757 1407 844 1443 libro
867 1408 962 1444 verba
975 1408 1030 1444 illa
1045 1433 1056 1449 ‚
1083 1407 1202 1453 quibus

305 1464 398 1498 nolle
420 1464 452 1497 se
475 1462 716 1505 Episcoporum
741 1459 942 1503 Episcopum
953 1460 1129 1503 tyrannico
1140 1469 1200 1495 ter·

305 1525 379 1548 rore
399 1523 518 1558 agere,
543 1512 576 1545 ὅ(
600 1509 726 1544 nullum
745 1507 800 1543 hic
824 1510 844 1543 a
867 1511 927 1544 suo
955 1510 1096 1554 Collega
1123 1511 1201 1553 Epi-

305 1565 442 1607 scopum
463 1561 597 1606 judicari
618 1560 707 1603 posse
727 1581 738 1597 ‚
766 1559 820 1593 sed
846 1560 1026 1602 unicuique
1048 1561 1110 1593 esse
1136 1563 1199 1602 ple-

305 1626 385 1648 nam
407 1611 575 1657 judicandi
601 1611 636 1644 δε
660 1608 781 1654 agendi
805 1608 1013 1650 libertatem,
1039 1609 1081 1643 ad
1095 1610 1199 1651 Syno-

304 1663 387 1697 dum
411 1665 503 1696 suam
525 1661 674 1704 praefatus
700 1660 806 1691 fuerat
837 1659 1025 1701 Cyprianus
1049 1683 1056 1690 .
1095 1659 1200 1699 Haec,

306 1714 443 1757 inquam
458 1736 469 1752 ,
496 1709 593 1745 verba
616 1708 749 1742 adducit
763 1709 898 1742 sanstus
912 1707 1140 1752 Augustinus,
1166 1707 1200 1741 δε

307 1763 459 1808 reponit:
488 1765 601 1803 opinor
621 1764 724 1801 utique
746 1763 779 1791 in
801 1758 851 1791 his
875 1757 1082 1801 quaestiom'bus
1093 1783 1104 1800 ,
1130 1769 1201 1800 quae

307 1815 447 1847 nondum·
480 1811 687 1854 eliquatlffima
712 1807 911 1852 perspec‘lione
944 1807 1076 1853 discuffae
1109 1807 1200 1851 siant.

307 1864 375 1898 Eas
395 1861 617 1896 discutiendas
639 1860 673 1893 δε
693 1859 884 1903 eliquandas
919 1860 991 1893 vult
1014 1859 1032 1892 ὲ
1059 1859 1128 1893 sola
1150 1869 1203 1903 ge-

306 1913 411 1948 nerali
436 1911 574 1955 Synodo
588 1936 598 1952 ‚
623 1910 657 1943 δε
678 1909 857 1953 unicuique
885 1909 1052 1952 Episcopo
1074 1910 1137 1943 effe
1147 1909 1201 1941 ed-

306 1966 408 2007 usque
431 1962 545 2006 judicii
563 1962 598 1994 δε
623 1960 762 1994 aetionis
786 1958 992 1993 libertatern.
1026 1958 1154 1990 Eodem
1167 1955 1200 1988 in

306 2024 406 2057 opere
427 2022 542 2047 movet
563 2009 801 2053 quaestionem3
828 2007 886 2039 An
909 2005 1043 2040 mimice
1067 2005 1103 2039 in
1114 2004 1203 2039 thea-

306 2073 361 2098 tro
383 2063 498 2095 datum
521 2061 557 2094 &
591 2067 761 2100 acceptum
801 2055 962 2098 baptisma
993 2058 1101 2087 teneat
1123 2077 1134 2093 ,
1167 2063 1204 2086 ac

306 2109 505 2155 respondet:
533 2108 634 2140 Nobis
655 2113 755 2137 tutum
778 2102 816 2143 est
839 2108 872 2134 In
884 2114 920 2136 ea
932 2113 988 2136 non
998 2103 1139 2146 progredi
1149 2103 1206 2135 alt-

309 2173 373 2206 qua
399 2161 566 2193 temeritate
587 2153 749 2198 sententiae
762 2175 772 2191 ‚
797 2163 864 2194 quae
889 2154 969 2186 nullo
993 2159 1026 2186 in
1052 2152 1201 2186 catholico

311 2209 466 2254 Regionalt'
488 2206 615 2241 Concilio
624 2212 722 2246 caepta
732 2228 742 2244 ,
772 2204 851 2236 nullo
859 2204 993 2245 plenario
1009 2204 1140 2236 concilio
1153 2211 1208 2236 ter-

311 2256 510 2302 minatasunt
523 2282 531 2290 .
559 2255 608 2289 Ea
619 2253 724 2288 asserit
736 2253 830 2286 aliter
845 2253 1012 2287 terminari
1026 2264 1094 2286 non
1109 2253 1209 2299 posse,

312 2312 349 2345 &
371 2311 389 2345 a
410 2306 621 2344 terminatur-a
644 2303 783 2347 Synodo
809 2302 943 2336 Divinae
965 2302 1147 2337 affistentiae
1169 2314 1207 2336 ac

314 2358 524 2396 revelationis
544 2355 658 2389 lumen
684 2355 755 2387 fore
780 2351 937 2387 instanter
962 2362 1060 2396 atque
1074 2351 1207 2386 humili-

315 2422 366 2446 ter
387 2406 633 2453 implorandum
647 2430 655 2437 .
682 2403 725 2438 Et
737 2403 778 2437 de
798 2403 906 2436 Sancti
932 2402 1094 2447 Cypriani
1120 2410 1204 2446 qua-‚-

316 2462 427 2496 stione
445 2457 616 2502 adjungit:
644 2454 798 2498 ,Quomodo
815 2458 915 2494 potuit
934 2452 988 2493 ista
1007 2464 1056 2486 res
1074 2477 1085 2493 ‚
1112 2458 1208 2485 tantis

316 2512 543 2545 altercationum
563 2506 679 2540 nebulis
704 2504 861 2543 involuta,
890 2505 934 2536 ad
940 2504 1071 2544 plenarii
1083 2504 1207 2536 eoncilia

320 2563 501 2594 luculentam
525 2556 748 2597 illustrationem
766 2553 1069 2596 confirmationemque
1090 2554 1202 2595 perdu-

322 2617 349 2645 ci
368 2636 379 2652 ,
416 2609 471 2652 nifi
485 2609 583 2651 primi
603 2606 720 2639 diutit‘ts
749 2612 807 2646 per
833 2604 912 2637 orbis
938 2611 1093 2638 terrarum*
1112 2607 1212 2647 Regio-

324 2673 380 2695 nes
404 2659 507 2693 multis
527 2657 597 2690 binc
622 2657 693 2689 inde
716 2653 964 2697 disputationibus
991 2657 1032 2687 (ψ
1051 2653 1213 2687 collationi-

325 2711 380 2745 bus
401 2705 612 2752 Episcoporum'
630 2704 821 2748 pertrablata
842 2701 1012 2744 constaret?
1050 2703 1213 2739 Erraticas

326 2760 490 2804 Cypriani
512 2757 664 2802 Synodos
690 2755 732 2790 de
757 2755 848 2790 nulla
874 2755 910 2787 in
935 2755 1124 2788 Romanam
1154 2755 1213 2788 Ec·

327 2811 456 2845 clefiam
483 2806 693 2847 contumacia
720 2815 834 2844 notat,
860 2804 940 2847 quin
966 2804 1076 2838 laudat
1088 2804 1129 2838 de
1140 2804 1214 2838 dili-

330 2861 444 2906 gentia
456 2872 466 2892 .-
486 2858 628 2900 Ipsarum
639 2867 781 2890 errorem
795 2854 980 2888 constanter
992 2855 1131 2888 affirmat
1142 2855 1215 2888 fuis·

331 2912 364 2944 se
386 2907 566 2944 venialem.
594 2904 686 2939 Idem
706 2906 832 2938 censuit
852 2903 894 2937 de
903 2904 1010 2937 datori
1024 2903 1228 2939 Melchiade

333 2961 424 3004 Papa
446 2960 480 2992 in
501 2958 675 2991 Donatum
700 2952 787 2999 apud
814 2954 913 2988 Casas
939 2953 1062 2998 Nigras
1083 2954 1216 2998 Episco-

335 3021 416 3054 pum
436 3007 598 3050 Synodali
608 3004 733 3048 judicio
746 3018 756 3037 .-
782 3008 859 3037 Ecce
869 3011 1008 3046 putemus
1019 3005 1083 3036 illos
1095 3004 1215 3047 Episco-

331 3069 390 3103 pos
406 3083 417 3099 ,
441 3062 490 3100 qui
500 3060 601 3089 Romae
604 3057 785 3096 judicarunt
796 3078 807 3094 ‚
833 3066 892 3087 non
902 3054 986 3087 bonos
989 3057 1022 3098 J
1025 3054 1124 3086 udices
1138 3054 1216 3097 fuis-

334 3109 369 3154 se
390 3134 398 3140 .
436 3106 578 3147 Restabat
605 3105 701 3138 adhuc
719 3106 891 3147 plenarium
914 3103 1045 3145 Ecclefiae
1066 3103 1234 3168 universae*

342 3159 525 3195 Concilium,
550 3155 600 3189 ubi
610 3161 700 3187 etiam
709 3166 774 3188 cum
785 3153 852 3197 ipsis
857 3158 890 3199 J
891 3153 1021 3186 udicibus
1034 3152 1119 3197 causa
1126 3155 1217 3198 posset
1232 3171 1234 3203 Ι

338 3214 477 3253 agitari,
502 3214 535 3240 ut
550 3204 577 3247 fi
591 3205 668 3238 male
681 3205 823 3247 judicasse
840 3204 967 3238 convic‘li
988 3205 1096 3246 essent,
1122 3216 1217 3238 eorum

338 3258 495 3303 sementiae
513 3255 717 3300 solverentur.
744 3253 845 3302 Qud
865 3255 906 3288 de
929 3254 1111 3298 Episcopali
1137 3255 1220 3297 judi-

342 3309 397 3344 cio
418 3305 505 3351 apud
523 3307 662 3340 Laicum
674 3305 822 3339 &adhuc
834 3303 1117 3339 Catechumenum
1130 3305 1221 3339 Prin-

343 3361 451 3404 cipem
470 3356 575 3403 questi
595 3356 696 3391 essent
715 3379 728 3398 ,
759 3354 952 3390 Donatistas
977 3356 1084 3399 arguit
1107 3370 1118 3390 .·
1155 3355 1220 3400 Ap-

1248 305 1513 401 gafakuggibendeo
1536 366 1730 402 argumenta
1751 354 1818 391 haec
1833 368 1900 391 non
1921 367 2028 390 carere
2039 357 2150 393 nodis.

1232 420 1233 423 ¹
1261 407 1377 441 Praeter
1399 407 1464 450 jam
1487 406 1624 441 addusta
1645 407 1752 441 Sansti
1767 407 2018 451 Augustinipro
2033 407 2154 443 Roma-

1263 470 1307 491 nae
1329 456 1501 491 Cathedrae
1519 456 1754 492 infallibilitate
1766 457 1839 492 loca
1862 455 1997 502 quidam
2024 458 2154 501 insuper

1262 507 1326 541 hae:
1341 507 1409 550 ejus
1424 507 1576 541 adversus
1589 508 1755 551 Julianum
1767 507 2022 553 pelagianistam
2034 533 2044 548 ‚
2059 508 2154 552 perti-

1262 557 1428 591 nacissime
1448 567 1679 600 provocantem
1701 558 1742 592 ad
1774 559 1925 603 generale
1938 559 2153 600 Concilium,

1262 608 1359 642 verba
1373 607 1581 642 considerant
1595 620 1602 640 :
1623 613 1696 642 Non
1708 610 1836 650 amplias
1848 607 1995 652 vobiscum
2002 610 2152 653 agendum
2174 594 2202 622 L'

1262 657 1298 698 est
1311 682 1321 697 ‚
1348 658 1495 700 quann'cm
1524 660 1625 700 adjus
1643 664 1792 692 examinis
1797 665 1933 702 pertinet
1942 685 1953 700 ,
1979 658 2035 700 nist
2042 667 2075 692 ut
2081 667 2154 702 pro-

1261 710 1357 741 latam
1366 710 1404 742 de
1417 707 1472 742 bac
1483 720 1515 742 re
1527 707 1708 752 sententiam
1714 709 1901 753 sequamini.
1929 709 1973 743 Et
1996 709 2092 744 verba
2115 710 2152 744 in
2172 712 2238 747 L-4·
2250 719 2329 742 ειη.

1264 758 1357 792 libris
1368 758 1410 793 ad
1424 758 1635 794 Bonifacium
1649 759 1848 795 Pontificem
1863 773 1874 793 .·
1893 761 2029 793 Aut-verb
2039 771 2154 804 congue-

1256 814 1380 854 gatt'one
1389 811 1490 847 synodi
1500 818 1573 851 opu!
1587 819 1653 844 erat
1664 835 1675 851 ‚
1701 819 1735 844 ut
1741 819 1846 853 aperta
1854 815 2002 852 pernicies
2024 811 2151 844 damna-

1261 869 1364 900 retur,
1392 859 1477 902 quast
1492 861 1575 893 nulla
1596 859 1712 903 haerefir
1733 862 1896 904 aliquando
1908 859 2074 902 nifisynodi
2088 871 2151 894 cem·

1256 915 1433 956 gregatiane
1442 911 1592 944 damnata
1600 910 1658 952 fit.
1687 911 1910 957 Distinguunt
1921 905 2037 945 dubias
2057 904 2152 944 haire-

1263 962 1328 1001 ses,
1355 961 1388 994 ὅ(
1407 971 1546 1004 apertas.
1578 954 1717 995 Nullam
1741 962 1919 996 errantium
1940 961 2150 1005 quaestionem

1262 1010 1422 1044 affirmant
1443 1012 1509 1044 fine
1526 1011 1727 1054 competenti
1735 1012 1891 1045 examine
1901 1012 1989 1054 posse
1999 1010 2126 1046 definiri
2138 1028 2151 1051 ·,

1261 1060 1294 1094 δε
1307 1060 1409 1104 ipsam
1422 1060 1622 1104 quandoque
1633 1061 1696 1095 effe
1707 1059 1792 1095 adeo
1815 1061 1998 1096 involutam
2009 1085 2021 1102 ‚
2046 1063 2089 1095 ut‘
2103 1061 2151 1094 so-

1260 1110 1312 1142 lus
1324 1119 1400 1142 cum
1413 1110 1468 1142 fua
1482 1109 1636 1143 Romana
1647 1110 1807 1151 Ecclesia,
1817 1120 1875 1145 aut
1885 1110 2001 1145 Italica
2011 1109 2154 1153 Synodo
2181 1123 2183 1126 ¹

1262 1157 1421 1192 Pontifex
1435 1168 1504 1191 non
1517 1157 1677 1198 sufficiat,
1703 1168 1742 1192 ac
1762 1159 1898 1202 proinde
1910 1171 1991 1194 tunc
2001 1159 2148 1205 generali

1262 1207 1400 1251 Synodo
1414 1207 1453 1241 fit
1465 1207 1608 1241 omnino
1619 1210 1719 1250 opus.
1746 1207 1900 1243 Ettalem
1921 1210 2014 1245 fuiffe
2032 1211 2063 1245 S.
2084 1208 2154 1253 Cy-

1261 1258 1364 1301 priani
1376 1258 1584 1300 quaestionem
1597 1257 1699 1302 aliqui
1710 1258 1844 1292 volunt.
1857 1258 1901 1292 Et
1913 1259 2043 1293 firmam
2055 1260 2087 1293 se
2097 1270 2155 1293 au-

1262 1308 1411 1342 ctoritate
1433 1308 1541 1350 Sansti
1567 1307 1691 1342 Leonis
1712 1307 1852 1353 Magni,
1879 1308 1938 1351 qui
1962 1308 2155 1352 Imperatori

1261 1356 1460 1392 Theodosio
1470 1373 1487 1398 ,¹
1505 1369 1565 1402 pro
1580 1357 1777 1402 Eutychetis
1790 1357 2023 1402 questionibus
2043 1358 2155 1402 postu-

1262 1408 1544 1453 lantigene‘ralem
1560 1408 1736 1452 Synodum
1750 1434 1762 1450 ‚
1789 1407 1912 1443 affidue
1923 1408 2065 1453 reposuit
2086 1418 2154 1443 rem

1260 1458 1322 1493 effe
1333 1458 1476 1493 lucidam
1488 1471 1526 1494 ac
1539 1458 1743 1494 manifestam
1755 1483 1768 1501 ,
1786 1458 1928 1503 ideoque
1940 1468 2069 1494 tantum
2085 1467 2154 1492 mo-

1260 1518 1333 1543 tum
1346 1521 1415 1544 non
1429 1509 1653 1544 neceffarium.
1666 1509 1761 1545 Hinc
1771 1509 1915 1544 obscuris
1924 1507 2155 1553 quaestionibus

1262 1559 1389 1593 videtur
1405 1559 1617 1594 necessarium
1630 1561 1794 1596 confessus
1805 1585 1813 1592 .
1833 1561 1947 1608 Qam
1957 1557 2155 1598 doetrinams

1260 1609 1338 1643 licet
1356 1609 1507 1645 illustrari
1532 1618 1682 1654 oporteat
1704 1635 1715 1651 ,
1743 1610 1854 1646 nolim·
1874 1611 1930 1644 hic
1950 1607 2151 1653 improbare*

1261 1658 1396 1693 Interim
1419 1659 1514 1704 plene
1523 1669 1591 1692 non
1613 1660 1695 1692 facit
1706 1661 1746 1692 ad
1758 1667 1825 1693 rem
1835 1661 2020 1701 praesentem
2031 1681 2039 1688 .

1310 1708 1419 1743 sanai
1429 1706 1585 1750 stephani
1598 1706 1771 1741 pontificis
1782 1707 1937 1741 Edictum
1946 1705 2079 1749 jubebat
2091 1705 2154 1739 ser·

1261 1757 1328 1791 vari
1360 1754 1532 1799 antiquam
1558 1754 1833 1800 consuetudinem
1857 1778 1869 1794 ,
1894 1755 2060 1788 affirmans
2086 1754 2150 1787 effi!

1262 1805 1489 1851 Apostolicam
1516 1802 1729 1839 traditionem
1752 1823 1765 1836 ».
1803 1802 1909 1838 Porro
1935 1804 1970 1837 in
1986 1803 2153 1846 Apostoli-

1261 1858 1308 1890 cis
1332 1856 1451 1890 litteris
1473 1855 1515 1889 de
1537 1854 1615 1887 dato
1638 1853 1726 1898 apud
1751 1852 1922 1888 schismata
1943 1862 1999 1888 aut
2021 1852 2153 1888 haereses

1264 1906 1458 1948 baptismate
1485 1903 1576 1938 nulla
1606 1904 1651 1937 est
1678 1905 1808 1939 mentio
1835 1928 1847 1945 ,
1894 1904 2022 1937 nullum
2048 1899 2155 1937 e'xem-

1261 1955 1352 1998 plum
1366 1979 1377 1995 ,
1405 1954 1544 1998 ideoque
1566 1954 1779 1988 traditionem
1804 1953 1900 1988 istam
1921 1965 1989 1988 non
2003 1953 2036 1987 in
2061 1951 2151 1988 hisce

1262 2003 1400 2043 litteris,
1427 2003 1482 2038 sed
1503 2016 1544 2038 ex
1574 2004 1726 2038 omnium
1742 2003 1800 2038 sub
1820 2004 1908 2037 coelo
1931 2003 2151 2038 Ecclefiarum

1262 2052 1408 2087 moribus
1430 2053 1524 2087 fuisse
1536 2051 1758 2096 quaerendam,
1784 2053 1869 2087 reste
1882 2053 1917 2087 in
1933 2053 2016 2087 libro
2026 2052 2067 2086 de
2077 2052 2149 2085 uni-

1262 2113 1304 2136 co
1328 2101 1521 2145 Baptismo,
1549 2102 1583 2135 in
1598 2101 1684 2136 libro
1696 2102 1738 2136 de
1758 2102 1907 2136 Unitate
1926 2102 2091 2145 Ecclesiae,
2114 2101 2152 2136 in

1265 2151 1357 2186 libris
1377 2160 1493 2185 contra
1516 2150 1734 2185 Cresconium
1756 2151 1994 2191 Donatistam‚
2020 2163 2059 2186 ac
2077 2151 2153 2186 aliis
2164 2160 2201 2189 C.
2230 2167 2272 2189 n.

1265 2203 1300 2235 in
1314 2201 1395 2236 locis
1407 2202 1547 2235 affirmat
1568 2201 1703 2235 Sanctus
1723 2200 1931 2246 Augustinus
1945 2227 1952 2234 .
1980 2199 2085 2248 Qod
2105 2201 2154 2245 ip·
2168 2200 2203 2227 C·
2226 2208 2274 2230 ²².

1266 2253 1337 2285 sum
1362 2251 1456 2286 antea
1478 2251 1635 2295 professus
1657 2252 1765 2286 fuerat
1786 2253 1920 2287 Sanstus
1946 2250 2152 2295 Cyprianus,
2168 2247 2214 2272 ²4·

1267 2303 1395 2345 insuper
1416 2302 1512 2335 fassus
1523 2302 1624 2344 usque
1637 2301 1677 2335 ad
1691 2302 1867 2346 Agrippini
1878 2312 2025 2344 tempora
2037 2300 2154 2346 viguiss·
2167 2278 2303 2355 herne·

1268 2353 1298 2386 se
1323 2353 1359 2385 in
1381 2351 1475 2385 omni
1503 2350 1618 2385 Africa
1645 2351 1918 2386 consuetudinem
1941 2351 2153 2385 Romanam.

1271 2402 1366 2448 Qin
1390 2402 1425 2437 &
1446 2401 1513 2444 jam
1537 2400 1658 2444 lapsam
1682 2400 1859 2446 Agrippini
1881 2402 2064 2436 novitatem
2089 2400 2154 2435 aso

1271 2452 1443 2486 dumtaxat
1467 2451 1592 2485 restitui
1616 2451 1662 2485 est
1673 2453 1854 2486 confeffus.
1880 2451 1928 2485 At
1940 2451 2156 2486 veroSanCtus

1274 2501 1485 2536 Firmilianus
1510 2501 1545 2535 in
1559 2501 1769 2546 Cappadocia
1783 2526 1794 2542 ‚
1820 2500 1971 2537 Helenus
1992 2500 2156 2536 Tharsenx

1270 2553 1310 2585 fis
1333 2552 1368 2585 in
1391 2551 1535 2592 Cilicia,
1561 2552 1595 2585 ἀ
1616 2552 1672 2586 alii
1690 2564 1767 2586 eum
1790 2553 1864 2597 ipsis
1886 2552 1922 2586 in
1944 2551 2152 2586 lconienfi&

1271 2600 1473 2645 synnadensi
1498 2601 1642 2643 synodis
1655 2603 1893 2646 quinquaginta
1908 2601 2061 2645 Episcopi
2073 2611 2152 2634 con-

1273 2653 1392 2686 stanter
1409 2653 1623 2685 asseverarunt
1648 2652 1667 2684 a
1687 2652 1751 2684 suis
1773 2650 1922 2684 Ecclefiis
1941 2650 1976 2684 &
1995 2649 2152 2684 Anteces-

1274 2702 1399 2737 soribus
1410 2701 1503 2735 fuiffe
1514 2700 1585 2745 post
1597 2701 1778 2735 Haereticos
1788 2701 1823 2735 δε
1833 2698 2064 2735 Schismaticos
2074 2700 2153 2734 sern-

1274 2764 1329 2796 per
1343 2751 1575 2795 rebaptizatum
1590 2775 1601 2791 ‚
1627 2752 1726 2785 etiam
1748 2751 1821 2784 sese*
1836 2750 1870 2783 in
1887 2750 1951 2783 suis
1969 2749 2152 2792 Majoribus

1274 2803 1368 2837 fuiffe
1378 2802 1492 2836 doctos
1501 2801 1543 2836 ab
1556 2801 1723 2845 Apostolis
1733 2826 1744 2841 ,
1770 2800 1803 2834 &
1816 2799 1948 2843 quidem
1959 2799 2000 2834 ab
2012 2806 2152 2844 utroque

1277 2852 1514 2896 Apostolorum
1526 2851 1676 2894 Principe
1687 2875 1697 2891 ,
1714 2849 1856 2893 ideoque
1869 2861 1936 2884 non
1950 2850 2153 2891 Romanam,

1275 2903 1329 2937 sed
1353 2904 1444 2936 suam
1468 2901 1733 2936 consuetudinem
1757 2900 1820 2934 esse
1842 2900 2068 2944 Apostolicam
2090 2910 2153 2935 tra-

1275 2954 1456 2989 ditionem.
1485 2951 1711 2996 Apostolicam
1736 2949 1798 2984 hac
1820 2950 1864 2984 de
1882 2961 1915 2983 re
1933 2974 1944 2990 ‚
1982 2951 2030 2984 uti
2053 2950 2088 2984 ὃ(
2109 2950 2152 2984 de

1277 3003 1443 3038 Paschalis
1464 3000 1645 3036 festivitatis
1667 3002 1718 3034 die
1738 3000 1949 3034 traditionem
1961 3000 2116 3034 dixerunt
2132 3001 2153 3034 a.

1277 3053 1438 3089 Romanis
1463 3051 1632 3096 Episcopis
1661 3052 1903 3084 transmutatam
1926 3075 1933 3082 .
1973 3049 2154 3094 AEgyptioe

1277 3115 1347 3138 rum
1360 3128 1370 3144 ,
1392 3103 1506 3147 utpote
1517 3113 1571 3146 per
1590 3101 1695 3135 Saneti
1716 3102 1803 3134 Petri
1826 3099 1981 3143 Apostoli
2004 3101 2154 3144 Discipu-

1278 3156 1347 3188 lum
1359 3155 1510 3188 Marcum
1522 3152 1634 3185 edosta
1650 3176 1660 3191 ‚
1689 3151 1829 3185 Ecclefia
1841 3150 1998 3184 Romanae
2007 3161 2073 3184 non
2087 3160 2154 3184 tan-

1277 3204 1348 3239 tum
1359 3202 1603 3239 communionis
1615 3226 1626 3242 ‚
1648 3202 1699 3235 sed
1712 3202 1809 3236 etiam
1822 3200 1997 3244 disciplinae
2007 3210 2104 3243 atque
2114 3200 2154 3244 ri*

1279 3266 1330 3290 tus
1342 3256 1404 3288 fuit
1418 3255 1539 3294 semper
1551 3251 1764 3286 tenaciffima:
1792 3252 1834 3284 Et
1850 3260 1958 3284 tamen
1982 3250 2071 3292 quod
2095 3249 2155 3282 Pa-

1279 3302 1579 3340 triarchaHeraclas
1586 3303 1683 3336 etiam
1694 3301 1890 3344 rebaptizare
1902 3299 1971 3342 post
1985 3300 2155 3343 Hereticos

1280 3356 1431 3400 caeperit,
1457 3354 1547 3396 supra
1562 3352 1656 3387 nobis
1668 3351 1830 3400 dixirejus
1850 3350 2005 3385 successor
2028 3342 2159 3392 Dionys

1641 3418 1645 3422 ·
2025 3400 2107 3439 fius,
