2366 3756
95 724 144 759 {ip-
165 726 214 755 67.

435 176 980 219 ·C0Nc1L1-·uM
1050 164 1787 210 ANDEGAVENSE.1

462 298 960 342 ScHoLION.

1939 174 2028 217 135

1214 241 1290 276 bus.
1318 243 1422 279 Lucet
1434 255 1475 277 ex
1489 243 1595 277 Sanni
1609 242 1768 285 Cypriani
1781 242 1821 277 de
1835 242 1923 285 lapso
1934 243 1975 276 ad
1989 243 2100 276 Nova-

1215 294 1343 327 tianum
1370 295 1540 328 Martiano
1566 293 1747 327 Arelatenfi
1769 293 1934 335 Episcopo
1958 292 1998 325 ad
2021 293 2099 325 San-

1216 345 1301 377 Cium
1325 342 1526 386 Stephanum
1550 344 1750 378 Pontificem
1764 343 1933 386 Epistola:
1960 344 2101 385 Dirigan-
2141 355 2145 358 ¹

274 382 276 385 v
375 404 482 440 Icinos
505 404 684 448 Episcopos
707 406 765 432 aut
796 395 1025 440 Apostolicam
1040 391 1157 427 Sedem
1218 398 1312 426 turin
1325 396 1517 426 Provinciam
1534 416 1545 432 ,
1571 395 1661 427 &ad
1668 392 1785 435 plebem
1809 393 1940 426 Arelatae
1960 391 2102 434 consfien-

268 404 369 495 V
401 467 470 490 non
497 454 539 490 ad
562 450 709 495 quemvis
720 448 887 488 effectum,
917 445 969 479 sed
982 444 1023 478 ad
1037 453 1158 478 novam
1219 453 1300 482 tem,
1325 445 1345 475 ᾶ
1359 443 1505 475 relitterae
1518 465 1529 480 ,
1551 443 1657 483 quibus
1668 443 1797 482 abstento
1810 446 1962 475 Martiano
1983 443 2058 476 alius
2069 447 2103 474 m

269 517 308 540 ²0
333 506 502 543 meliorem
525 503 609 538 male
631 500 697 536 dati
718 497 868 532 beneficii
880 496 1097 530 collationem
1108 503 1163 535 ap-

271 557 387 600 pellari
411 554 571 599 permittit
594 553 648 587 hic
659 551 802 585 Canon:
831 545 1020 581 simoniace
1030 543 1098 578 dati
1110 542 1161 576 be-

1220 496 1285 534 ejus
1299 490 1591 535 locumfiabstituatur
1603 514 1613 529 ‚
1635 493 1670 524 (ν’
1678 504 1753 533 grex
1767 492 1880 532 Christi
1891 517 1902 533 ,
1928 497 1981 535 qui
2000 497 2032 525 ln
2057 491 2106 524 ho-

1222 545 1356 575 diernum
1380 542 1418 574 ab
1431 543 1479 574 illo
1492 542 1642 582 diffipatus
1653 541 1687 573 l&
1696 541 1872 574 vulneratus
1882 548 2078 576 contemnitur
2093 564 2104 581 ,

271 605 385 640 neficii
407 605 577 639 meliorem
601 600 813 637 collationem
836 595 877 631 ad
898 596 983 630 hanc
1006 604 1063 629 aut
1086 593 1162 627 illos
1223 593 1373 636 colligatur
1393 616 1401 623 .
1439 591 1522 624 Non
1544 602 1668 625 novum
1694 590 1712 624 a
1731 589 1831 624 Clero
1851 591 1884 624 δε
1907 593 2029 635 populo
2049 591 2107 626 eli-

273 655 439 690 devolvit.
468 655 543 689 Nec
564 654 653 688 enim
679 649 825 684 solorum
851 647 1045 681 inferiorum
1069 643 1164 678 bene-

1225 643 1370 686 gendum
1397 652 1490 685 rogat
1511 642 1712 684 Episcopum
1732 664 1743 680 ‚
1769 639 1824 674 sed
1844 640 1862 674 ὲ
1884 639 1973 683 Papa
1995 641 2107 676 substi-

272 705 447 744 ficiorum,
474 705 527 738 sed
549 704 691 747 ipsorum
715 699 817 733 etiam
842 697 1098 741 Episcopatuum
1124 692 1164 726 ad
1225 692 1406 726 tuendum.
1438 692 1665 726 Romanarum
1687 690 1942 724 devolutionum
1965 701 2002 724 ac
2015 693 2108 725 reser-

274 755 505 798 Apostolicam
528 754 642 788 Sedem
662 749 835 784 devolutio
870 748 915 782 est
952 746 1050 790 longe
1081 743 1182 837 anti-i
1205 761 1212 836 ι

276 804 449 849 quiffirna,
473 802 615 839 omnine>
638 811 714 836 nata
734 811 775 834 ex
799 797 1003 843 Apostolicis
1016 792 1162 830 Canoni-

1224 742 1398 776 vationum
1424 741 1524 786 longa
1549 742 1594 777 est
1616 741 1650 776 &
1672 739 1775 775 multa
1787 740 1938 786 quaestio:
1967 739 2050 776 Alio
2062 741 2110 776 lo·

1225 803 1266 827 co
1285 791 1512 828 discutienda.

573 977 1493 1064 CANON
1666 977 1846 1059 111.

345 1151 460 1199 Tem
485 1163 533 1197 ut
564 1147 707 1196 nullus
736 1144 1052 1213 Episcoporum
1081 1144 1155 1192 vel
1184 1141 1493 1201 praelatorum,
1531 1140 1716 1207 aliquod
1740 1159 1902 1190 novum
1958 1141 2117 1191 benefi-

377 1222 495 1268 cium
521 1217 578 1267 de
605 1217 731 1267 rebus
758 1214 814 1264 ad
838 1220 903 1280 jus
929 1214 1127 1263 Ecclesiae
1154 1212 1475 1281 pertinentibus
1503 1210 1690 1260 ulterius
1724 1210 1950 1277 praesumat
1964 1227 2121 1260 contra

277 1293 488 1337 Canones
517 1290 648 1336 alicui
677 1286 862 1335 vendere
890 1301 965 1334 aut
987 1283 1089 1333 dare
1107 1321 1119 1332 .

280 1360 346 1407 fiae
361 1361 614 1425 pertinens,
651 1355 728 1405 sub
742 1359 923 1404 nomine
964 1355 1166 1402 beneficii
1191 1391 1204 1413 ‚
1251 1353 1337 1401 five

1158 1286 1439 1353 Qicumque
1463 1281 1569 1331 vero
1597 1279 1767 1347 aliquid
1798 1279 1854 1329 ad
1882 1286 1947 1346 jus
1968 1281 2123 1330 Eccle-

1375 1352 1577 1417 quolibet
1611 1349 1746 1398 modo
1772 1387 1786 1410 ‚
1839 1350 1896 1398 ab
1934 1350 2124 1399 Ecclesia

279 1431 472 1478 alienare
499 1426 702 1475 hactenus
728 1424 1015 1492 praesumpsit,
1053 1424 1082 1471 fi
1120 1422 1262 1472 adhuc
1299 1421 1485 1488 superest
1507 1458 1520 1480 ‚
1561 1435 1637 1468 aut
1677 1418 1874 1469 restituat
1920 1421 2126 1472 Ecclesiae

282 1497 404 1565 quod
433 1496 546 1546 male
570 1495 780 1544 subtraxit
797 1531 810 1554 ‚
846 1511 922 1543 aut
950 1496 1179 1543 Canonica
1206 1493 1437 1539 mulctetur
1474 1489 1691 1538 sententia
1710 1525 1726 1536 .

471 1640 968 1693 Sen0L10N.

1234 1589 1431 1624 Simoniacis
1453 1588 1718 1634 promistionibus
1741 1600 1849 1625 emere
1871 1591 1914 1626 ab
1939 1592 2008 1636 ipso
2034 1593 2129 1637 Rege

1236 1650 1292 1675 aut.
1313 1640 1382 1683 ejus
1396 1639 1612 1681 Proceribus,
1638 1640 1835 1686 &sacrilega
1857 1645 1948 1686 pasta
1974 1643 2129 1677 Ecclesia-

1237 1691 1321 1726 sticae
1335 1690 1522 1725 substantiae
1536 1689 1824 1725 infeudationibus
1836 1693 1966 1736 explere
1976 1694 2009 1727 &
2029 1693 2131 1727 solve-

386 1744 472 1782 Ued
490 1745 584 1786 hujus
607 1742 762 1787 temporis
787 1742 908 1776 Clerici
933 1753 970 1775 ac
994 1739 1157 1776 Monachi
1170 1765 1181 1781 ‚
1219 1736 1223 1783 Ι
1239 1752 1272 1774 re
1283 1740 1537 1781 consueverint,
1563 1741 1704 1775 &antea
1716 1740 1880 1775 ostensum
1894 1744 1938 1776 est
1951 1766 1961 1782 ‚
1989 1755 2026 1776 ac
2047 1743 2130 1775 infra

409 1808 446 1830 ac
459 1796 630 1840 praesertim
645 1794 740 1828 Laici
752 1792 896 1826 Palatini
909 1816 919 1832 ‚
946 1792 1088 1835 Regiam
1103 1791 1181 1833 Epi-

438 1848 587 1891 scopatus
603 1844 868 1879 nominationem
889 1854 926 1877 ac
953 1842 1178 1893 investituram

1237 1790 1477 1825 ostendendum
1493 1816 1501 1824 .
1531 1791 1636 1824 Hunc
1659 1790 1804 1825 maxime
1819 1793 1982 1827 excelsum
1998 1794 2131 1837 praesens

1238 1842 1360 1875 Canon
1380 1850 1520 1875 conatur
1542 1839 1710 1875 aFrancia
1723 1841 1918 1877 eliminare.
1956 1838 1960 1846 ⁸

579 2066 655 2151 C
770 2067 858 2149 A
978 2068 1078 2148 N
1194 2068 1286 2148 O
1404 2064 1618 2153 N
1678 2064 1863 2164 1V-

441 2252 569 2300 Ullus
596 2248 833 2297 Ecclesiam
862 2264 1067 2310 magnam
1101 2249 1174 2298 vel
1200 2263 1387 2315 parvam
1418 2246 1628 2313 deinceps
1658 2248 1746 2297 fine
1783 2249 1991 2300 consensu
2029 2254 2135 2320 Epi-

474 2319 618 2385 scopi,
656 2322 702 2366 in
730 2322 851 2380 cujus
886 2319 1099 2365 Parochia
1128 2318 1220 2377 est,
1258 2316 1284 2365 ὲ
1317 2318 1462 2364 Laicis
1474 2315 1699 2381 praesumat
1717 2321 1918 2386 accipere
1931 2323 2139 2389 quolibet

295 2390 449 2440 modo:
486 2387 568 2438 Sed
592 2405 736 2454 neque
769 2386 795 2435 a
823 2387 1028 2446 Clerico,
1065 2389 1138 2436 vel
1172 2387 1425 2446 Monacho‚
1464 2384 1541 2433 sub
1567 2390 1703 2453 pretii
1732 2389 1910 2457 alicujus
1923 2394 2136 2443 venalita-

295 2478 339 2511 te
357 2498 369 2509 .
408 2458 546 2527 Quod
569 2458 601 2506 s1
626 2458 806 2517 fecerit,
845 2461 887 2505 δε
913 2457 1162 2509 vendens&
1191 2475 1337 2509 emens
1375 2472 1427 2505 ea
1451 2473 1619 2506 careat.

487 2631 989 2675 SCHOLION.

391 2736 511 2771 Arolus
531 2736 704 2770 Martellus
725 2737 759 2769 &
785 2735 995 2770 cathedrales
1019 2737 1053 2770 δε
1088 2736 1185 2770 Paro-

413 2787 533 2822 chiales
547 2799 622 2821 cum
636 2787 698 2820 suis
713 2786 923 2830 proventibus
941 2786 1101 2820 Ecclefias
1124 2787 1187 2820 suis

302 2837 465 2871 militibus
478 2836 567 2870 dedit
581 2838 613 2871 in
627 2836 825 2871 beneficium
839 2849 849 2869 .·
865 2836 1004 2870 Carolus
1017 2836 1162 2881 Magnus
1175 2862 1185 2877 ‚

305 2886 495 2921 Ludovicus
508 2886 585 2920 Pius
595 2912 605 2927 ,
630 2899 667 2921 ac
680 2887 735 2921 alii
750 2888 950 2920 Francorum
962 2886 1110 2921 meliores
1122 2888 1185 2920 Re-

303 2950 361 2983 ges
372 2936 524 2979 jusserunt
538 2937 657 2970 restitui
672 2962 682 2977 ,
710 2938 819 2970 verum
833 2937 947 2980 plenus
960 2938 1088 2970 effeetus
1104 2936 1186 2971 adeo

305 2999 372 3023 non
388 2988 449 3023 fuit
463 2989 591 3021 secutus
601 3011 610 3026 ,
638 2997 674 3020 ut
686 2987 791 3030 plures
803 2987 979 3030 precarium
991 2987 1185 3022 beneficium

304 3037 490 3071 conatifint
514 3047 636 3070 vertere
661 3036 695 3068 in
717 3037 885 3071 alodium.
916 3036 1088 3072 Abolitam
1110 3038 1187 3071 item

307 3087 500 3121 violentiam
516 3087 611 3118 multi
625 3085 694 3128 post
718 3088 911 3121 exstinctum
936 3088 1049 3122 Caroli
1069 3088 1186 3132 Magni

305 3148 410 3182 genus
434 3135 528 3168 novis
553 3136 771 3169 invasionibus
792 3139 1036 3171 resuscitarunt.
1065 3138 1188 3171 Divina

307 3187 438 3222 interim
462 3185 567 3228 gratia
591 3196 769 3229 numquam
792 3187 884 3221 defiit
919 3189 1096 3222 electorum
1122 3190 1190 3221 suo-

307 3248 380 3271 rum
403 3235 499 3269 corda
511 3246 659 3278 tangere.
690 3234 815 3270 Verum
828 3238 867 3271 de
874 3239 1015 3272 formato
1029 3247 1108 3271 tunc
1120 3237 1190 3271 Cle-

308 3300 345 3322 ro
354 3286 490 3330 quidam
506 3284 679 3318 noluerunt
694 3285 822 3320 reddere
836 3311 846 3327 ,
874 3289 1014 3331 ideoque
1027 3288 1191 3322 transtule-

308 3347 385 3371 runt
400 3337 433 3369 in
446 3335 648 3378 disciplinata
672 3335 884 3379 Regularium
896 3338 1104 3373 Clericorum
1116 3338 1192 3371 Col·

310 3387 396 3431 legia
411 3411 421 3426 ‚
446 3397 482 3419 ac
495 3385 665 3428 praesertim
678 3384 712 3417 in
737 3386 980 3422 Monachorum
1008 3388 1193 3424 Coenobia.

311 3438 384 3472 Nec
409 3437 474 3469 fine
495 3434 713 3468 fundamento
737 3460 743 3465 .
777 3435 976 3475 Monasteria
1003 3441 1095 3475 enim
1120 3439 1193 3472 sunt

359 3530 362 3534 ,
410 3485 599 3530 cbrist.Lupi
612 3490 699 3528 oper.
713 3488 829 3520 Tom.V.

1251 2587 1334 2619 inter
1348 2596 1522 2628 pauperes,
1549 2586 1689 2632 ideoque
1709 2588 1751 2624 de
1778 2591 1991 2627 Decimarum
2015 2604 2053 2627 ac
2073 2593 2135 2628 reli

1249 2648 1316 2680 quae
1330 2635 1556 2670 Ecclefiasticae
1569 2636 1752 2673 substantiae
1762 2640 1803 2674 ad
1819 2653 1972 2685 pauperes
1993 2644 2135 2686 spestan-

1248 2698 1280 2720 te
1327 2697 1412 2720 uarta
1425 2687 1569 2721 omnine>
1594 2689 1713 2730 poffint
1736 2691 1945 2734 participare.
1974 2693 2132 2728 Attamen

1249 2737 1315 2770 sola
1326 2736 1640 2779 disciplinaetenacia
1651 2738 1797 2782 gaudent
1810 2740 1872 2774 isto
1891 2741 1959 2784 jure
1972 2767 1984 2782 ,
2008 2744 2043 2777 &
2065 2744 2135 2778 reli-

1249 2796 1329 2830 quos
1342 2797 1495 2830 pauperes
1507 2799 1574 2821 non
1587 2790 1719 2830 posl'unt
1733 2790 1904 2825 excludere
1915 2816 1926 2832 ,
1953 2804 2014 2826 nec
2039 2794 2134 2828 istam

1250 2837 1409 2883 Qartam
1424 2837 1490 2871 sola
1503 2836 1689 2872 absorbere.
1719 2838 1931 2875 Basilicarum
1947 2866 1957 2881 ,
1985 2844 2075 2877 sacrae
2088 2846 2134 2878 su-

1248 2887 1439 2930 pellectilis,
1468 2888 1680 2922 Decimarum
1695 2913 1706 2929 ,
1728 2890 1762 2923 &
1786 2891 1895 2925 omnis
1909 2892 2133 2927 Ecclesiasticae

1249 2936 1433 2971 substantiae
1445 2938 1620 2981 proprietas
1631 2952 1672 2972 an
1688 2940 1875 2975 immediate
1896 2941 1935 2975 ad
1962 2941 2133 2978 Christum

1248 2988 1459 3026 Dominum,
1485 3000 1527 3022 an
1550 2989 1591 3023 ad
1615 2990 1805 3024 Romanum
1828 2991 2026 3026 Pontificem
2044 3017 2053 3032 ,
2090 3005 2132 3027 an

1247 3037 1287 3071 ad
1325 3038 1525 3083 lingularum
1562 3040 1778 3073 Ecclefiarum
1801 3040 1936 3075 Clerum
1960 3066 1970 3081 ‚
2015 3054 2055 3077 an
2090 3042 2130 3076 ad

1248 3098 1362 3122 omnes
1385 3088 1494 3122 fideles
1519 3090 1638 3132 spectet
1658 3115 1669 3130 ,
1703 3089 1748 3123 est
1770 3092 1903 3134 antiqua
1925 3093 1958 3125 &
1981 3094 2131 3126 involuta

1248 3138 1403 3179 quaestio,
1436 3149 1536 3182 quam
1557 3139 1666 3173 videre
1693 3139 1787 3182 poffis
1811 3142 1895 3184 apud
1918 3143 2076 3183 Joannem
2089 3143 2131 3176 de

1250 3187 1372 3221 Parisiis
1382 3210 1392 3226 ‚
1413 3189 1584 3231 antiquum
1608 3201 1648 3223 ex
1661 3188 1909 3225 Praedicatorum
1922 3192 2046 3226 Ordine
2059 3193 2131 3227 Do-

1250 3239 1387 3276 ctorem,
1421 3238 1454 3272 in
1478 3239 1635 3273 TraClatu
1655 3239 1697 3274 de
1720 3241 1875 3283 potestate
1901 3241 2007 3285 Regia
2027 3242 2059 3274 &
2074 3242 2131 3277 Pa-

1251 3287 1338 3329 pali.
1361 3288 1404 3321 Et
1426 3288 1467 3322 de
1490 3290 1555 3333 ipsa
1577 3291 1612 3323 in
1638 3290 1795 3325 Trastatu
1818 3290 1858 3324 de
1878 3291 2076 3325 deducendis
2088 3292 2129 3326 ad

1252 3337 1430 3371 Bafileense
1453 3338 1646 3374 Concilium
1666 3340 1822 3375 Bohemis
1848 3341 2067 3375 dixitDoeftor
2078 3342 2130 3383 Jo-

1252 3398 1352 3420 annes
1380 3386 1558 3424 Polimaire
1584 3405 1595 3424 .·
1629 3395 1802 3432 opinionem
1831 3389 1918 3434 suam
1940 3397 2036 3433 magis
2058 3392 2129 3433 effi,

1253 3438 1331 3481 quod
1338 3439 1507 3472 Dominium
1517 3452 1616 3474 rerum
1638 3439 1772 3481 Ecclefiae
1793 3440 1832 3481 est
1852 3440 1938 3483 apud
1957 3439 2131 3484 christum,
