2366 3756
848 174 1335 227 D1c1A1us.

183 254 411 305 perordinatus
423 265 522 301 atque
530 257 674 299 ‘intrusus
685 283 693 298 ,
720 257 765 299 Et
775 255 841 299 hoc
850 256 971 300 papale
983 254 1063 300 judi-

180 310 271 344 cium
281 315 376 347 tanto
386 308 457 342 zelo
471 319 640 351 veneratus
654 308 700 348 est
710 309 844 350 cunctus
867 308 948 346 sanae
972 319 1061 349 men-

179 359 223 392 tis
248 357 367 397 Oriens
382 382 393 398 ,
418 368 455 400 ut
480 362 621 404 paganas*
643 356 663 400 i!
689 356 882 399 Christiano
908 356 1063 400 Principe

179 407 420 453 persecutiones
443 409 595 452 sustinere
615 407 787 450 maluerit,
812 407 912 452 quam
934 406 975 442 ab
1001 407 1063 441 isto

180 457 329 498 deviare,
357 457 403 493 Et
424 469 526 503 nota,
551 458 641 507 quod
663 468 731 500 non
750 458 923 493 dumtaxat
939 456 1063 498 Arsacii

180 516 239 549 aut
260 508 388 551 Attici,
412 509 466 544 sed
483 510 584 552 etiam
596 506 782 552 Theophili
792 508 1064 550 communionem

180 568 300 600 omnes,
321 559 404 593 sanae
424 559 544 595 mentis
563 558 748 601 orientales
761 558 883 601 fuerint
892 557 1059 593 detestati.

182 607 316 652 Nempe
334 607 495 643 Pontifex
519 610 683 652 recesserat
706 607 747 643 ab
766 607 831 650 hoc
841 609 900 642 suo
912 609 1012 652 priori
1025 607 1065 643 ad

183 655 417 700 Theophilum
437 658 607 702 Rescripto
629 671 637 697 ;
677 662 791 693 Frater
812 658 988 700 araphae,
1016 670 1067 697 nos

184 709 221 743 ὑ
242 716 273 747 ‚te
292 705 329 742 6*
344 706 482 751 fratrem
504 709 630 750 nostrum
632 713 791 755 Joannem
800 715 1007 755 communionis
1020 720 1067 742 no-

179 757 254 805 strae
275 757 457 798 decernimus
472 784 482 801 e
508 759 762 804 Theophilum,
788 758 878 803 quod
901 757 1068 804 Apostoli·

186 818 229 847 co
249 807 374 851 judicio
395 820 524 853 parere,
551 811 586 845 &
598 810 734 853 Ioannis
746 809 985 853 reparationem
1000 809 1070 842 nol-

187 858 235 892 let
257 858 452 899 admittere,
478 858 520 893 ab
542 858 691 895 Ecclefiae
711 860 949 895 communione
974 860 1071 893 secre-

186 916 289 945 verat,
324 906 369 941 Et
383 907 461 942 huic
478 910 579 944 etiam
598 910 722 954 judicio
743 911 837 953 sanus
857 909 976 954 Oriens
994 919 1073 949 con-

186 956 380 998 stantissime
389 955 573 1002 adhaerebat
580 985 587 999 2
866 984 870 988 -

241 1008 303 1042 Ast
323 1006 409 1042 hanc
419 1007 641 1050 obedientiam
653 1010 901 1054 persequebatur
913 1007 1072 1045 violentia

188 1055 492 1103 offensi-Principis.
524 1057 568 1094 Et
579 1057 658 1094 hinc
677 1058 835 1098 Pontifex
859 1059 959 1098 fecit,
985 1056 1073 1106 quod

191 1109 231 1142 in
247 1107 382 1143 laudato
404 1108 553 1154 Dialogo
565 1107 661 1143 habet
674 1108 873 1143 Theodorus
884 1108 1072 1145 Diaconus:

193 1161 269 1191 Non
287 1159 357 1197 tulit
375 1159 456 1198 ultra
476 1163 660 1198 ,Innocentius
682 1158 826 1199 Pontifex
845 1181 856 1197 ‚
896 1157 1074 1199 indignitate

189 1205 309 1251 summa
326 1215 499 1251 permotus,
519 1207 690 1251 scripsitque
710 1209 756 1246 ad
777 1212 938 1242 Honorium
950 1210 1074 1247 Impera-

188 1267 288 1291 torem
302 1281 313 1298 ,
338 1259 507 1297 litterarum
532 1256 699 1302 hujusmodi
713 1256 831 1301 sensum
855 1256 989 1296 distindle
1008 1254 1075 1299 sub-

183 1310 296 1349 jiciens
309 1332 316 1341 .
344 1305 459 1350 Desunt
473 1308 604 1347 litterae.
632 1307 758 1342 Grandi
772 1306 998 1344 Ecclefiasticae
1009 1317 1075 1340 eru-

190 1357 481 1397 ditionisdamno.
509 1360 609 1391 Motus
621 1356 668 1391 bis
693 1360 802 1392 litteris
829 1360 970 1399 Princeps
992 1365 1075 1399 prae·

186 1412 270 1448 oepit
289 1409 433 1447 synodum
458 1409 694 1442 occidentalium
717 1405 926 1451 Episcoporum
962 1417 1076 1450 congre-

186 1463 281 1500 gari,
304 1458 340 1493 ά
353 1458 418 1490 cam
442 1463 474 1490 in
495 1469 589 1492 unam
603 1457 782 1501 sententiam
810 1459 984 1500 convemyset
999 1479 1010 1496 ‚
1035 1457 1080 1490 ad

189 1504 223 1549 se
239 1505 368 1549 referre.
397 1509 574 1551 Congregaet
594 1509 694 1543 Italiae
709 1507 850 1552 Epiftopi
860 1512 1077 1550 Imperatorem

191 1564 304 1595 orant,
327 1566 361 1590 ut
376 1555 516 1602 scriberet
538 1560 664 1593 Arcadio
682 1557 875 1603 fratrssuo,
902 1566 935 1591 ut
956 1557 1079 1598 juberet

192 1605 399 1647 Tbeffalonlcae
409 1609 551 1648 synodum
556 1609 626 1651 fieri
636 1633 647 1649 ,
673 1609 859 1655 quofact'lnis
865 1609 978 1651 possent
989 1615 1081 1641 utrae-

191 1663 251 1697 que
265 1662 373 1695 partes
394 1660 527 1690 Orientis
545 1660 581 1697 ef
599 1658 767 1694 occidentis
787 1666 954 1694 concurrere
974 1682 981 1689 .
1020 1656 1079 1689 ad-

191 1704 303 1737 dentes
319 1703 486 1745 perfec‘lam
505 1699 649 1744 sjnodum
665 1712 722 1737 non
748 1711 861 1739 numeri
885 1711 1058 1747 quantitate
1071 1729 1082 1745 ‚

190 1752 249 1797 sed
258 1754 405 1794 qualitate
413 1752 591 1795 sententtae,
616 1760 731 1786 'certam
742 1755 776 1787 <St
787 1754 1025 1798 irrefragabilem
1034 1762 1080 1788 tu-

195 1802 254 1847 llffe
271 1801 457 1844 sententiam
465 1826 473 1835 .
503 1808 560 1836 His
572 1803 776 1843 inflammatus
787 1808 951 1846 Imperator
963 1803 1081 1848 Episco-

191 1861 233 1895 po
257 1853 379 1895 quidem
399 1855 531 1890 Romano
548 1851 653 1895 scribit
674 1878 686 1894 ‚
722 1862 757 1887 ut
783 1860 888 1888 mittat
916 1854 1079 1899 Episcopos

195 1907 350 1945 quinque,
377 1904 561 1942 Presbyteror
571 1904 646 1936 duos
657 1908 802 1938 Romanae
825 1903 957 1946 Ecclefiae
969 1929 981 1946 ,
1007 1908 1081 1938 Dta·

195 1962 300 1989 conum
321 1963 410 1990 unum
424 1976 435 1992 2
461 1958 513 1995 qui
532 1950 619 1994 mlius
638 1956 685 1987 ad
691 1954 827 1996 fratrem
847 1953 997 1998 Epistolas
1012 1953 1082 1996 fer·

195 2010 264 2035 rent
280 2025 288 2033 .
314 2002 525 2049 Qapropter
543 2002 584 2038 ad
606 2003 840 2039 retractandam
852 2005 1020 2050 degradati
1030 2004 1083 2047 Jo-

196 2051 295 2086 annis
315 2052 569 2096 appellationem
580 2063 641 2087 nec
653 2054 756 2088 totius
767 2054 916 2089 Ecclefiae
930 2080 942 2095 ,
968 2067 1028 2089 nec
1036 2065 1086 2089 to·

197 2101 266 2136 tius
276 2102 470 2136 Occidentis
480 2126 492 2142 ‚
517 2113 578 2135 nec
590 2103 693 2136 totius
704 2102 805 2135 Italiae
814 2104 990 2146 Synodum
998 2102 1083 2135 Pon-

198 2201 252 2234 lus
262 2200 297 2233 in
309 2200 370 2236 suae
392 2199 572 2237 Provincia:
589 2198 728 2241 Synodo
749 2200 894 2243 explevit
916 2199 982 2236 hoc
1004 2201 1088 2244 judi·

200 2250 293 2283 cium
303 2275 310 2285 -.
324 2247 451 2285 Verum
461 2248 550 2285 enim
563 2249 639 2283 vero
649 2248 739 2294 quod
749 2249 768 2284 a
780 2248 965 2294 Theophili
976 2251 1086 2285 fastio-

199 2309 245 2333 ne
254 2299 516 2342 circumscriptus
526 2298 687 2336 Arcadius
696 2298 830 2335 obedire
840 2300 944 2335 nollet
952 2326 964 2343 ‚
977 2310 1085 2336 totum

200 2346 343 2384 turbaret
367 2349 562 2389 Orientem,
587 2350 622 2384 ὄε
642 2347 827 2386 Christiana
846 2350 916 2385 illic
938 2361 1085 2395 tempora

202 2397 334 2432 faedaret
345 2397 486 2443 Paganis
495 2399 792 2442 persecutionibus,
822 2399 904 2435 Asta
918 2401 974 2437 sua
986 2400 1085 2445 subje-

203 2448 252 2483 cit
268 2449 413 2492 generali
428 2473 440 2489 ‚
466 2449 638 2493 voluitque
648 2449 718 2483 istic
731 2451 889 2486 retraetari
901 2476 909 2483 .

255 2497 412 2535 Proceffit
432 2498 466 2532 in
480 2500 616 2542 reparati
637 2500 654 2534 a
666 2501 697 2534 se
709 2500 844 2546 Ioannis
854 2501 967 2541 causa,
995 2500 1043 2537 uti
1055 2500 1090 2534 in

204 2548 342 2591 reparati
363 2547 382 2585 ὲ
394 2548 425 2583 se
437 2547 605 2585 Athanasii
616 2550 710 2584 causa
735 2551 925 2594 processerat
938 2550 1091 2584 Anteces-

205 2599 261 2631 sor
282 2597 385 2640 Julius
397 2623 404 2630 .
433 2597 502 2633 Uti
512 2599 558 2634 ob
569 2598 756 2636 Eusebianae
768 2600 917 2636 faitionis
928 2600 1095 2635 turbulen.

206 2648 270 2682 tias
282 2647 338 2682 hic
360 2647 559 2688 sardicenfi,
585 2647 630 2681 ita
653 2648 698 2683 ob
716 2648 903 2696 Theophili
929 2651 1094 2687 factiosam

208 2696 424 2734 rebellionem
455 2697 512 2732 ille
543 2699 636 2732 suum
664 2698 824 2741 judicium
858 2699 1093 2737 retraetandum

209 2744 354 2782 submisit
377 2746 515 2792 Synodo
542 2746 823 2785 Theffalonicenfi
838 2774 845 2784 .
873 2750 917 2785 Et
937 2760 1013 2785 cum
1033 2751 1094 2785 hac

209 2797 281 2840 pari
293 2794 517 2833 condicione.-
545 2802 618 2832 Non
643 2807 754 2840 oportet
770 2803 929 2844 Joannem
943 2802 1094 2842 judicium

210 2847 351 2891 ingredi,
378 2845 435 2886 nist*
449 2846 493 2880 illi
507 2848 596 2889 prta:
616 2848 762 2891 Ecclefia,
788 2855 1001 2893 communioque
1028 2852 1095 2885 red·

211 2898 305 2930 datur
316 2920 328 2938 ‚
352 2904 386 2932 ut
397 2901 475 2930 omni
488 2896 629 2931 dilatione
640 2898 786 2942 occasionis
793 2899 917 2944 sublata
927 2926 936 2941 ‚
942 2899 1001 2944 sua
1009 2899 1093 2944 spon-

212 2953 243 2980 te
263 2948 425 2981 Concilium
445 2947 561 2990 ingredi
579 2948 660 2988 possit
675 2974 683 2983 .
708 2950 809 2984 Suum
832 2950 873 2985 de
897 2952 1023 2994 Joanne
1046 2952 1096 2995 ju-

213 2995 340 3030 dicium
360 2996 467 3032 voluit
485 3007 560 3032 aute
582 2998 695 3033 omnia
713 3000 802 3034 mitti
824 3000 859 3034 in
870 3002 998 3044 plenam
1010 3002 1092 3035 exse·

214 3045 405 3086 cntionem,
434 3057 495 3080 nec
517 3058 559 3080 ex
579 3046 647 3081 ullo
668 3049 743 3084 fuco
765 3050 929 3094 suspendi.
956 3051 1093 3087 Nam&

217 3095 434 3129 Athanafium
455 3095 490 3131 in
515 3096 691 3133 Sardicenfi
716 3099 870 3136 Concilio
897 3103 940 3135 ita
968 3103 1090 3136 tractari

219 3145 345 3188 jusserat
368 3145 475 3188 Julius
492 3170 499 3178 .
540 3142 592 3179 Ex
610 3146 780 3184 pontificis
799 3161 892 3187 motu
919 3152 1094 3187 Honorius

220 3195 427 3239 adjunxit-<Sc
449 3194 535 3230 hanc
555 3195 809 3235 condicionem:
836 3206 897 3237 Hoc
906 3211 1004 3234 autem
1024 3209 1093 3235 ante

220 3249 320 3278 omm'a
333 3247 353 3277 ἃ
373 3254 427 3278 tua
449 3243 678 3287 Mansuetudine
694 3248 820 3289 postulo,
845 3260 879 3285 ut
902 3251 1094 3293 Theophilum

223 3296 480 3335 Alexandrinum,
506 3299 634 3329 invitum
660 3302 772 3338 etiam,
797 3300 890 3342 adeffe
907 3307 1093 3346 praectplas.

224 3346 282 3377 Per
293 3344 370 3382 bunc
379 3350 457 3378 em'm
469 3345 549 3380 mala
559 3351 658 3380 omnia
671 3346 804 3390 emersisse
816 3360 1012 3385 memorantur
1023 3376 1030 3383 .
1058 3355 1095 3383 Ut

219 3394 446 3430 advenientium
456 3393 666 3439 Epist-operum
677 3399 802 3436 synodus
809 3423 820 3440 ‚
848 3404 882 3433 in
905 3402 984 3436 nullo
1006 3407 1096 3444 impe—

197 2151 284 2186 tifex
294 2152 495 2186 convocavit
507 2174 518 2190 ‚
543 2158 598 2183 aut
607 2149 764 2192 judicavit
775 2152 984 2186 necesi'ariam
993 2163 1004 2185 .·
1029 2151 1108 2468 Sta-l

1155 2852 1212 2883 loe
1218 2846 1387 2892 percensere
1393 2848 1649 2892 supervacaneum
1671 2852 1822 2892 existimo,
1848 2863 1936 2895 eoque
1952 2853 2044 2894 pallo

1840 191 1932 237 333

1122 256 1210 302 dita,
1234 265 1390 299 congruam
1410 254 1589 297 temporibus
1611 255 1713 297 nostris
1738 256 1860 299 adfirat
1883 265 1997 300 pacem.

1122 304 1352 349 Theophilum
1374 305 1443 339 vult
1465 316 1532 343 non
1561 305 1703 341 adlidere
1722 316 1758 340 ut
1778 308 1976 352 Episcopum
1992 333 2005 350 ,

1125 353 1178 393 sed
1202 357 1282 390 stare
1301 367 1338 396 ut
1363 365 1476 396 reum,
1500 356 1534 390 δε
1553 356 1708 400 compelli
1719 355 1760 393 ad
1771 357 1949 394 reddendas
1960 370 2008 393 ra·

1125 405 1232 440 tiones
1255 406 1302 440 sui
1327 417 1382 455 per
1404 404 1633 448 Apostolicam
1656 406 1770 446 Sedem
1794 407 1940 446 damnati
1960 408 2009 452 ju-

1127 453 1206 494 dicii
1223 479 1234 495 ,
1260 458 1385 500 suaeque
1405 454 1555 496 adversus
1575 456 1669 494 istam
1692 457 1941 496 damnationem
1962 468 2010 493 re-

1128 505 1280 542 bellionis
1292 532 1299 540 .
1329 506 1370 543 Et
1390 506 1424 538 in
1452 503 1517 540 hoc
1529 507 1649 549 punsto
1662 505 1723 543 fuit
1735 507 1948 546 innocentius
1957 508 2010 555 Ju-

1129 555 1177 595 lio
1200 554 1354 600 rigidior,
1383 555 1451 594 Hic
1471 555 1562 592 ,enim
1588 554 1778 596 Eusebianae
1800 558 1947 596 ‚fastionis
1969 558 2012 597 E-

1131 606 1278 648 piscopos
1300 606 1442 649 permisit
1468 604 1608 647 adsidere
1631 606 1808 653 Sardicenli
1833 607 2007 647 Concilio,

1129 655 1162 689 δε
1186 655 1266 689 aviti
1286 656 1372 694 circa
1403 655 1571 697 Romanas
1602 656 1836 700 appellationes
1859 657 2011 693 Canonis

1130 705 1272 750 rigorem
1283 705 1514 749 dispensatoria
1526 706 1559 738 in
1573 705 1647 742 illos
1658 706 1762 755 gratia
1772 707 1940 752 mitigavit
1952 733 1960 740 .

1160 755 1168 758 ⁴
1182 754 1230 790 At
1241 755 1413 803 quodlibet
1428 766 1522 801 agere
1534 756 1584 793 vel
1597 753 1686 800 pati,
1713 756 1811 804 quam
1838 757 2012 795 Athanasii

1131 805 1367 849 reparationem
1391 817 1489 849 atque
1510 805 1743 850 Episcopatum
1764 808 1938 850 agnoscere
1949 819 2015 841 ma-

1132 855 1194 889 luit
1215 854 1397 893 Eusebiana
1421 857 1522 896 factio
1534 881 1541 888 .
1570 855 1674 889 Hunc
1687 853 1769 889 adeo
1778 857 1920 894 aversata
1930 857 1993 891 fuit
2005 880 2017 896 ‚

1134 915 1169 938 ut
1189 905 1230 940 de
1256 908 1353 945 noste
1375 906 1493 951 fugerit
1519 906 1649 940 Sardica
1672 904 1957 951 Philippopolim,
1983 907 2018 940 &

1135 953 1295 992 horrenda
1318 981 1330 999 ‚
1367 968 1436 1001 quae
1474 955 1643 1001 solusque
1667 965 1748 991 tunc
1775 966 1845 994 non
1873 956 2018 997 viderat,

1134 1003 1312 1039 schifinatis
1332 1006 1476 1041 facinora
1497 1005 1569 1043 istic
1590 1002 1727 1050 'patrarit
1740 1006 1774 1040 in
1789 1006 2020 1050 Apostolicam

1134 1053 1268 1095 Sedem.
1291 1054 1367 1088 Pari
1390 1057 1472 1090 odio
1494 1056 1599 1094 Sanc‘ti
1626 1055 1762 1101 Joannis
1784 1055 2020 1100 reparationem

1136 1103 1273 1141 aversata
1285 1102 1347 1141 fuit
1359 1104 1543 1148 Theophili
1557 1107 1674 1146 factio.
1704 1106 1839 1140 Etenim
1858 1106 1900 1141 de
1921 1105 2022 1139 mistis

1137 1152 1178 1187 ab
1201 1153 1399 1191 Innocentio
1436 1153 1599 1190 Pontifice
1627 1155 1667 1188 ad
1698 1154 2025 1194 Thessalonicensem

1138 1202 1311 1245 synodum
1332 1203 1467 1247 Legatis
1488 1203 1594 1248 pergit
1617 1202 1820 1242 Theodorus
1832 1206 2027 1242 Diaconus;

1140 1251 1270 1293 ,Profec‘li
1291 1252 1567 1295 Constantinopolim
1585 1253 1648 1294 post
1669 1261 1797 1296 quatuor
1808 1253 1922 1298 mensis
1937 1255 2029 1292 redie-
2071 1276 2080 1288 ,
2121 1275 2129 1286 2

1139 1311 1232 1343 runt,
1267 1311 1426 1339 narrantes
1446 1303 1528 1337 nobis
1553 1301 1732 1344 Babylonius
1753 1314 1818 1337 res.
1847 1304 1928 1338 Hoc
1958 1305 2029 1345 est,

1140 1364 1188 1387 res
1210 1364 1278 1389 non
1303 1351 1496 1391 Christianae
1515 1353 1666 1389 Ecclefiae
1689 1377 1701 1393 ‚
1738 1352 1792 1387 sed
1817 1353 2029 1397 Babylonicae

1139 1401 1325 1438 confufioni
1348 1414 1511 1449 congruas
1532 1403 1567 1437 &
1592 1403 1710 1448 dignas
1725 1428 1732 1435 .
1759 1403 1971 1438 Demonstrat
1995 1404 2031 1438 &

1143 1453 1286 1498 Legatos
1308 1453 1341 1486 &
1364 1453 1564 1488 adhaerentes
1575 1451 1639 1486 illis
1650 1453 1836 1493 orientales
1848 1454 2031 1498 Episcopos

1140 1503 1233 1537 fuisse
1261 1502 1379 1544 ejestos
1397 1526 1410 1543 ,
1436 1512 1640 1542 carcerat08‚
1667 1504 1849 1546 perculsos,
1874 1505 1910 1538 δε
1933 1505 2032 1542 adne-

1141 1552 1198 1585 &it
1212 1550 1279 1584 haec
1290 1552 1435 1593 ipsorum
1448 1576 1459 1592 ‚
1486 1552 1566 1585 dum
1578 1551 1619 1585 ad
1631 1551 1830 1586 Pontificem
1843 1554 2009 1591 redierunt
2021 1579 2033 1595 ‚

1143 1599 1257 1635 verba:
1287 1600 1432 1643 Postridie
1441 1600 1583 1645 miserunt
1591 1604 1637 1635 ad
1644 1613 1716 1640 nos,
1735 1601 1800 1643 five
1811 1606 1898 1646 Regis
1914 1605 2008 1637 Aulici
2023 1628 2034 1644 ,

1134 1651 1200 1693 five
1211 1656 1346 1692 Atticus,
1374 1651 1515 1694 nesciinus
1529 1675 1539 1691 ,
1566 1650 1626 1694 ipso
1641 1651 1888 1693 enlmferebatur
1899 1652 2035 1696 Ecclefiae

1141 1700 1271 1745 invafiffe
1290 1700 1451 1742 thronum,
1476 1707 1528 1746 qut·
1542 1707 1606 1736 ma
1626 1703 1725 1737 millia
1743 1701 1955 1746 numismatum
1981 1705 2037 1736 da-

1141 1748 1242 1793 rent,v
1257 1761 1291 1790 ut
1310 1758 1591 1791 communicaremus
1611 1757 1706 1788 Attlco
1728 1778 1737 1794 ,
1777 1755 1811 1788 Θ
1836 1754 1874 1786 de
1893 1757 1926 1798 J
1928 1759 2033 1787 oannh·

1135 1803 1250 1844 Judlcio
1272 1806 1391 1838 omnino
1407 1813 1570 1839 taceremus
1582 1830 1589 1838 .
1619 1805 1742 1849 ,Quibus
1756 1805 1880 1842 mimme*
1892 1804 2038 1846 obtempe-

1142 1863 1212 1887 rare
1228 1854 1376 1889 voluimus
1390 1880 1397 1887 .
1427 1854 1574 1892 Proinde
1591 1864 1739 1891 mortuus
1757 1863 1838 1893 tunc
1858 1864 1925 1893 erat
1941 1853 2040 1891 Arsa-

1141 1903 1230 1936 cius.
1255 1903 1337 1938 Haec
1357 1906 1472 1942 omnia
1496 1905 1697 1950 compendio
1726 1906 1822 1944 refert
1838 1905 1938 1943 etiam
1951 1905 2038 1941 Her-

1144 1952 1232 1997 ῐῐιὶεκςμ
1249 1953 1481 1995 Zozomenus,
1505 1957 1540 1992 δε
1571 1955 1723 2000 adjungit
1746 1967 1754 1992 ε,
1775 1959 1917 2000 ‚Ioannis
1945 1954 2040 2000 hostes

1150 2051 1227 2083 llam
1254 2048 1435 2087 Arcadiani
1463 2058 1589 2095 Imperii
1609 2054 1718 2099 fieret,
1744 2054 1920 2087 calumniati
1942 2053 2040 2097 sunt,

1146 2099 1180 2135 ὀ·
1197 2105 1231 2133 ut
1256 2097 1404 2134 Romani
1425 2100 1543 2144 Legati
1560 2110 1719 2143 tamquam
1730 2103 1936 2145 transmarini
1949 2109 2045 2147 Impe-

1146 2153 1185 2182 rii
1205 2146 1372 2182 turbatores
1396 2148 1606 2193 ablegarentur
1620 2173 1632 2190 ,
1659 2149 1817 2190 effecerunt
1841 2176 1849 2184 .
1888 2153 2043 2188 Eusebia·

1149 2208 1229 2231 num
1242 2196 1376 2231 schisma
1388 2200 1544 2234 resumere
1559 2199 1667 2234 noluit
1677 2223 1689 2240 ‚
1715 2200 1830 2243 utpote
1841 2199 2044 2244 orthodoxa,

1148 2246 1336 2290 Theophili
1347 2248 1443 2283 factio
1453 2273 1465 2289 ,
1485 2250 1538 2283 sed
1553 2250 1663 2294 ignavi
1675 2248 1709 2286 ὃς
1721 2249 1934 2287 circumventi
1947 2252 2044 2287 Prin·

1149 2298 1231 2341 cipis
1246 2296 1390 2332 violenta
1403 2300 1551 2343 potentia
1563 2300 1765 2346 Apostolicae
1779 2301 1868 2335 Sedis
1878 2300 2042 2342 judicium

1150 2349 1185 2384 &
1210 2357 1369 2383 conatum
1395 2358 1521 2387 morata
1547 2349 1594 2387 est
1621 2375 1633 2391 ,
1658 2361 1756 2395 atque
1782 2352 1964 2397 suspendit.
1993 2353 2039 2387 Et

1157 2407 1236 2432 tunc
1249 2398 1349 2434 iratus
1360 2397 1514 2435 Pontifex
1526 2401 1829 2438 excommunicavit
1839 2400 2021 2437 Arcadium
2032 2427 2046 2444 ,

1156 2446 1332 2489 Atticum,
1358 2445 1587 2493 Theophilum
1610 2475 1622 2491 ,
1642 2452 1678 2488 δε
1704 2463 1838 2486 omnem
1866 2453 2046 2487 factionem

1158 2498 1229 2541 ipfis
1248 2496 1460 2541 appendicem
1479 2525 1487 2536 .
1528 2500 1572 2534 Et
1608 2502 1652 2535 fic
1676 2502 1855 2536 conflatum
1892 2503 1937 2537 est
1959 2502 2045 2537 istud

1157 2547 1316 2592 schisma,
1343 2549 1396 2583 seu
1419 2549 1477 2585 ista
1491 2549 1718 2587 Ecclefiasticae
1729 2553 1975 2587 communionis
1997 2554 2045 2586 in-

1157 2597 1305 2638 tercisio,
1332 2597 1423 2641 cujus
1434 2599 1632 2636 calamitates
1643 2603 1781 2645 exponit
1794 2603 1829 2636 in
1850 2602 2047 2637 Ecclefiasti-

1157 2659 1194 2683 ca
1224 2646 1358 2683 historia
1385 2647 1642 2688 Theodoretus:
1669 2654 1753 2695 ,Quot
1777 2651 1915 2695 Eprscopl
1940 2654 2043 2693 illius,

1145 2002 1231 2043 apud
1237 1997 1531 2046 ‘constantinopolim
1553 2003 1632 2039 banc
1650 2016 1714 2038 rem
1739 2005 1824 2046 quasi
1841 2011 1875 2038 m
1895 2015 2042 2040 contume·
2058 1985 2086 2054 ξ’
2101 1993 2126 2017 7“
2159 1991 2184 2013 c‘

1158 2698 1270 2741 utique
1290 2698 1397 2736 Sansti
1426 2700 1560 2742 Joannis
1581 2726 1591 2742 ,
1629 2702 1724 2744 cauffa
1741 2701 1865 2744 fuerint
1890 2702 2045 2737 exturbati
2067 2704 2124 2736 Lib.
2150 2714 2174 2740 5.

1152 2747 1215 2795 suis
1229 2745 1361 2789 Ecclefi'ls
1370 2773 1382 2789 ,
1409 2752 1444 2784 Θ
1455 2752 1498 2783 ad
1505 2760 1655 2784 extremas
1668 2752 1747 2787 orbis
1766 2759 1874 2793 partes
1896 2754 2021 2797 relegata·
2033 2777 2046 2793 ‚
2062 2754 2089 2775 C·
2115 2754 2163 2782 34·

1156 2807 1225 2841 quot
1237 2804 1330 2831 ettam
1340 2799 1481 2833 Monacbi
1483 2800 1575 2842 fimilt'
1579 2799 1719 2843 supplicii
1725 2812 1832 2848 genere
1839 2803 1960 2836 multatl
1968 2827 1980 2843 ‚
1992 2802 2045 2836 boc

1155 2897 1302 2938 historiam
1312 2900 1424 2943 longuis
1430 2900 1595 2943 provehere
1609 2926 1620 2943 ,
1645 2901 1814 2946 prasertim
1823 2912 1888 2935 cum
1906 2913 1971 2934 mea
1980 2907 2043 2944 qut-

1156 2950 1223 2983 dem
1231 2946 1380 2992 sententia
1391 2974 1402 2989 ,
1428 2962 1466 2986 ea
1480 2963 1547 2993 quae
1557 2952 1710 2992 tristitiam
1737 2951 1902 2993 adferant,
1929 2960 2044 2985 contra-

1155 2999 1256 3032 henda
1271 2997 1344 3042 sum
1364 3005 1398 3033 in
1407 3000 1557 3044 augustum
1569 3025 1579 3041 ,
1606 3003 1640 3036 &
1652 3010 1754 3036 errata
1764 3011 1861 3034 eorum
1872 3025 1883 3042 ‚
1909 3007 1961 3043 qui
1968 3000 2041 3044 sicnt

1153 3050 1225 3095 fidei
1240 3047 1377 3092 societate
1388 3049 1533 3093 nobiscum
1554 3050 1700 3093 conJ’unAE'i
1717 3075 1729 3091 ‚
1749 3049 1867 3095 filentto
1891 3052 2019 3094 tegenda
2031 3075 2040 3083 .

1160 3106 1248 3142 Atqui
1268 3100 1426 3141 complures
1446 3112 1544 3136 eorum
1559 3125 1569 3141 ‚
1594 3107 1646 3144 qut
1670 3110 1759 3136 erant
1783 3104 1965 3145 injuriarum
1988 3111 2041 3134 au-

1157 3150 1269 3188 mres,
1289 3157 1397 3191 poenas
1416 3150 1640 3194 persolverunt,
1667 3161 1788 3193 quorum
1806 3150 1951 3194 supplicia
1969 3151 2040 3182 altis

1157 3201 1323 3234 attulerunt
1342 3211 1399 3234 non
1416 3203 1527 3242 param
1553 3202 1692 3235 commoda
1706 3227 1713 3234 .
1741 3201 1823 3241 Istud
1837 3206 1969 3242 iniquum
1983 3198 2040 3241 fa-

1157 3254 1238 3282 cinus
1263 3257 1364 3283 contra
1381 3254 1539 3296 Joannem
1564 3251 1716 3294 admtffum
1741 3248 1879 3293 Episcopi
1906 3252 2038 3291 Europae

1153 3298 1250 3345 supra
1274 3308 1396 3334 caeteros
1431 3300 1565 3340 detestati
1596 3299 1669 3344 sunt
1699 3323 1711 3341 ,
1745 3301 1780 3333 (9⁶
1811 3298 1843 3342 se
1879 3298 1919 3333 ab
1945 3299 2039 3331 audo-

1158 3361 1225 3383 rum
1254 3355 1447 3386 communione
1478 3348 1672 3393 sejunxerunt
1695 3374 1703 3382 .
1744 3349 1793 3381 Ad
1821 3361 1897 3394 quos
1931 3350 2034 3386 lllyrici

1159 3404 1249 3434 ettam
1286 3398 1427 3443 Episcopt
1463 3400 1623 3443 accessere.
1662 3400 1857 3434 orientalium
1893 3400 1964 3431 vero
1998 3402 2038 3431 σι’-

1907 3453 1989 3484 vlm-
