2366 3756
81 1005 148 1039 A&-
170 1017 205 1044 4.

83 2575 116 2605 L.
137 2581 165 2611 3·
186 2583 217 2605 c.

85 2805 121 2835 1.-
139 2814 168 2840 7·
187 2812 215 2835 c.

925 155 1420 204 D1crnrus;

1910 168 2012 220 ‘¹75

254 240 356 278 totius
367 237 630 276 Christianitatis
639 238 865 275 confusionem
886 245 985 280 atque
1006 234 1136 279 acepha-
1196 245 1261 272 tum
1284 237 1323 278 est
1343 238 1505 274 minoribus
1524 238 1676 283 Mariorum
1691 237 1810 283 ficorum
1827 238 1957 275 manhu,
1976 239 2081 283 resiste.

252 291 351 326 liam.
377 290 449 337 Qi
468 289 665 328 damnatum
675 290 740 324 fine
749 286 907 335 potestate
917 286 1015 320 solvit
1028 310 1039 327 ,
1066 298 1136 320 non

250 339 347 377 illum
368 339 474 377 abluit
487 365 500 381 ‚
526 340 582 378 sed
595 339 691 384 ipsius
700 338 755 372 sibi
770 336 893 374 affricat
905 335 1043 371 scabiem
1055 361 1062 369 .
1094 337 1137 370 Et

250 389 338 425 hanc
358 390 511 435 pertinax
531 390 673 425 Aeacius
695 389 729 423 in
739 397 876 426 omnem
885 385 941 423 fibi
954 387 1138 422 communi-

250 450 384 479 cantem
405 441 583 477 Orientem
604 437 763 475 traduxit.
792 438 875 472 Haec
894 437 941 472 est
954 448 1027 474 vera
1041 438 1137 482 origo

250 490 416 529 Acaciani
438 489 628 525 schismatis
648 515 659 532 ,
683 487 771 532 quod
797 487 931 525 tandem
953 487 1139 533 composuit

248 541 432 576 Hormisda
451 539 631 585 Pontifex,
658 539 786 582 adjutus
805 537 846 572 ab
868 539 1065 582 Imperatore
1086 537 1137 584 Ju-

249 592 358 626 stino.
384 589 533 627 Laudata
557 589 676 624 Gelasii
694 588 879 627 testimonia
901 589 1030 624 exstant
1053 587 1138 632 apud

251 640 412 683 Iacobum
433 640 668 681 sirmondum,
692 638 762 683 post
775 639 991 683 appendicem
1004 638 1140 674 Codicis

249 689 481 728 Theodosiani
497 715 504 727 ,
533 691 646 729 Etiam
668 688 815 724 Arcadio
838 689 993 735 Augusto
1014 714 1026 730 ‚
1061 688 1139 723 Ale-

250 740 407 777 xandrini
427 739 624 780 Patriarchae
643 738 831 783 Theophili
851 742 982 780 causam
992 739 1141 784 delegan-

252 790 301 831 ti,
326 790 465 826 obedite
478 789 588 825 noluit
611 802 655 826 ex
673 790 788 829 eadem
809 791 920 835 regula
943 791 1076 825 Sanitus
1090 788 1139 832 Jo-

252 851 356 876 annes
388 839 647 886 Chrysostomus
663 863 676 881 ‚
712 841 887 879 adfirmans
906 840 943 880 id
963 850 1140 890 repugnare

252 889 401 927 Nicaenis
424 890 638 929 Cauonibus.

302 939 348 974 Et
368 939 404 977 in
428 939 594 983 Ephesina
618 941 757 987 Synodo
779 940 865 975 dixit
886 940 1050 984 Iuvenalis
1061 938 1141 973 Hie-

251 989 428 1036 rosolymae
449 990 648 1038 Episcopus:
676 995 743 1027 Mos
765 991 804 1031 est
825 1002 864 1026 ex
875 991 1029 1033 apostolico
1038 990 1141 1022 ordine

251 1041 287 1075 Θ
304 1040 496 1081 traditione,
521 1050 557 1078 ut
577 1042 666 1078 Sedes
688 1040 872 1075 Antiocheno
897 1041 982 1083 apud
1006 1038 1142 1082 Apostoli-

250 1101 318 1125 cam
338 1092 446 1128 sedem
465 1094 589 1136 Magnae
600 1094 880 1134 RomaeJ'udicetur.
908 1092 952 1125 Et
964 1089 1005 1124 de
1017 1101 1142 1128 memo·

250 1150 323 1174 rato
343 1139 483 1183 Ioannis
497 1143 626 1177 excessu
648 1142 688 1176 ad
711 1141 920 1176 Caelestinum
942 1140 1141 1178 Pontificem

250 1190 371 1233 scripsit
391 1190 463 1234 ipsa
484 1191 582 1236 plena
602 1191 758 1235 synodus
772 1206 783 1225 .-
808 1188 1144 1236 EtiamfiJoannesde·

247 1241 443 1284 gradationis
459 1239 643 1285 sententlam
655 1242 804 1284 Justtffime'
823 1243 1006 1286 legitimeque
1010 1236 1145 1284 subruis²

248 1289 320 1333 set,
346 1293 480 1324 Pietatis
501 1299 561 1324 tuae
575 1292 690 1332 ‚iudicio
710 1290 762 1326 boc
785 1290 1026 1334 reservavimus.
1055 1291 1143 1324 Eum

251 1340 459 1383 pra-,sentium
488 1340 759 1385 Apostolicorum
785 1342 987 1386 Legatorum
1013 1340 1146 1378 austori-

251 1399 320 1424 tate
330 1391 657 1436 excommunicavit,
683 1390 795 1429 verum
821 1391 886 1424 sine
910 1390 1041 1435 speciali
1060 1389 1145 1424 Pon-

251 1439 351 1474 tificis
373 1440 535 1475 mandato
561 1452 631 1479 non
658 1441 723 1477 fuit
749 1442 824 1475 ausa
850 1441 1029 1487 degradare
1059 1465 1067 1473 .
1104 1440 1146 1473 E-

251 1489 334 1523 tiam
358 1489 520 1529 Paulini,
546 1490 702 1530 Meletii,
728 1490 861 1534 Evagrii
883 1502 922 1525 ac
944 1490 1092 1524 Flaviani
1104 1488 1145 1522 de

251 1537 473 1573 Antiocheno
500 1539 728 1574 Patriarchatu
756 1539 849 1574 litem
877 1540 945 1574 sola
968 1537 1147 1581 semperjue

250 1587 373 1622 dicavit
398 1588 556 1628 Romana
565 1590 682 1627 Sedes.
709 1589 755 1623 Et
766 1597 933 1632 quotquot
955 1588 1145 1624 accusarunt

249 1636 457 1671 Dioscorum
482 1637 694 1671 Alexandriae
729 1635 951 1672 Patriarcham
972 1661 983 1678 ‚
1021 1636 1145 1670 accusa-

248 1694 327 1721 runt
343 1684 432 1730 apud
452 1687 605 1721 Sanctum
619 1686 787 1724 Leonem.
815 1686 934 1721 Eidem
947 1686 1145 1730 Episcopum

250 1735 346 1770 fuum
372 1736 789 1781 Constantinopolitanum
805 1759 815 1774 ‚
856 1735 1051 1771 Patriatchae
1075 1735 1145 1778 jure

250 1795 332 1820 tunc
367 1795 521 1821 utentem
539 1811 553 1827 4
601 1788 756 1822 San-stum
795 1786 991 1821 Flavianum
1026 1785 1145 1820 detulit

249 1834 476 1871 Haerefiancha
513 1834 680 1880 Eutyches
703 1862 709 1869 .
747 1837 828 1880 Ejus
864 1837 947 1876 item
980 1836 1146 1873 Successor

250 1883 435 1920 Anatolium
456 1909 468 1926 ,
495 1886 656 1931 ipsiusque
681 1886 854 1931 illegitima
879 1886 1049 1931 promotio
1074 1894 1143 1920 uon

249 1934 368 1972 habuit
393 1935 497 1974 alium
525 1936 694 1979 Iudicem.
719 1937 818 1975 Plura
844 1937 919 1976 sunt
955 1933 1143 1980 hujusmodi

251 1984 426 2028 exempla*

300 2034 419 2078 Objici
445 2033 543 2078 poffit
572 2035 669 2074 Pauli
698 2037 928 2074 Samosatensis
949 2033 1144 2072 Patriarchae

249 2083 461 2120 Antiocheni
481 2085 676 2130 degradatio
695 2111 707 2127 ,
744 2088 810 2121 fine
833 2088 949 2131 praevio
984 2086 1145 2124 Romanae

249 2134 344 2172 Sedis
354 2136 516 2171 consensu
528 2135 609 2172 fasta
619 2147 674 2178 per
685 2136 859 2177 Synodum
869 2134 1120 2168 Antiochenam
1132 2156 1144 2173 ‚

251 2195 326 2227 quae
346 2185 512 2226 peractum
533 2185 628 2217 suum
650 2183 813 2227 judicium
837 2183 1012 2220 dumtaxat
1032 2182 1143 2217 retulit

251 2231 424 2274 Dionysio
445 2231 606 2266 Pontifici
627 2256 639 2272 ‚
674 2233 724 2267 uti
745 2232 833 2268 lucet
857 2244 898 2267 ex
920 2230 1144 2276 Synodalibus

251 2281 372 2316 litteris
392 2281 597 2316 exstantibus
615 2282 652 2316 in
674 2281 898 2319 Ecclesiastica
918 2280 1055 2318 historia
1079 2282 1143 2317 Eu-

252 2329 336 2365 sebii
362 2330 570 2369 Caesareensis
591 2355 600 2364 .
635 2331 730 2379 Qin
761 2332 796 2369 ec
818 2332 1021 2375 Episcopum
1056 2331 1150 2366 suum

255 2380 414 2416 Cosmam
429 2403 442 2422 ,
465 2392 504 2416 ac
524 2380 736 2419 Severianum
757 2380 925 2419 Arethusae
936 2380 1151 2423 Antistitem,

254 2430 346 2475 quod
364 2431 435 2468 fine
455 2430 595 2474 Synodo
618 2431 680 2467 soli
703 2432 857 2468 Severum
876 2431 1016 2474 ejusdem
1030 2431 1151 2466 Antio-

255 2479 341 2515 chia
359 2479 587 2517 patriarcham
606 2479 828 2517 abdicaverint
842 2505 853 2522 ,
880 2482 915 2521 δε
931 2481 1149 2517 abdicationis

255 2530 407 2577 libpllum
429 2530 488 2574 ipsi
509 2531 702 2568 solemniter
722 2531 868 2566 miserint
887 2555 900 2572 ,
925 2531 1038 2567 laudat
1067 2532 1150 2567 Eva-

254 2579 347 2625 grius
371 2578 628 2623 Epiphanienfis
648 2605 655 2615 .
683 2580 882 2624 Respondeo
906 2592 983 2616 cum
1009 2581 1150 2616 laudatis

255 2628 485 2674 Synodalibus
507 2630 627 2665 litteris
640 2654 652 2672 ,
678 2631 886 2667 manifestam
896 2630 973 2677 lapsi
985 2643 1023 2667 ac
1035 2632 1148 2676 relapsi

256 2680 354 2716 Pauli
377 2679 525 2719 haeresim
550 2691 589 2715 ac
610 2681 901 2719 scandalosiffimos
924 2692 1031 2718 mores
1050 2693 1148 2726 expo-

257 2729 436 2772 nentibus,
461 2731 497 2766 &
517 2730 791 2767 concludentibus
812 2745 825 2767 .-
850 2731 939 2773 Istum
967 2738 1058 2780 &itur
1084 2742 1148 2769 tam

258 2783 322 2816 Deo
341 2777 548 2822 adversarum
570 2806 583 2823 ,
618 2791 740 2825 tamque
764 2787 963 2817 contumacem
983 2807 995 2824 ,
1027 2794 1146 2820 eramus

259 2829 349 2864 coam
381 2828 510 2871 Ectthfia
534 2832 569 2865 Θ·
593 2838 812 2878 congregatione
832 2832 968 2875 fidelium
992 2835 1147 2870 interdice-

257 2892 315 2921 re,
340 2888 431 2922 atque
451 2880 631 2921 excludere,
656 2879 802 2918 &adum
826 2881 1008 2927 Episcopum
1034 2888 1069 2918 in
1081 2885 1144 2929 ejus

257 2931 352 2965 Iocum
368 2928 560 2976 substituere.
589 2929 698 2967 Aiunt
715 2933 919 2968 manifestam
941 2933 1037 2973 Pauli
1048 2934 1145 2968 haere-

259 2979 320 3015 fim
353 2991 423 3016 non
457 2981 636 3019 sustinuisse
668 2993 773 3019 moras
808 2983 929 3029 praeviae
956 2984 1140 3021 relationis.

261 3028 369 3066 Aliud
388 3029 644 3066 fundamentum
669 3032 704 3066 in
729 3033 959 3079 Agrippinensi
982 3036 1144 3079 Synodo,

260 3076 413 3115 adversus
432 3079 576 3124 ejusdem
587 3082 731 3117 civitatis
740 3083 989 3129 Metropolitam
1001 3084 1147 3130 Euphra-

260 3140 330 3165 tem
352 3130 599 3174 pronuncians,
628 3132 763 3168 adducit
795 3134 989 3173 Valerianus
1010 3137 1146 3180 Episco-

260 3190 322 3224 pus
344 3178 640 3216 Autifiodorenfis:
667 3182 738 3224 Etsi
752 3195 810 3218 non
832 3197 932 3221 omnes
955 3186 1145 3234 conseniores

262 3229 490 3275 convenff’mus
506 3255 517 3272 ‚
537 3229 693 3274 ficffecerat
713 3235 734 3268 ὃ
753 3240 881 3279 quinque
904 3235 1059 3280 Episcopls
1074 3240 1145 3274 Εκ-

257 3278 398 3322 phratem
409 3278 612 3323 blasphemum
629 3290 687 3325 pro
708 3290 823 3319 meritis
841 3285 906 3329 fids
913 3286 1088 3332 sententian
1101 3299 1144 3324 eo-

261 3331 331 3364 dem
345 3331 418 3372 jure
438 3331 491 3375 effe
510 3331 684 3376 depositum.
713 3332 758 3368 Et
776 3335 1018 3374 adkomanam
1030 3339 1120 3375 suam
1134 3362 1144 3379 ‚

260 3377 282 3412 ὲ
295 3380 440 3424 generali
458 3382 575 3418 oslava
612 3382 781 3428 probatam
804 3410 816 3428 ‚
850 3386 1023 3430 Synodum
1059 3388 1144 3425 dixit

260 3426 428 3467 Adrianus
447 3431 626 3469 secundus:
666 3436 793 3478 Propter
812 3433 907 3479 solam
928 3436 1059 3481 baerefim
1082 3440 1144 3474 lici-

1196 298 1227 320 re
1243 310 1254 327 ‚
1271 290 1325 321 vel
1347 297 1463 331 pravos
1482 279 1587 333 sinsus
1607 290 1694 327 libere
1714 288 1852 334 respuere
1865 315 1873 323 .
1898 289 2081 328 Haereticus
2104 315 2168 348 Ast·
2189 326 2212 351 7⁴

1199 338 1330 382 proprio
1349 338 1474 385 judicio
1494 340 1526 373 se
1545 340 1681 381 damnat
1703 364 1715 381 ‚
1753 342 1787 376 δε
1817 340 1884 378 lata
1914 339 1949 378 in
1977 341 2083 385 ipsum

1199 388 1326 430 Synodi
1349 389 1511 426 sententia
1531 388 1676 426 declarat
1699 390 1809 434 potius
1831 390 1930 435 qnam
1944 390 2084 432 definit,

1199 438 1338 482 ideoque
1361 439 1396 474 ἁ
1416 437 1435 472 a
1455 437 1553 482 plena
1574 439 1712 482 Synodo
1733 464 1745 480 ,
1780 453 1818 475 ac
1837 440 1938 476 etiarn
1958 441 1977 475 ὲ
2001 442 2085 486 pari·

1200 487 1258 521 bus
1278 513 1289 529 ,
1327 489 1399 523 imo
1422 488 1458 527 ὅ(
1479 487 1521 524 ab
1551 487 1758 527 inferioribus
1787 491 1898 528 inferri
1921 492 2026 540 potest
2047 492 2085 528 iu

1200 537 1423 581 Superiorem.
1697 548 1700 551 '
1751 567 1759 576 .

1248 588 1478 633 Suffraganeos
1496 588 1601 634 igitur
1623 589 1801 634 Episcopos
1819 587 1961 633 judicare
1971 603 2008 626 ac
2029 589 2087 627 de·

1199 638 1335 683 gradare
1354 638 1575 676 Provinciales
1597 640 1726 685 synodi
1749 639 1849 686 usque
1865 639 1907 679 ad
1930 642 2085 676 ostavum

1199 688 1341 723 Domini
1363 688 1514 724 saeculum
1536 688 1678 726 omnino
1701 699 1894 734 potuerunt.
1922 691 1962 727 ln
1974 689 2086 727 Gallia

1201 750 1281 775 tunc
1296 750 1335 774 ac
1350 735 1536 782 ssermania
1550 752 1605 783 per
1620 740 1782 782 FrancoS,
1803 741 1839 777 in
1850 740 2014 785 Hispania
2029 751 2086 784 per

1201 790 1376 827 Saracenos
1389 813 1400 830 ‚
1425 790 1462 827 in
1482 790 1579 828 ltalia
1601 802 1640 827 ac
1660 790 1799 834 Illyrico
1821 801 1877 834 per
1897 789 2091 835 Longobar-

1201 840 1260 874 dos
1283 840 1318 874 &
1339 839 1472 878 Graecos
1491 840 1673 876 admodum
1696 850 1811 877 vexata
1824 851 1862 875 ac
1871 838 2013 885 depressa
2022 849 2090 876 erat

1204 890 1402 933 Apostolicae
1424 889 1516 925 Sedis
1536 891 1692 935 Maiestas
1713 914 1725 934 ‚
1748 891 1782 929 δε
1802 891 1912 926 omnis
1937 890 2091 925 Ecclesia-

1201 940 1279 974 stica
1302 940 1480 983 iurisdictio
1492 962 1506 982 ,-
1540 941 1684 987 ideoque
1707 941 1749 977 ad
1774 941 1858 986 ipsas
1879 939 2092 978 sublevandas
2147 976 2149 978 a

1204 990 1311 1024 nescio
1337 989 1409 1034 quis
1432 991 1504 1034 pius
1527 990 1633 1027 fidelis
1657 991 1757 1029 finxit
1787 991 1848 1028 sub
1877 990 2092 1036 antiquorum

1204 1040 1434 1078 Romanorum
1455 1040 1661 1077 Pontificum
1679 1042 1820 1077 nomine
1830 1042 2006 1077 decretales
2019 1040 2096 1078 istas

1203 1090 1354 1133 epistolas
1378 1113 1390 1130 ,
1428 1101 1507 1134 quas
1530 1092 1644 1137 paffim
1668 1103 1824 1128 vocamus
1849 1091 2097 1128 Colleffionem

1204 1140 1317 1174 Isidori
1328 1139 1538 1177 Mercatoris.
1565 1141 1635 1178 Hic
1646 1142 1737 1176 enim
1750 1143 1832 1187 ipsas
1841 1153 1919 1177 cum
1930 1141 2004 1178 aliis
2015 1151 2103 1176 mer·

1204 1190 1296 1226 cibus
1317 1201 1358 1224 ex
1382 1190 1542 1234 Hispania
1564 1191 1748 1235 deportavit
1762 1193 1797 1227 in
1809 1192 1956 1233 Gallias,
1983 1189 2101 1226 Ricul—

1206 1240 1288 1285 phus
1307 1239 1379 1288 post
1401 1242 1556 1276 Sanstum
1581 1241 1793 1277 Bonifacium
1814 1241 1927 1276 tertius
1951 1240 2104 1286 Magum·

1206 1292 1295 1326 tinus
1316 1289 1594 1335 Archiepiscopus
1620 1291 1717 1330 lectas
1742 1292 1777 1326 ὅτ
1812 1290 1967 1337 probatas
1992 1290 2105 1334 sparsit

1207 1353 1262 1388 per
1287 1350 1423 1377 omnem
1448 1341 1646 1382 Franciam‚
1671 1340 1974 1388 admisitqueetiam
1986 1340 2104 1378 Eccle-

1207 1392 1247 1425 sia
1260 1390 1430 1427 Romana.
1459 1390 1513 1427 Ex
1535 1390 1582 1425 eis
1605 1391 1695 1426 enim
1719 1390 1833 1434 plura,
1870 1389 2101 1436 Angilramne

1207 1441 1345 1478 Metensi
1358 1440 1524 1483 Episcopo
1535 1439 1624 1481 data,
1638 1440 1781 1487 capitula
1791 1439 1968 1485 desumpsit
1981 1439 2103 1476 Adria-

1208 1502 1268 1523 nus
1280 1490 1403 1531 primus
1416 1512 1427 1527 ‚
1453 1490 1488 1521 δε
1499 1491 1701 1524 nominatim
1713 1490 1851 1525 tertium
1861 1513 1872 1529 ,
1898 1489 1988 1533 quod
2007 1500 2101 1524 man-

1206 1538 1263 1570 dat
1285 1536 1414 1569 nullum
1426 1536 1627 1579 Episcopum
1639 1538 1731 1580 super
1742 1537 1943 1580 quibuslibet
1956 1538 2105 1572 crimini·

1207 1585 1265 1620 bus
1287 1585 1383 1619 citari
1407 1595 1464 1619 aut
1487 1585 1649 1628 judicari,
1674 1587 1779 1621 nifiin
1792 1587 1932 1634 Synodo
1943 1598 2107 1623 convoca-

1207 1646 1239 1673 ta
1264 1647 1319 1679 per
1343 1633 1572 1678 Apostolicam
1594 1638 1840 1673 auctoritatem.
1871 1636 2013 1675 Easdem
2022 1647 2108 1675 acer·

1208 1685 1288 1723 rime
1307 1683 1459 1721 defendit
1477 1710 1489 1728 ,
1526 1698 1565 1721 ac
1586 1686 1621 1722 in
1635 1687 1765 1730 praxim
1786 1687 1912 1732 redegit
1944 1687 2109 1725 Nicolaus

1209 1736 1351 1779 primus,
1381 1735 1447 1769 fine
1470 1736 1587 1780 praevio
1599 1737 1658 1775 suo
1675 1738 1834 1772 consensu
1846 1737 2000 1778 nullum,
2026 1738 2107 1774 licet

1208 1785 1325 1823 Sedem
1343 1784 1534 1821 Romanam
1555 1798 1625 1822 non
1652 1788 1854 1832 appellaret,
1879 1787 2001 1831 deponi
2014 1788 2106 1824 dein-

1207 1847 1282 1879 ceps
1302 1836 1494 1880 permittens
1504 1836 1704 1881 Episcopum
1713 1860 1726 1881 ‚
1751 1837 1892 1881 ideoque
1902 1838 2046 1882 graviter
2058 1837 2109 1880 inq

1209 1887 1318 1920 vestus
1330 1885 1366 1919 in
1377 1885 1600 1923 Hincmarum
1610 1887 1867 1932 Metropolitam
1880 1889 2080 1924 Remensem
2088 1912 2103 1931 ,

1208 1935 1265 1980 qui
1286 1946 1328 1970 ex
1351 1936 1476 1970 vetusta
1502 1937 1716 1980 synodorum
1737 1938 1929 1973 auctoritate
1948 1937 2105 1984 degrada·

1207 1995 1256 2021 rat
1276 1984 1486 2022 Rothaldum
1510 1987 1712 2033 Episcopum
1736 1988 1994 2024 Sueffionensem
2015 2014 2023 2022 .
2062 1988 2106 2023 E-

1208 2037 1419 2080 piscoporum
1437 2037 1709 2082 degradationem
1736 2038 1867 2077 asseruit
1887 2039 1951 2075 esse
1973 2039 2014 2073 de
2035 2049 2107 2074 ma-

1204 2085 1330 2127 joribus
1351 2085 1501 2123 Ecclefiae
1519 2089 1620 2123 causis
1635 2113 1647 2129 ‚
1673 2088 1818 2133 ideoque
1836 2089 1928 2132 juxta
1941 2088 2105 2125 vetustam

1208 2133 1358 2166 Ecclefiae
1381 2134 1489 2177 legem
1513 2147 1583 2169 non
1603 2138 1695 2178 posse
1719 2138 1786 2172 fine
1804 2139 1919 2180 praevia
1931 2138 1974 2172 ad
1985 2139 2104 2177 Sedem

1208 2182 1396 2217 Romanam
1418 2182 1579 2218 relatione
1602 2186 1774 2220 attentari.
1804 2185 1860 2219 Ad
1873 2187 2016 2222 minores
2030 2200 2108 2223 cau·

1208 2233 1254 2267 sas
1265 2233 1364 2276 usque
1383 2241 1464 2267 tunc
1479 2234 1630 2276 [pestaue
1639 2235 1781 2278 reposuit
1794 2235 2014 2277 Hincmarm,
2036 2249 2108 2274 mo-

1207 2281 1281 2316 dice
1316 2281 1484 2316 aestimavit
1517 2282 1619 2317 distas
1655 2284 1842 2327 Epistohs,
1867 2287 1902 2320 ἀ
1929 2287 2108 2332 Metropo-

1217 2331 1343 2369 liticam
1364 2332 1453 2370 suam
1474 2331 1510 2367 in
1530 2331 1749 2379 degradandis
1772 2336 1943 2381 Episcopis
1970 2339 2110 2381 potesta·

1216 2391 1283 2419 tem
1305 2392 1382 2416 cum
1403 2381 1548 2425 pluribus
1568 2383 1605 2422 in
1629 2384 1740 2423 Gallia
1754 2385 2043 2433 Collegisstrenue
2053 2388 2109 2424 de·

1216 2433 1322 2467 fendit
1334 2457 1342 2465 .
1370 2431 1496 2470 Verum
1509 2433 1632 2483 sibiipsi
1643 2446 1711 2470 non
1723 2436 1874 2472 constitit
1885 2461 1893 2474 ..
1923 2438 2056 2475 Etenim
2068 2440 2106 2475 in.

1215 2482 1338 2527 scriptis
1358 2493 1400 2517 ex
1422 2483 1523 2518 tertia:
1544 2484 1774 2522 Sueffionenfis
1806 2486 1935 2531 synodi
1969 2488 2105 2524 nomine

1214 2532 1328 2568 litteris
1346 2532 1432 2576 apud
1453 2533 1624 2570 laudatum
1645 2535 1845 2572 Pontificem
1857 2539 1985 2573 accusat
1997 2538 2104 2574 Brito·

1213 2594 1293 2617 num
1317 2582 1496 2628 Episcopos
1516 2594 1685 2628 tamquam
1700 2586 1901 2623 Barbaros&
1914 2587 2103 2624 semi-Chri-

1213 2633 1356 2675 stianos,
1380 2633 1470 2678 quod
1492 2645 1563 2670 non
1575 2636 1682 2671 solum
1694 2638 1758 2672 sine
1768 2639 1930 2681 Synodo,
1956 2639 2101 2673 sed&si-

1212 2695 1254 2720 ue
1264 2683 1464 2727 Apostolicae
1473 2685 1567 2721 Sedis
1589 2687 1709 2722 notitia
1721 2688 1904 2732 Episcopos
1913 2691 2099 2726 exauctora-

1211 2742 1301 2770 rent.
1328 2732 1399 2771 Alii
1419 2737 1499 2774 item
1520 2736 1722 2775 Francorum
1744 2737 1900 2782 Episcopi
1924 2749 1993 2773 non
2003 2748 2098 2777 erant

1210 2784 1390 2824 concordes,
1411 2810 1418 2822 .
1456 2786 1592 2823 Etenim
1615 2788 1791 2826 Hincmari
1815 2799 1918 2832 nepos
1937 2788 2098 2824 Hincma-

1210 2846 1263 2869 rus
1283 2835 1508 2872 Laudunensis
1527 2837 1713 2882 Episcopus
1735 2837 1836 2878 dictas
1845 2837 1999 2882 epistolas
2018 2851 2098 2874 con-

1210 2885 1328 2922 stanter
1346 2884 1542 2925 defendebat
1561 2887 1612 2923 uti
1631 2887 1800 2934 legitimas
1822 2887 2097 2931 &authenticas,

1208 2936 1381 2981 coegitque
1400 2938 1494 2972 suum
1523 2948 1676 2982 patruum
1711 2939 1753 2974 ad
1785 2940 1901 2974 omnia
1922 2939 2097 2975 adversum

1209 2986 1292 3030 ipsas
1310 2985 1396 3026 dieta
1418 2989 1454 3022 ἀ
1475 2987 1566 3034 gesta
1592 2989 1629 3023 in
1654 2989 1811 3024 Trecensi
1832 2989 1970 3032 synodo
1982 2999 2096 3026 coram

1209 3037 1335 3083 Joanne
1353 3039 1470 3073 ostavo
1492 3038 1658 3073 pontifice
1679 3038 1867 3073 solemniter
1877 3039 2093 3075 recantanda.

1208 3087 1260 3121 Ita
1278 3085 1376 3122 habes
1397 3088 1432 3122 in
1459 3087 1597 3128 historia
1623 3088 1792 3128 Remenfis
1827 3089 1975 3130 Ecclefiae
2005 3089 2093 3134 apud

1209 3135 1448 3176 Flodoardum.
2030 3136 2032 3138 ’

1258 3186 1311 3224 Ex
1330 3187 1390 3228 illo
1412 3198 1560 3235 tempore
1582 3189 1625 3226 ad
1647 3189 1786 3235 majores
1810 3189 1959 3228 Ecclefiae
1979 3189 2092 3224 causas

1209 3237 1345 3282 spectare
1364 3240 1463 3284 coepit
1496 3240 1649 3286 Episcopi
1668 3239 1859 3287 degradatio
1880 3263 1891 3280 ,
1923 3240 1958 3273 δε
1984 3238 2092 3283 quivis

1209 3289 1307 3323 etiam
1332 3288 1368 3323 in
1389 3289 1499 3327 Gallia
1510 3290 1690 3336 Episcopus
1699 3291 1782 3327 adeo
1793 3301 1860 3324 non
1873 3289 1981 3334 potuit
1994 3288 2092 3332 depo·

1211 3338 1245 3375 ni
1265 3338 1330 3373 sine
1355 3341 1472 3385 praevio
1491 3340 1666 3380 Pontificis
1679 3342 1858 3380 consensu,
1884 3350 1921 3376 ut
1941 3339 1982 3374 ad
1998 3339 2093 3373 Hen-

1210 3389 1315 3426 ricum
1336 3389 1477 3432 primum
1496 3393 1697 3427 Francorum
1715 3393 1842 3438 Regem
1864 3414 1876 3432 ‚
1901 3390 1958 3433 qui
1979 3389 2091 3422 Haere·

1209 3437 1363 3475 siarcham
1385 3439 1619 3486 Berengarium
1641 3452 1680 3476 ac
1699 3441 1769 3486 ejus
1802 3437 2011 3522 manifestam
2045 3436 2093 3491 se-¹

1976 3496 2043 3525 ato·
