2366 3756
357 147 376 189 3
393 142 411 188 5
426 147 453 176 2

275 215 386 261 pulsus
397 214 462 250 fnit
473 211 587 247 eadem
602 220 679 243 cum
695 209 841 252 ipsorum
865 208 1006 242 auctrice
1031 205 1168 251 Synodo

276 265 464 301 solemniter
490 259 633 304 profiteri
658 284 667 292 .
700 259 827 294 Verum
855 256 1057 302 Apostolicae-
1078 257 1170 293 Sedis

277 311 568 351 confirmationem
581 321 649 344 non
661 310 771 345 laudat
786 307 948 353 Evoptius
963 333 969 342 .
997 309 1091 342 Hinc
1114 307 1173 341 ali-

277 367 336 409 qui
349 362 540 398 existimant
554 361 657 405 ipsam
669 361 769 404 usque
789 369 870 394 tunc
892 370 962 394 non
981 357 1171 392 intervenis-

277 418 313 450 se
325 439 332 446 .
357 414 403 447 Et
411 411 497 447 certe
509 412 639 446 nullum
647 411 823 455 antiquum
835 418 932 453 atque
942 406 1171 444 authenticum

278 463 438 500 habemus
452 472 512 507 pro
530 461 608 497 data
628 472 683 506 per
705 461 886 496 Damasum
915 458 1171 494 confirmatione

277 513 509 550 testimonium
520 537 528 546 .
556 512 600 547 Et
610 512 783 556 quomodo
796 523 864 545 non
881 509 988 545 solum
1000 507 1172 552 Eutyches

279 575 380 608 atque
390 563 571 598 Dioscorus
583 587 594 604 ‚
612 562 668 598 sed
680 562 780 596 etiam
792 570 842 596 tot
854 561 889 594 in
901 558 1065 604 Ephefino
1077 560 1173 594 latro-

281 615 376 649 cinio
390 614 547 657 Episcopi
563 612 829 657 praesumpfiffent
840 610 1004 645 firmatam
1018 611 1036 645 ὲ
1051 610 1174 645 Roma-

280 677 325 701 na
342 665 486 700 Ecclesia
496 663 668 707 synodum
680 663 829 707 perfricta
850 662 961 696 fronte
986 671 1175 696 contemne·

281 717 340 750 re?
366 714 478 749 Etiam
490 712 653 758 Ephefina
664 712 818 756 Synodus
830 711 957 747 recitari
967 711 1024 745 sibi
1034 711 1113 745 fecit
1125 710 1175 749 so-

282 764 540 800 lumNicaenum
553 763 751 808 Symbolum
763 787 776 804 ,
801 774 872 797 non
891 760 1176 804 Constantinopo-

282 815 445 850 litanum.
460 813 646 862 ,Qidquid
666 814 705 849 sit
728 839 740 855 ,
764 823 942 858 utrumque
965 810 1024 845 fibi
1047 809 1176 845 recitari

280 865 360 901 fecit
374 888 386 906 ,
413 863 506 902 Astis
529 864 676 900 inseruit·
690 888 702 905 ,
726 865 760 900 &
785 864 826 898 ad
847 864 1003 898 Sanctum
1024 862 1178 899 Leonem

280 915 395 951 retulit
407 913 680 951 chalcedonense
689 914 908 954 Concilium,
933 922 1033 956 atque
1053 910 1178 947 exinde

279 976 461 1011 utrumque
476 964 594 1001 habuit
606 964 862 1010 irrefragabilem
884 975 922 998 ac
945 972 1056 1007 parem
1077 961 1178 998 firmi-

280 1026 394 1052 tatem.
423 1015 560 1050 lnterim
575 1014 656 1050 hinc
666 1015 754 1050 lucet
767 1013 1178 1057 Constantinopolitanam

281 1065 482 1110 Synodum,
506 1076 574 1110 quo
596 1067 697 1109 usque
723 1063 928 1109 Apostolicae
955 1064 1048 1100 Sedis
1068 1061 1178 1097 defuit

281 1114 475 1162 suffragium
487 1140 501 1159 ,
525 1116 619 1151 fuiffe
633 1116 794 1152 caducam
820 1127 859 1151 ac
881 1115 1018 1150 infirmae
1038 1112 1178 1148 austori-

280 1175 358 1202 tatis
371 1191 379 1201 .

331 1216 444 1251 Etiam
455 1215 626 1251 adversum
638 1213 707 1251 haec
718 1214 755 1250 in
780 1213 930 1257 Epistola
950 1212 990 1246 ad
1017 1212 1178 1255 Ioannem

277 1264 522 1301 Molendinum
531 1265 710 1301 intercedit
723 1265 865 1307 Joannes
876 1260 1047 1305 Launojus
1059 1286 1066 1294 .
1094 1261 1179 1296 Lau·

277 1316 338 1353 dat
364 1313 776 1358 Constantinopolitanam
795 1312 993 1360 Synodum,
1017 1312 1052 1346 &
1076 1310 1178 1357 prose-

277 1366 392 1409 quitur
405 1380 417 1398 :
443 1371 517 1401 Haec
523 1369 624 1397 omniaet
637 1388 649 1404 ,
673 1369 706 1397 in
717 1362 827 1406 quibus
839 1360 928 1405 inficio
941 1366 1076 1397 Romano
1100 1363 1179 1398 Pon-

278 1416 405 1459 tifice&
419 1416 605 1448 damnantur
615 1412 766 1457 haeresn,
790 1413 825 1446 Θ
841 1412 913 1455 fidet·
933 1411 1097 1456 fimbolum
1117 1412 1180 1445 edi-

278 1475 331 1501 tur
355 1490 366 1507 ,
405 1464 591 1509 inquisitores
619 1463 705 1504 nostri
728 1488 740 1506 ,
774 1463 895 1507 utique
920 1461 1178 1498 Eminentiffimi

279 1516 427 1554 Domini
441 1516 635 1551 Cardinales
650 1539 662 1555 ‚
671 1519 796 1557 penitus
807 1518 948 1558 ignorant
957 1537 969 1554 ‚
990 1514 1053 1547 ciam
1065 1518 1153 1547 aiunt
1166 1524 1180 1554 ;

280 1569 333 1605 Ad
354 1567 462 1602 sedens
483 1564 680 1608 -Apostolicam
690 1565 854 1598 dumtaxat
869 1569 1005 1605 pertinet
1014 1571 1179 1597 controver-

274 1616 338 1661 fias
344 1615 442 1659 fidei,
473 1617 508 1650 ὁ*
533 1627 649 1650 morum
672 1612 857 1658 uminis-dlis
879 1611 1015 1654 Ecclefiae
1037 1612 1178 1656 definire.

279 1671 329 1702 Et
340 1666 562 1708 nififateaentur
570 1669 670 1698 omnia
681 1659 748 1698 Bae
759 1668 897 1707 ignaram
916 1660 951 1704 se
970 1668 1093 1704 penitus
1103 1684 1116 1701 ,
1139 1661 1180 1693 ab

279 1716 470 1752 intolerando
492 1725 590 1748 errore
611 1723 775 1756 nwnquam
797 1717 966 1748 eximentur
987 1736 999 1753 ,
1028 1709 1059 1753 fi
1070 1718 1179 1744 >tamen

280 1772 373 1803 eximi
391 1767 511 1808 poffint.
538 1764 646 1808 Cressa
658 1765 692 1798 Θ
699 1766 826 1807 pinguis
838 1761 877 1803 est
891 1765 1063 1805 ignorantia
1074 1785 1087 1802 ,
1111 1770 1181 1802 que

280 1824 315 1853 in
325 1815 393 1862 ipsss
401 1819 506 1857 pueris
517 1825 576 1850 non
586 1813 688 1849 verbis
697 1813 819 1847 tantum
832 1837 842 1853 ,
862 1809 923 1855 sed
934 1815 1027 1845 etiam
1050 1809 1181 1846 verberi·

279 1869 336 1903 bus
358 1865 550 1910 castigaretur
561 1890 569 1897 .
598 1869 659 1898 Hoc
669 1874 761 1900 unum
776 1862 965 1898 metuendum
979 1860 1017 1902 est
1033 1885 1046 1901 ,
1066 1871 1182 1903 nequa

280 1930 321 1954 ex
332 1916 472 1956 synodica
485 1915 809 1957 constantinopolitani
831 1913 956 1949 Concilii
980 1910 1118 1954 Epistola
1138 1921 1183 1943 re·

281 1969 408 2004 tulimus
428 1991 439 2008 ‚
469 1964 615 2008 fabulofis
641 1962 869 1999 narrationibus
895 1961 1070 2003 adscribant
1087 1983 1099 1999 ,
1127 1969 1184 1999 quo

285 2019 387 2053 mlnus
415 2017 582 2050 videantur
614 2020 753 2058 ignorare
776 2012 857 2052 quod
879 2012 1019 2054 'ignorant
1042 2032 1049 2039 .
1074 2009 1107 2040 Si
1132 2018 1181 2040 au-

287 2070 366 2103 dent
390 2066 443 2098 illa
461 2061 605 2106 sabulosss
632 2060 857 2095 narrationibus
882 2057 1048 2098 adscribere
1074 2077 1085 2094 ,
1121 2063 1183 2087 cott-

284 2118 371 2152 tinuo
396 2112 624 2147 damnabuntur
645 2111 687 2140 ab
697 2106 848 2149 prefina
857 2106 966 2144 synodo
980 2129 990 2146 ‚
1015 2115 1084 2149 quae
1108 2107 1186 2137 Con-

281 2163 538 2211 stantinopolitani
574 2158 701 2195 concilii
737 2153 864 2200 simbola
901 2153 998 2198 refert
1023 2156 1058 2189 ά·
1082 2153 1186 2196 confir-

286 2224 372 2252 mat.

338 2265 421 2299 Hae
435 2263 471 2297 in
488 2261 655 2305 supremos
678 2257 830 2293 Ecclefiae
855 2254 1030 2291 Antistites
1053 2253 1187 2290 dicteria

287 2317 380 2355 malo
398 2312 584 2348 erubescere
599 2335 609 2352 ,
634 2309 734 2355 quam
754 2308 894 2342 refutare
908 2330 916 2338 .
945 2305 1094 2341 Utinam
1115 2304 1188 2347 sup-

290 2368 431 2414 primere
443 2361 618 2407 potuissem
632 2384 643 2400 ,
668 2360 703 2395 &
716 2358 824 2393 radere
835 2356 877 2391 de
889 2356 1026 2400 Ioannis
1039 2352 1187 2389 Launoii

291 2414 443 2461 Epistola
455 2438 462 2445 .
489 2413 676 2447 Dumtaxat
685 2407 762 2444 dico
774 2406 951 2445 Constanti
957 2404 1187 2449 nopolitanum

296 2463 488 2512 symbolum
500 2461 541 2497 ab
552 2460 712 2505 Ephesina
725 2457 865 2502 Synodo
873 2467 933 2492 nec
944 2456 1082 2494 relatum
1094 2453 1189 2492 fuisse

300 2528 363 2554 nec
389 2514 620 2550 confirmatum
643 2535 653 2544 .
688 2509 835 2546 Nestorii
866 2509 993 2543 causam
1013 2503 1190 2541 discuffizra

302 2569 408 2613 prima
428 2564 515 2599 aetio
535 2561 662 2597 recitari
674 2560 760 2604 juffit
780 2560 957 2594 Nicaenum
975 2555 1166 2601 symbolum
1179 2578 1192 2595 ‚

303 2615 426 2652 deinde
437 2614 546 2648 Sancti
569 2611 691 2656 Cyrilli
714 2610 869 2654 quasdam
890 2607 1072 2651 Epistohs,
1096 2606 1131 2639 &
1150 2616 1193 2640 ex

305 2667 395 2703 hisce
406 2664 546 2715 Regulis
556 2663 596 2698 de
606 2660 819 2697 controversis
830 2658 992 2693 erroribus
1015 2655 1172 2701 judicavit
1183 2678 1191 2688 .

307 2719 347 2754 ln
359 2718 418 2751 suo
431 2714 587 2759 suffragio
598 2713 745 2757 plerique
756 2710 912 2754 Episcopi
936 2708 1072 2742 laudant
1091 2705 1197 2740 Nicae-

309 2778 391 2802 num
414 2764 602 2810 symbolum
626 2787 638 2804 ,
674 2761 862 2797 nullatenus
888 2755 1196 2800 Constantinopoli-

310 2811 429 2853 tanuin
446 2840 453 2847 .
479 2814 697 2857 Symbolum,
723 2822 790 2855 quo
810 2809 910 2844 fidem
933 2810 1023 2844 suam
1039 2808 1197 2852 professus

311 2866 360 2900 est
381 2862 554 2905 Presbyter
575 2862 745 2897 Charisius
764 2884 776 2900 ‚
814 2859 910 2894 habet
931 2859 1067 2902 quidem
1089 2857 1199 2899 aliqua

313 2915 555 2954 additamenta,
580 2912 694 2946 verum
712 2909 810 2955 longe
822 2909 947 2944 diversa
970 2908 989 2941 ὲ
1009 2907 1199 2942 Constanti-

316 2963 535 3009 nopolitanis.
563 2960 729 2996 Existimo
742 2960 798 2994 illa
810 2970 864 3004 per
876 2958 1022 3000 Lydiam
1033 2958 1127 2992 fuisse
1141 2957 1199 2991 ufi-

316 3024 385 3050 tata
402 3039 414 3055 ,
440 3024 536 3057 atque
562 3012 609 3045 ita
634 3010 1004 3053 Constantinopolitano
1025 3008 1201 3051 nequidem

319 3076 373 3110 per
386 3072 520 3097 omnem
530 3062 736 3097 orientalem
747 3060 921 3095 Ecclesiam
931 3068 1011 3093 tunc
1031 3058 1124 3092 fuisse
1149 3057 1202 3092 ad-

321 3114 433 3151 missa:
461 3111 563 3155 Apud
575 3113 676 3146 varias
687 3111 844 3146 Ecclefias
863 3109 1014 3144 videntur
1034 3108 1129 3143 fuisse
1150 3119 1205 3141 va·

321 3167 390 3200 ria.
418 3162 463 3197 Et
482 3160 661 3205 Ephefinus
681 3162 804 3197 Canon
831 3185 843 3201 ‚
866 3159 925 3205 qui
946 3159 1098 3202 deinceps
1117 3166 1204 3192 vetat

324 3215 399 3249 addi
414 3213 454 3247 ad
466 3210 674 3254 symbolum,
702 3210 966 3255 palamloquitur
989 3208 1029 3244 de
1046 3210 1118 3243 solo
1141 3209 1205 3242 Ni-

324 3275 435 3300 caeno.
461 3263 669 3309 Qapropter
690 3261 794 3304 prima
816 3258 1206 3304 Constantinopolitano-

326 3324 399 3350 mm
421 3311 719 3357 additamentorum
731 3311 940 3345 confirmatio
961 3310 1089 3344 videtur
1106 3308 1169 3343 effe
1185 3310 1203 3343 ὲ

319 3364 445 3402 Sancto
470 3362 585 3398 Leone
608 3361 775 3398 Pontifice
794 3385 808 3405 ‚
832 3362 1047 3400 confirmante
1072 3359 1203 3406 plenum

640 130 678 173 S.
716 126 1041 171 Giteoonu
1078 139 1319 169 εεΡτΙΜΙ
1355 118 1725 169 Portunus

1231 206 1412 240 Decretum
1437 203 1515 238 fidei
1539 203 1836 240 Chalcedonensis.
1908 220 1935 228 ο
2055 231 2058 234 «

1281 256 1393 294 Dico,
1419 255 1568 289 Videtur:
1595 255 1771 303 Qoniam
1793 256 1845 289 illi
1871 279 1883 296 ‚
1911 255 1968 300 qui
1991 257 2121 293 laudata

1231 303 1458 340 additamenta
1474 305 1589 339 volunt
1603 305 1739 349 probata
1761 305 1795 339 δε
1812 306 1938 341 firmata
1962 307 1982 341 ὃ,
2004 309 2122 344 Sancto

1233 356 1405 396 Dama-so,
1432 365 1501 389 non
1527 355 1748 390 destituuntur
1774 356 2022 398 fundamento.
2047 357 2122 394 Ete-

1234 406 1302 440 nim
1312 405 1486 440 Maximus
1498 405 1647 449 Cynicus
1669 405 2061 452 Constantinopolitanus
2079 407 2123 443 E-

1234 456 1383 500 piscopus
1403 478 1414 494 ,
1450 464 1567 490 contra
1593 456 1726 491 tertiuin
1745 456 2123 502 Constantinopolitano

1234 506 1364 548 Synodi
1391 505 1591 547 Canonem,
1617 506 1658 541 ab
1684 507 1747 541 illo
1771 507 1936 543 firmatam
1957 509 2048 543 sunm
2069 508 2126 543 de·

1234 556 1463 603 gradationem
1477 580 1487 596 ,
1512 567 1550 591 ac
1564 557 1811 600 promotionem
1825 558 1970 594 Nestarii
1982 557 2124 602 appella-

1236 608 1283 641 vit
1304 606 1346 640 ad
1370 606 1487 641 sedem
1511 607 1766 650 Apostoficam,
1791 609 2048 653 appellationem
2068 608 2126 644 ad·

1237 656 1322 691 misit
1345 656 1479 693 Sanetus
1505 658 1690 698 Damasus,
1715 667 1815 702 atque
1840 671 1882 694 ex
1894 659 2123 695 sua·Roman2

1236 704 1374 750 Synodo
1384 707 1425 742 ad
1434 707 1574 743 istorum
1597 706 1759 751 Astorum
1782 707 1986 747 defensorem
2005 708 2124 744 Theo·

1235 756 1364 792 dolium
1385 756 1574 803 Augustum
1591 758 1772 802 rescripsit:
1798 760 1876 793 Cum
1899 763 2068 793 Maximum
2078 762 2126 792 E-

1231 806 1387 851 piscopum
1410 813 1574 851 receperint
1598 812 1631 842 in
1653 814 1880 844 communionem
1900 809 1997 851 nostra
2012 809 2125 854 consor·

1235 866 1283 892 tia
1293 882 1305 900 ‚
1330 863 1471 901 quoniam
1491 869 1556 893 eum
1567 860 1588 892 ἃ
1599 858 1762 893 Catholicis
1773 859 1899 900 constitit
1910 859 2125 904 Episcopis-or»

1235 910 1375 943 dinatum
1398 933 1411 950 ‚
1446 919 1497 943 nee
1521 909 1571 943 abv
1584 908 1784 953 Episcopatus
1810 909 2126 953 Constantinopolitant

1230 965 1417 1002 vputavimus
1435 965 1582 1002 petitione
1604 961 1838 995 removendum.
1860 963 1964 1003 Cujus
1972 963 2125 1006 allegatio·

1239 1020 1307 1043 nem
1317 1008 1517 1054 praesentibus
1526 1010 1670 1052 partibus
1692 1010 1908 1050 ‘estimavimus
1924 1011 1976 1055 effe
1991 1012 2127 1053 penden-

1236 1060 1330 1094 dam.
1355 1059 1537 1095 Nee‘t'arium
1549 1069 1646 1092 autem
1656 1060 1721 1093 cum
1743 1068 1836 1103 nuper
1857 1060 1954 1102 nostra
1972 1062 2128 1095 Mediocri-

1237 1117 1287 1142 tas
1302 1108 1557 1150 Constantinopoli
1577 1115 1744 1151 cognoverit
1766 1111 1959 1151 ordinatum,
1982 1109 2127 1145 cobaerere

1236 1162 1466 1192 communionem
1479 1156 1606 1197 nostram
1615 1162 1684 1190 eum
1694 1160 1900 1195 orientalibus
1905 1161 2047 1204 partibus
2068 1171 2128 1195 non

1238 1208 1376 1241 videmus
1390 1231 1401 1248 ,
1423 1205 1594 1250 prasertim
1605 1218 1671 1241 cum
1681 1205 1720 1241 ab
1741 1208 1848 1251 eisdem
1870 1212 2036 1246 Nedarius
2046 1212 2128 1244 dicm-

1238 1267 1286 1291 tur
1306 1259 1381 1291 illico
1386 1256 1450 1300 fine
1461 1262 1671 1292 communionis
1682 1255 1822 1301 consortio
1833 1258 1987 1299 destitutus
1999 1283 2011 1299 ‚
2035 1262 2056 1292 ἃ
2068 1267 2129 1303 qui·

1213 1317 1216 1355 2
1238 1307 1291 1342 bus
1299 1307 1408 1355 fuerat
1415 1308 1575 1342 ordinatus
1585 1331 1595 1342 .
1629 1312 1705 1342 Non
1716 1309 1874 1343 mediocris
1884 1314 1976 1354 igitur
1985 1308 2033 1343 hic
2047 1307 2130 1352 scrie-

1236 1359 1329 1401 pulus
1339 1382 1351 1400 ,
1375 1358 1578 1401 necquaedam
1588 1369 1641 1393 nos
1652 1363 1738 1403 angit
1759 1358 1798 1392 de
1815 1359 1965 1401 domestico
1980 1359 2079 1399 fludio.
2094 1360 2130 1394 Θ

1237 1408 1398 1443 ambitione
1408 1410 1551 1443 contentio
1561 1433 1573 1451 ,
1594 1407 1654 1453 sed
1664 1415 1829 1444 commnio
1832 1408 1931 1454 soluta
1940 1411 1975 1445 Θ·
1982 1410 2132 1454 diffociaetae

1235 1459 1398 1503 perturbat
1411 1484 1418 1492 .
1447 1463 1485 1494 N
1486 1470 1517 1493 ec
1526 1460 1751 1494 videmus'eam
1761 1460 1853 1495 aliter
1859 1460 1936 1505 poffe
1954 1466 2129 1501 convenire,

1239 1510 1296 1553 mfi
1303 1519 1359 1545 aut
1368 1515 1396 1545 is
1407 1511 1555 1544 reddatur
1566 1509 1819 1553 Constantinopoli
1831 1516 1893 1554 *qui
1904 1515 1992 1554 >prior·
2012 1511 2134 1545 ordim-

1239 1569 1288 1593 tus
1299 1561 1338 1600 est
1352 1584 1365 1602 ‚
1389 1569 1444 1595 aut
1452 1562 1532 1595 certe*
1541 1559 1632 1605 super
1644 1562 1767 1595 duorum
1779 1562 1967 1596 ordinatione
1970 1560 2011 1603 fit
2020 1565 2053 1593 in
2062 1559 2133 1598 urbe

1240 1613 1340 1643 Roma
1367 1611 1497 1651 nostrum
1522 1612 1781 1656 orientaliumque
1799 1612 1990 1648 Concilium.
2017 1610 2134 1648 Exstat
2205 1623 2207 1625 ’

1240 1658 1391 1702 Epistola
1412 1660 1501 1702 apud
1530 1660 1694 1705 Ja'eobum
1719 1663 1937 1696 Sirmondnm
1957 1663 1994 1694 in
2012 1670 2133 1704 appen-

1239 1708 1312 1742 dice
1334 1708 1473 1744 Codicis
1495 1705 1744 1743 Theodotum.
1771 1709 2068 1753 Ver-uminpostea
2077 1708 2134 1744 da-

1239 1758 1284 1792 tis
1301 1755 1344 1791 ad
1361 1756 1519 1790 Sannum
1543 1753 1727 1789 Acholium
1748 1756 2137 1791 Thenalonicensemss·

1242 1807 1412 1851 piscopum
1437 1805 1558 1840 litteris
1587 1804 1677 1840 idem
1702 1804 1865 1842 Damasus
1889 1805 2033 1850 ejusdem
2058 1806 2134 1842 Ma-

1240 1856 1324 1892 ximi
1345 1854 1594 1891 ordinationem
1620 1855 1817 1900 ampliffime
1841 1855 2134 1892 exsufflat&dnm·

1242 1916 1299 1942 nat
1323 1915 1364 1940 ex
1383 1906 1481 1938 variis
1506 1906 1606 1940 causis
1625 1930 1636 1947 ,
1675 1907 1850 1951 praesutim
1871 1907 1960 1950 quod
1986 1907 2134 1951 impensa

1242 1956 1350 1990 fuisset
1371 1952 1502 1990 homini
1527 1955 1669 2001 gestanti
1696 1955 1923 1990 habitunudoii
1942 1981 1954 1998 ‚
1992 1957 2135 2002 ideoque

1242 2005 1383 2049 indigno
1407 2004 1527 2042 habere
1555 2006 1830 2040 communionem
1856 2017 1925 2040 non
1951 2006 2134 2041 tantumE-

1244 2053 1367 2096 piscopi
1383 2076 1395 2093 ,
1421 2053 1478 2088 sed
1499 2054 1535 2090 &
1556 2055 1653 2089 Laici
1680 2053 1882 2090 Christiani.
1912 2056 1985 2090 Has
2012 2056 2136 2091 litteras

1243 2112 1348 2146 nuper
1370 2111 1447 2136 cum
1471 2102 1641 2136 Bonifacii
1661 2104 1794 2138 recusuri
1815 2105 1970 2139 Romana
1992 2105 2133 2148 Synodo

1244 2150 1426 2196 publicavit
1442 2150 1679 2186 {ilustriffimus
1704 2153 1812 2189 Lucas
1838 2154 2036 2189 Holstenius
2053 2179 2062 2191 .,
2089 2155 2135 2190 Et

1246 2205 1282 2237 in
1296 2202 1371 2238 aliis
1385 2201 1508 2236 ibidem
1516 2200 1558 2236 ad
1571 2202 1698 2238 Rufum
1709 2202 2040 2241 Thessalonicensem
2060 2204 2137 2248 Epi-

1246 2255 1383 2297 scopum
1408 2251 1524 2286 litteris
1548 2252 1661 2290 scribit
1684 2252 1726 2288 de
1746 2254 1881 2289 laudato
1901 2255 2049 2301 Damaso
2069 2254 2138 2289 Bo·
2155 2251 2209 2291 ΕΡ·
2233 2261 2278 2284 10·

1247 2303 1386 2338 nifacius
1397 2302 1544 2346 primus:
1571 2304 1794 2349 clementiffimg
1814 2305 2024 2338 recordationis
2046 2307 2139 2338 Prin·

1246 2362 1313 2396 ceps
1339 2350 1507 2393 Theodofiur
1533 2352 1675 2386 NeHarii
1699 2355 1919 2388 ordinationem
1944 2378 1955 2394 ,
1977 2355 2138 2397 propterea?

1248 2408 1322 2447 quia
1345 2408 1378 2436 in
1398 2401 1493 2442 nostra
1514 2408 1629 2436 notione
1649 2414 1708 2437 non
1731 2403 1796 2447 effet
1819 2429 1831 2447 ,
1855 2402 1963 2438 habere
1972 2402 2140 2444 nonexistt-

1250 2465 1338 2487 mans
1344 2452 1525 2496 firmitatem
1536 2477 1548 2494 ,
1574 2454 1658 2495 miffis
1669 2455 1687 2488 ἑ
1696 2453 1852 2498 lateresuo
1863 2454 1972 2488 Aulicis
1983 2466 2048 2491 eum
2061 2458 2139 2497 Epi-

1247 2504 1347 2548 scopi:
1359 2526 1372 2543 ,
1397 2507 1576 2537 Formatam
1588 2503 1654 2538 huic
1661 2505 1682 2536 ὰ
1692 2507 1711 2538 5
1712 2506 1766 2538 ede
1776 2507 1914 2539 Romana
1925 2506 2015 2549 dirigi
2025 2504 2139 2549 regulo·

1251 2560 1325 2589 riter
1342 2552 1509 2596 depoposcit
1529 2577 1541 2594 ,
1564 2565 1632 2596 quae
1658 2556 1723 2597 ejus
1749 2556 1948 2590 Sacerdotium
1973 2554 2137 2589 roboraret.

1253 2605 1298 2639 Et
1308 2604 1451 2638 omnino
1462 2604 1649 2647 impetravit
1659 2630 1666 2637 .
1696 2605 1791 2638 Hinc
1802 2604 1891 2638 enim
1901 2604 1943 2638 de
1953 2605 2007 2638 sua
2017 2604 2036 2637 ἐ
2045 2603 2138 2639 Neo·

1254 2655 1360 2700 phyto
1370 2653 1406 2687 in
1419 2652 1619 2699 Episcopum
1630 2652 1876 2688 consecratione
1887 2653 1995 2688 scribit
2005 2653 2046 2689 ad
2059 2652 2140 2688 Ver-

1254 2703 1429 2740 cellensem
1453 2703 1633 2737 Ecclesiam
1658 2704 1792 2740 Sanetus
1817 2701 2026 2737 Ambrosius:
2053 2705 2141 2738 ordi-

1256 2759 1408 2789 nationem
1446 2764 1546 2788 meam
1588 2755 1792 2788 occidentales
1827 2751 1968 2797 Episcopi
2002 2755 2143 2796 Judicio,
2157 2750 2210 2788 ΕΡ·
2228 2750 2277 2786 ²3⁵·

1257 2806 1426 2840 Orientales
1445 2809 1538 2838 etiam
1557 2805 1686 2846 exemplo
1703 2802 1886 2845 probarunt.
1914 2804 2079 2848 Exemplo
2090 2816 2143 2839 or.

1258 2854 1364 2891 dinati
1388 2855 1532 2889 Nestarii
1546 2879 1554 2887 .
1581 2854 1689 2897 Hujus
1706 2851 1784 2897 ergo
1793 2853 2042 2889 ordinationem
2061 2862 2142 2891 tune

1258 2905 1401 2942 omnino
1420 2905 1610 2949 probaverat
1623 2904 1775 2939 Romana
1786 2903 1946 2938 Ecclesia:
1975 2903 2141 2948 Alioquin

1260 2966 1391 2992 tantum
1400 2957 1432 2989 ei
1452 2953 1676 2990 testimonium
1698 2953 1837 2988 sanstus*
1852 2951 2048 2988 Ambrosius
2068 2965 2139 2988 non

1260 3005 1492 3052 perhibuisset.
1518 3003 1662 3039 Proinde
1674 3004 1765 3048 plura
1788 3003 1884 3047 huJus
1906 3003 2034 3046 Synodi
2055 3002 2141 3040 Asta

1261 3056 1403 3093 omnino
1425 3054 1574 3102 probavit
1600 3065 1697 3098 atque
1717 3054 1860 3088 firmavit
1886 3054 2067 3089 Damasus.
2095 3055 2141 3089 Et

1262 3107 1422 3153 quoniam
1441 3106 1554 3141 omnia
1579 3106 1792 3147 synodorum
1821 3103 1904 3139 Adia
1930 3104 2082 3148 praeceiiit
2101 3115 2140 3139 ac

1263 3158 1413 3203 praecedit
1433 3156 1509 3193 fidei
1530 3155 1712 3189 Decretum
1737 3178 1748 3194 ‚
1784 3154 1911 3189 videtur
1939 3155 2043 3199 ipsum
2064 3162 2140 3188 ante

1263 3209 1376 3243 omnia
1388 3207 1488 3241 etiam
1500 3206 1681 3250 praedicaffe
1694 3200 1998 3247 Theodofius'apud
2020 3205 2141 3239 Dama·

1265 3261 1334 3293 sum
1346 3283 1357 3299 ‚
1382 3256 1497 3299 acejus
1510 3256 1798 3291 confirmationem
1809 3254 1985 3289 obtinuisse
2003 3278 2010 3285 .
2035 3253 2145 3287 Pluri-
2212 3283 2218 3290 ,

1264 3306 1500 3349 δυςὴεεσῐυρτὲ
1511 3305 1632 3340 deduxi
1650 3331 1658 3338 .
1686 3304 1863 3353 Qidquid
1875 3306 1934 3343 fit,
1964 3304 2145 3339 Decretum

1264 3358 1350 3394 istud
1371 3382 1384 3400 ‚
1420 3355 1485 3392 hoc
1515 3357 1560 3391 est
1583 3381 1595 3397 ‚
1633 3354 2144 3440 Constantinopolitanussusspm
