2366 3756
61 2257 135 2294 Cap.
161 2264 189 2291 3.

905 120 1396 165 Dtcrarus.

1892 132 1983 181 271

245 205 336 250 usque
360 214 479 247 monet,
503 207 574 240 dum
599 207 653 240 illa
677 209 843 250 congregari
867 205 948 247 poffit
966 229 974 236 .
1007 204 1119 237 Scilicet
1177 206 1286 248 quippe
1295 198 1428 239 'canones
1441 207 1579 238 Romana
1588 213 1646 238 non
1656 204 1793 237 admittit
1804 201 1948 245 Ecclesia.
1967 205 2062 247 ‚Quod

244 264 419 302 compertum
439 264 528 300 atque
546 257 733 299 exploratum
748 263 834 294 erat,
859 254 1062 288 auc‘loritatem
1074 255 1119 291 sy-

242 307 313 346 nodi
332 307 424 349 quiim
444 308 531 340 Sedis
554 305 715 349 Apostolicae
740 307 883 346 majorem
906 304 959 346 effe
985 303 1118 346 Utique

241 357 466 391 auctoritatem
485 357 646 401 generalis
667 352 818 398 synodi,
843 359 943 397 inqua
954 352 1117 393 Christiani

241 411 366 439 nominis
388 405 608 450 repraesentatio
628 405 807 440 celebratur.
834 402 1031 448 Respondeo
1043 404 1120 438 San-

240 456 328 491 ‹Sium
349 458 509 501 joannem
532 455 805 500 Chrysostomum
816 452 1002 488 nullatenus
1015 452 1121 497 appel-

239 505 315 542 lalle
327 506 368 541 ad
379 506 564 552 generalem
581 506 682 541 totius
693 503 842 539 Ecclefiae
854 501 1026 548 Synodurn
1038 526 1048 543 ‚
1067 502 1120 537 sed

238 556 412 591 dumtaxat
421 556 463 591 ad
475 557 623 600 quamvis
633 579 645 597 ‚
670 554 703 590 &
712 553 799 598 apud
812 554 979 601 Qercum
990 554 1023 588 &
1034 552 1120 596 apud

239 605 569 650 Constantinopolim
593 606 683 640 faffls
709 603 742 638 in
767 605 857 638 suam
892 602 1119 638 innocentiam

238 655 456 691 conventibus
481 655 634 699 majorem
657 679 665 687 .
700 652 891 698 Appellavit
915 654 1003 687 enim
1029 653 1118 696 juxta

237 705 475 740 duodecimum
502 704 752 740 Antiochenum
773 703 973 744 Canonem,
1003 702 1119 737 itaini·

238 756 361 790 micam
383 756 559 791 factionem
594 756 720 800 sperans
756 753 998 789 circumducere
1023 763 1119 796 atque

237 806 388 841 evadere.
419 807 496 853 Qa
518 806 553 839 in
567 817 599 840 re
609 801 749 839 omnino
761 803 884 844 aliquid
898 803 965 849 egit
975 802 1118 837 alienum

237 857 257 890 ὲ
284 856 451 898 Majorum
478 855 649 890 institutis.
677 855 811 889 Etenim
839 854 880 888 ad
893 852 1119 897 Apostolicam

237 906 355 940 Sedem
375 904 483 939 statim
496 916 674 948 provocare
685 904 839 939 debuerat
851 904 942 947 juxta
955 902 1121 938 Sardicen-

237 955 284 989 ses
297 955 474 995 Canones‚
501 954 650 998 aquibus
661 954 808 989 damnari
822 954 919 987 istum
940 950 1120 985 Antioche-

237 1016 318 1040 num
330 1028 341 1045 ,
365 1004 399 1038 &
418 1004 646 1048 Apostolicam
659 1004 699 1038 ad
712 1004 905 1037 Romanum
921 1001 1120 1045 Episcopum

236 1054 422 1099 appellandi
435 1054 646 1089 traditionem
658 1053 777 1087 firmari
790 1075 801 1092 ‚
827 1051 920 1096 supra
931 1051 1025 1086 nobis
1036 1049 1121 1085 dixit

236 1103 404 1140 Palladius
431 1104 735 1148 Helenopolitanus
763 1102 946 1146 Episcopus
966 1126 976 1142 ,
1001 1102 1035 1135 δε
1061 1103 1120 1134 suo

235 1153 314 1188 loco
336 1153 383 1188 est
407 1155 552 1197 pluribus
573 1154 853 1189 demonstratum.
881 1152 925 1185 Et
953 1150 1042 1184 hunc
1069 1151 1122 1194 10-

234 1205 330 1239 annis
352 1205 475 1249 lapsum
497 1203 607 1239 lucide
630 1212 723 1238 notat
735 1203 769 1236 in
784 1201 898 1236 litteris
909 1200 950 1235 ad
962 1200 1121 1234 Constan-

234 1253 496 1298 tinopolitanum
508 1254 643 1287 Clerum
656 1253 690 1289 ὃς
704 1252 870 1295 Populum
882 1251 1096 1286 Innocentius
1110 1263 1120 1283 .-

233 1302 362 1338 Lucide
385 1303 524 1338 affirmat
544 1302 610 1337 hoc
634 1304 669 1336 in
691 1303 832 1346 negotio
856 1314 925 1336 non
940 1299 1119 1336 secundum

234 1354 431 1398 proscriptos
443 1352 698 1393 Antiocheam,
726 1353 778 1386 sed
796 1351 975 1386 secundum
986 1348 1120 1385 authen-

233 1404 320 1437 ticos
339 1402 540 1438 Sardicenses
562 1403 719 1438 Canones
741 1402 834 1437 fuisse
852 1401 1113 1446 procedendum.

233 1453 336 1488 Reste
358 1464 468 1488 tamen
492 1454 653 1496 Ioannem
675 1464 745 1486 non
766 1453 895 1497 arguit.
925 1451 1060 1486 Etenim
1072 1461 1120 1484 ve-

233 1502 291 1537 nia
314 1501 544 1548 dignissimum
572 1503 697 1549 lapsum
722 1502 834 1536 rabida
861 1500 1048 1545 Theophili
1075 1502 1119 1534 fa-

230 1554 300 1588 ἂίο
326 1552 456 1588 abunde
481 1552 678 1599 castigarat,
697 1553 802 1586 virum
827 1551 946 1594 justum
961 1551 1118 1585 damnans

231 1613 303 1635 non
321 1602 430 1637 solum
456 1602 503 1637 ob
527 1603 754 1645 aliapraetensa
766 1601 928 1640 crimina,
954 1599 1116 1633 sedetiam

231 1650 320 1695 quod
341 1661 456 1684 contra
478 1650 731 1684 Antiochenum
759 1649 935 1683 Canonem
961 1648 1119 1691 appellare

232 1699 492 1745 praesumpfiffet.
519 1699 564 1733 Et
585 1698 664 1734 hinc
689 1699 790 1733 etiam
818 1698 905 1732 lucet
931 1697 1119 1742 appellatio·

231 1761 310 1785 nem
337 1749 423 1784 hanc
450 1761 519 1784 non
545 1750 606 1784 nifi
633 1748 783 1784 adversus
801 1747 977 1782 secundam
988 1746 1119 1781 damna·

232 1801 360 1835 tionem
384 1799 403 1834 a
430 1800 580 1833 restituto
606 1799 641 1832 in
657 1799 892 1842 Episcopatum
907 1797 1032 1840 Ioanne
1045 1797 1119 1831 fuis-

233 1852 266 1884 se
292 1850 512 1893 interjestam.
543 1848 585 1882 Et
597 1859 664 1882 non
677 1859 743 1881 tam
766 1847 784 1881 a
815 1847 942 1891 Joanne
967 1858 1035 1882 erat
1060 1845 1119 1880 iste

234 1901 365 1944 lapsus,
391 1911 490 1943 quam
517 1897 636 1942 abipso
647 1896 870 1941 Theophilo,
896 1896 953 1941 qui
971 1896 1118 1931 adductis

234 1947 457 1984 Antiochenis
495 1948 691 1983 Canonibus
728 1948 768 1982 ad
805 1948 851 1983 ita
887 1946 1118 1992 appellandum

233 1999 456 2044 compulerat.

259 2085 268 2096 ἦ
284 2049 328 2083 Et
353 2049 426 2093 quis
452 2058 600 2092 unquam
624 2046 713 2082 dixit
735 2047 787 2082 vel
808 2047 936 2082 audivit
948 2045 1117 2081 temeraria

232 2098 421 2144 Theophili
447 2099 483 2133 iu
510 2099 666 2133 sanctum
692 2098 854 2140 Ioannem
879 2097 1002 2139 judicia
1028 2094 1119 2127 fuisse

1189 268 1198 289 ι
1211 255 1372 289 obtinueris
1381 280 1392 296 ,
1419 257 1544 289 evidens
1554 256 1588 290 ὦ*
1599 254 1817 299 irrefragabilis
1831 259 1888 288 erit
1897 258 1975 287 ratio
1985 263 2039 288 tua
2050 280 2059 288 .

1183 305 1234 339 Ex
1247 305 1365 349 quibus
1379 305 1480 346 liquet
1491 303 1722 349 Theophilum
1746 302 1897 339 adversus
1918 305 2061 348 imparti-

1181 365 1246 389 tam
1260 356 1381 398 Joanni
1393 355 1666 389 communionem
1676 379 1688 396 ,
1718 354 1753 389 &
1764 366 1823 398 pro
1836 352 2063 389 Antiochenis

1181 405 1376 440 Canonibus
1414 406 1596 448 frequenter
1618 415 1655 438 ac
1682 398 1834 447 potenter
1859 403 2063 438 interceffiffe

1181 455 1265 498 apud
1277 454 1474 490 Pontificem
1491 478 1502 494 ,
1527 454 1616 488 hunc
1628 455 1758 489 firmum
1769 455 1948 489 constitisse
1959 455 1995 489 in
2008 455 2064 489 sua

1181 505 1338 540 sententia
1351 528 1362 545 ‚
1390 506 1423 539 &
1435 505 1559 548 semper
1572 503 1709 538 voluiffe
1723 504 1979 539 retractatorium
1990 516 2064 540 cau-

1184 555 1220 587 sae
1230 554 1390 597 judicium
1411 554 1481 589 fieri
1509 565 1577 588 non
1606 552 1786 588 secundum
1811 553 2041 589 Antiochenos
2052 579 2065 596 ,

1182 603 1234 638 sed
1262 604 1440 642 secundum
1453 604 1612 639 Nicaenos
1626 603 1799 644 Canones,
1827 603 1938 644 idest,
1960 603 2067 638 Sardi·

1181 654 1309 688 censcS.
1340 654 1452 688 Etiam
1464 653 1585 688 Arsatii
1608 654 1941 698 superordinationem
1960 654 2069 688 exsuf-

1183 703 1277 738 flavit
1288 727 1299 744 ,
1307 704 1414 748 ipsum
1425 702 1614 737 Christiano
1627 703 1761 738 nomine
1771 728 1782 744 ‚
1804 705 1859 737 seu
1871 703 1955 737 laica
1965 704 2066 738 etiam

1183 753 1441 792 communione,
1468 763 1626 797 tanquam
1648 753 1759 787 alienae
1771 751 1852 787 sedis
1862 755 2066 796 pervasorem

1185 804 1322 847 privavit
1331 803 1502 844 PontifeX,
1513 803 1548 837 ὅ(
1561 803 1688 837 addidit
1696 802 1737 836 de
1750 803 1856 836 futura
1868 803 2069 846 generaliSy-

1183 853 1293 888 nodo:
1319 859 1392 887 Non
1402 862 1532 896 oportere
1534 858 1692 899 Joanmm
1700 853 1849 894 judicium
1862 854 1980 895 ingredi
1989 877 2000 893 ‚
2017 851 2074 894 nisi

1184 905 1227 937 illi
1233 903 1446 946 priusEcclesia
1454 909 1670 947 communioque
1678 904 1860 937 redderetur.
1871 901 1991 936 Voluit
2001 903 2071 945 spo·

1185 954 1298 988 liatum
1309 964 1385 988 ante
1394 954 1506 988 omnia
1518 954 1642 988 restitui
1656 977 1667 993 ,
1679 963 1776 997 atque
1787 953 1832 986 ita
1846 962 1915 986 non
1930 950 2072 992 nudum,

1184 1002 1236 1036 sed
1251 1004 1401 1037 vestitum
1415 1016 1491 1038 cum
1505 1004 1629 1038 vestitis
1640 1002 1848 1046 Synodaliter
1859 1001 1973 1036 luctari
1986 1025 1993 1033 .

1234 1052 1278 1087 Et
1289 1051 1357 1087 haec
1370 1054 1483 1088 omnia
1495 1066 1564 1088 non
1576 1051 1789 1088 Chromatius
1809 1061 1865 1087 aut
1885 1051 2050 1087 Venerius
2060 1076 2073 1092 ‚

1184 1103 1239 1137 sed
1250 1103 1338 1137 solus
1348 1102 1490 1137 decrevit
1502 1114 1578 1136 curn
1593 1104 1811 1138 finitimorum
1832 1102 2073 1146 Episcoporum

1185 1153 1345 1196 Synodali
1357 1152 1494 1187 consilio
1507 1152 1720 1186 Innocentius
1737 1178 1743 1184 .
1771 1152 1846 1186 Nec
1868 1152 1988 1187 obsunt
2007 1149 2074 1185 haec

1185 1203 1325 1238 Palladii
1337 1201 1377 1237 de
1386 1202 1512 1237 laudati
1531 1201 1704 1237 Pontificis
1725 1212 1762 1235 ac
1783 1201 1989 1244 Imperatoris
2002 1200 2076 1234 Ho-

1187 1253 1272 1287 norii
1289 1252 1330 1287 ad
1353 1252 1585 1296 Imperatorem
1608 1251 1789 1286 Arcadium
1812 1251 1847 1285 &
1867 1250 2075 1285 orientalem

1187 1303 1365 1338 Ecclesiam
1391 1303 1525 1347 Legatis
1551 1301 1648 1336 verba
1674 1314 1681 1334 :
1708 1305 1842 1342 Acceptis
1869 1301 1972 1334 sandi
1988 1305 2050 1334 viri
2065 1324 2077 1340 ‚

1187 1354 1337 1387 AEmilius
1365 1354 1399 1386 (θ’
1425 1351 1582 1396 Cytbegius
1596 1375 1607 1391 ,
1633 1353 1667 1386 (θ’
1694 1352 1885 1384 Gaudentius
1912 1348 2076 1394 Episcopi,

1186 1406 1246 1437 und
1258 1414 1321 1437 cum
1345 1403 1522 1437 Valentiam
1547 1400 1762 1444 Bonifacioque
1789 1399 1969 1438 Presbyteris
1980 1424 1991 1440 ‚
2017 1404 2076 1432 Im-

1182 1459 1333 1495 peratoris
1357 1457 1479 1486 Honorii
1506 1453 1540 1485 (¹2¹
1553 1454 1649 1492 Papae
1662 1454 1827 1484 innocentii
1837 1473 1848 1488 ,
1874 1451 1908 1484 (θ’
1920 1450 2019 1483 Italiae
2031 1452 2078 1482 E-

1184 1502 1364 1545 piscoporum
1373 1524 1385 1540 ,
1406 1500 1574 1533 chromatii
1590 1498 1780 1541 Aquilejenfis
1792 1500 1826 1532 (5
1839 1503 1957 1533 Venerii
1968 1500 2078 1532 Medio-

1185 1548 1310 1591 lanenfis
1321 1575 1332 1591 ‚
1359 1560 1393 1582 ac
1400 1551 1580 1591 reliquorum
1593 1548 1734 1589 Epistolis
1745 1573 1756 1589 ,
1782 1550 1844 1581 una
1855 1559 1920 1582 cum
1945 1552 2078 1581 Commo-

1187 1606 1293 1633 nitorio
1304 1599 1430 1633 Concilit
1452 1604 1542 1632 totius
1569 1599 1755 1638 Occidentis,
1789 1609 1855 1631 cum
1881 1598 2078 1631 evec‘lionibus

1183 1651 1313 1692 publicis
1336 1648 1616 1690 Constantinopolim
1643 1651 1848 1691 concefferunt.
1878 1649 1960 1683 Haec
1987 1648 2079 1683 enim

1186 1700 1231 1734 est
1243 1699 1298 1733 illa
1312 1698 1467 1742 Synodus
1478 1720 1489 1736 ‚
1516 1709 1617 1741 quam
1627 1697 1668 1731 ad
1681 1696 1805 1731 laudati
1830 1696 2007 1732 Pontificis
2034 1698 2078 1733 do

1187 1751 1285 1783 variis
1304 1749 1339 1783 in
1351 1749 1525 1792 deportato
1545 1748 1664 1791 Joanni
1678 1747 1869 1782 faventes&
1893 1747 2081 1782 communi-

1185 1810 1298 1834 cantes
1318 1799 1499 1842 Episcopos
1512 1807 1609 1841 atque
1623 1797 1772 1832 Clericos
1784 1797 1952 1832 violentiis
1961 1797 2081 1843 gravis·

1185 1850 1279 1883 fimas
1290 1849 1512 1892 querimonias
1525 1849 1593 1882 ficri
1606 1847 1691 1891 juffit
1705 1847 1854 1882 laudatus
1880 1847 2055 1882 Honorius
2067 1871 2080 1888 ,

1184 1900 1218 1933 &
1228 1899 1270 1933 de
1294 1910 1358 1942 qua
1383 1896 1493 1932 scribit
1519 1896 1667 1932 laudatus
1693 1897 1860 1932 Palladius
1874 1909 1882 1930 :
1910 1901 1984 1931 Non
2010 1899 2081 1931 tulit

1184 1949 1269 1981 ultra
1280 1953 1467 1982 Innocentius
1481 1947 1622 1989 Pontifex
1636 1949 1821 1991 indignitate
1832 1946 1951 1991 fiamma
1964 1957 2084 1990 permo-

1183 2005 1232 2031 tus
1244 2021 1255 2037 ‚
1276 1996 1443 2041 scripsitque
1455 1998 1499 2030 ad
1510 2002 1670 2031 Honorium
1695 2002 1904 2040 Imperatorem
1915 2022 1923 2030 .
1952 2002 2079 2032 Litterae

1185 2046 1290 2089 desunt
1301 2071 1309 2079 .
1336 2051 1435 2080 Motus
1447 2046 1495 2080 bis
1518 2048 1629 2081 litteris
1657 2050 1801 2090 Princeps
1823 2053 1971 2091 praecepit
1997 2050 2081 2087 syno-

1187 2097 1259 2128 dum
1275 2096 1508 2128 occidentalium
1518 2096 1730 2138 Episcoporum
1740 2104 1907 2141 congregari
1921 2122 1933 2138 ‚
1958 2099 1992 2132 Θ
2015 2109 2081 2132 cum

233 2161 302 2183 non
324 2149 343 2183 a
369 2148 440 2183 solo
468 2146 693 2184 Innocentio,
721 2144 774 2178 sed
800 2145 902 2178 etiarn
927 2144 946 2177 a
972 2140 1137 2188 Venerio}
1185 2150 1216 2177 in
1226 2142 1719 2187 unamsententiamconcurrisset,
1744 2146 1788 2177 ad
1793 2144 1828 2186 se
1843 2146 1971 2186 referre.
2001 2152 2082 2180 Con-

233 2201 270 2232 &
288 2197 486 2231 Chromatio
499 2194 714 2229 circumducta
726 2204 823 2237 atque
834 2194 977 2228 cassata?
1002 2191 1136 2236 Longe!
1180 2200 1297 2238 gregati
1308 2196 1408 2227 Italiae
1421 2191 1560 2236 Episcopi
1583 2196 1796 2235 Imperatorem
1819 2203 1907 2227 orant
1919 2218 1930 2234 ,
1955 2204 1991 2228 ut
2005 2190 2079 2239 ftriss

234 2247 329 2282 aliter
346 2246 456 2281 scribit
479 2245 516 2279 in
539 2244 673 2279 laudato
690 2244 841 2288 Dialogo
855 2242 1046 2278 Palladius:
1074 2243 1123 2274 Ad

235 2297 299 2331 baec
312 2320 323 2337 ,
352 2296 467 2339 utique
486 2294 527 2328 ad
551 2294 698 2328 laudatas
718 2293 911 2338 appellantis
924 2292 1060 2337 Joannis
1071 2292 1122 2326 lit-

236 2356 318 2382 teras
329 2370 340 2387 ,
366 2344 506 2389 rescripsit
517 2343 693 2384 beatifflmus
715 2347 804 2385 Papa
813 2347 1002 2376 Innocentius
1013 2366 1025 2382 ,
1049 2353 1122 2375 com-

236 2400 429 2439 munioneque
439 2391 589 2437 utriusque
603 2399 707 2436 partis
726 2394 851 2437 admzffa
863 2417 875 2433 ,
900 2392 1055 2436 Theophili
1069 2393 1122 2433 J’u-

1180 2245 1263 2278 beret
1290 2244 1416 2276 Arcadio
1442 2247 1552 2276 Fratri
1574 2241 1648 2286 suo,
1673 2252 1708 2276 ut
1727 2243 1851 2285 juberet
1873 2243 2080 2288 Theffalonicae

1185 2294 1348 2327 Concilium
1370 2292 1459 2335 fieri,
1487 2304 1542 2334 quo
1546 2292 1675 2334 facilius
1694 2293 1808 2336 poffi’nt
1828 2302 1951 2336 utrqque
1968 2304 2079 2337 partes

1185 2348 1316 2377 Orientis
1342 2341 1563 2386 occidentisque
1589 2354 1774 2377 concurrere.
1803 2345 1954 2379 Addense:
1975 2345 2079 2388 perfe-

1184 2394 1410 2432 tiamsynodum
1428 2404 1485 2425 non
1499 2399 1614 2427 numeri
1636 2398 1808 2435 quantitate
1821 2418 1833 2435 ,
1853 2392 1912 2437 sed
1930 2397 2077 2437 qualitate

237 2449 352 2481 dicium
374 2448 482 2489 cassum
507 2452 594 2486 atque
620 2449 740 2477 irritum
760 2444 811 2487 effe
835 2445 994 2483 decrevit,
1019 2443 1119 2476 dicens
1178 2443 1326 2488 sententie
1347 2468 1357 2484 ,
1384 2453 1496 2477 certam
1522 2445 1557 2478 δ’
1582 2441 1818 2488 irrefragabilem
1843 2445 1898 2477 tuli
1920 2445 1934 2478 'e
1956 2443 2079 2488 senten-

236 2504 368 2538 oportere
385 2494 505 2535 conflari
516 2496 611 2527 aliam
622 2492 898 2535 irreprebensibilem
917 2493 1061 2532 synodum
1071 2497 1122 2526 Oc-

236 2546 428 2579 cidentalium
447 2556 482 2578 ac
508 2545 707 2578 Orientalium
718 2545 904 2577 sacerdotum
915 2566 927 2583 ,
952 2541 1122 2576 cedentibus

239 2596 368 2629 Concilio
389 2599 496 2627 amicis
503 2594 660 2636 primum,
687 2594 797 2627 deinde
807 2598 938 2628 inimicis
950 2617 958 2626 .
986 2597 1123 2626 Neutra·

237 2657 304 2680 rum
323 2646 432 2688 quippe
448 2649 584 2686 partium
595 2667 606 2683 ‚
631 2652 664 2676 ut
677 2643 841 2685 plurimum
855 2667 866 2684 ,
893 2643 1006 2676 redum
1015 2644 1066 2686 effe
1069 2644 1123 2684 Ju-

238 2697 367 2730 dicium.
396 2693 499 2742 Qod
510 2693 551 2728 ad
566 2694 680 2728 lestam
693 2691 879 2737 Theophili
890 2693 932 2727 de
954 2690 1005 2726 his
1029 2693 1122 2727 Actis

239 2745 434 2779 relationem
456 2741 681 2788 exhorruerit,
706 2743 903 2787 lacrymatus
929 2743 1025 2776 fuerit
1046 2767 1056 2784 ,
1084 2754 1122 2776 ac

240 2796 458 2829 temeritatem
482 2794 622 2838 graviter
644 2793 840 2838 increpuerit
866 2791 1044 2834 Pontifex,
1071 2791 1123 2826 ad-

239 2845 290 2880 dit
301 2843 467 2879 Palladius
476 2866 488 2884 ,
499 2843 534 2877 ἀ
545 2842 700 2878 subnectit
710 2844 778 2888 ejus
791 2843 996 2887 Rescriptum
1007 2856 1019 2875 .·
1045 2847 1120 2876 Fra-

240 2904 286 2929 ter
307 2893 484 2937 Theophile‚
508 2903 561 2925 nos
581 2893 615 2926 ὁ*
635 2902 664 2927 te
683 2895 717 2927 <it
735 2898 879 2927 Fratrem
891 2893 1015 2934 nostrum
1017 2895 1051 2938 J
1053 2905 1118 2925 oan-

241 2957 310 2980 nem
332 2949 541 2978 communionis
564 2942 666 2983 nostrae
675 2944 725 2987 effe
736 2945 919 2978 decrevimus
933 2968 944 2984 ‚
978 2951 1032 2976 scut
1043 2944 1119 2977 &in

236 2994 388 3037 prioribus
409 2995 521 3028 litteris
543 2991 625 3036 satis
643 2995 827 3035 expreffimus
840 3019 847 3025 .
872 2996 918 3029 Et
930 3003 1006 3027 nunc
1015 2991 1119 3036 insen·

241 3049 337 3079 tentia
359 3043 454 3082 nostra
478 3044 513 3076 Θ
538 3044 692 3076 voluntate
711 3045 909 3085 perdurantes
923 3067 934 3083 ,
957 3045 1061 3087 rursus
1071 3054 1119 3076 ea-

241 3096 311 3128 dem
317 3092 475 3137 scribimus
487 3115 495 3124 .
522 3095 568 3127 Et
578 3090 803 3136 quotiescumque
809 3092 959 3138 scripseris
970 3118 982 3134 ‚
1008 3092 1064 3135 nisi
1069 3094 1120 3127 de·

242 3145 338 3178 bitum
352 3141 493 3187 sequatur
505 3141 737 3186 conveniensque
752 3145 919 3184 judicium,
942 3152 1064 3187 propter
1085 3155 1120 3177 ea

241 3206 309 3237 quae
320 3205 425 3237 magno
435 3204 500 3227 cum
510 3193 644 3226 dedecore
648 3191 727 3236 gesta
733 3192 807 3236 sunt
817 3219 827 3235 ,
847 3193 975 3239 posfibile
998 3204 1057 3228 non
1081 3193 1119 3234 est

242 3257 295 3278 nos
306 3247 326 3277 ἃ
331 3245 362 3288 ]
366 3250 470 3277 oannis
493 3248 687 3276 communione
712 3244 866 3279 decedere.
894 3250 998 3288 Itaque
1011 3242 1044 3286 fi
1057 3254 1119 3277 con-

238 3294 371 3338 scientiae
384 3305 433 3328 con
434 3294 507 3336 fiolis
521 3317 532 3333 ‚
558 3302 591 3326 tu
602 3303 713 3335 quoque
715 3295 830 3334 judicio
841 3305 957 3330 accurre
978 3297 1023 3328 ad
1040 3297 1120 3334 ,ϋηο-

244 3346 314 3378 dum
323 3346 459 3387 proxime
471 3350 503 3377 in
518 3342 631 3382 christo
653 3343 874 3383 celebrandam,
898 3347 933 3379 <y
951 3345 1011 3378 illic
1024 3347 1120 3386 juxta

245 3400 368 3429 Nicaem‘
379 3395 501 3429 concilii
511 3398 649 3428 Canones
660 3393 693 3427 6·
712 3395 837 3429 Decreta
856 3397 1014 3431 contende.
1043 3394 1120 3429 alios

1183 2500 1259 2528 tiam
1273 2520 1280 2527 .
1307 2498 1364 2527 His
1379 2493 1582 2535 inflammatus
1606 2497 1772 2536 Imperator
1792 2492 1936 2538 Episcopo
1955 2497 2076 2537 quidem

1183 2548 1316 2578 Romano
1321 2542 1427 2587 scribit
1440 2568 1451 2585 ,
1477 2553 1509 2577 ut
1524 2548 1628 2577 mittat
1644 2543 1805 2587 Episcopos
1819 2550 1950 2587 quinque
1960 2569 1970 2586 ,
1988 2544 2076 2589 Pres-

1183 2596 1292 2634 byteros
1304 2596 1375 2628 duos
1387 2597 1520 2636 Romane
1535 2592 1675 2636 Ecclefie,
1706 2597 1873 2628 Diaconum
1884 2607 1975 2628 unum
1987 2620 1998 2635 ‚
2025 2601 2077 2639 qui

1183 2643 1268 2688 ipsius
1280 2646 1325 2678 ad
1335 2646 1478 2679 Fratrem
1490 2644 1641 2687 Epistolas
1648 2643 1771 2685 ferrent
1782 2669 1789 2676 .
1817 2645 1898 2679 Dati
1924 2644 1957 2680 in
1978 2645 2076 2688 Joan-

1185 2706 1259 2729 nem
1283 2695 1302 2729 a
1324 2692 1522 2739 Theophilo
1544 2693 1659 2737 judicii
1679 2694 1874 2738 Apostolica
1895 2696 2073 2731 cassatione

1183 2745 1308 2779 dudum
1322 2745 1480 2789 posterior
1500 2745 1563 2778 fuit
1587 2741 1654 2778 haec
1680 2743 1854 2787 synodus,
1880 2745 1914 2779 ὃ(
1939 2744 1975 2778 in
2002 2746 2072 2789 ipsa

1184 2794 1396 2830 Chromatius
1407 2795 1440 2830 &
1451 2794 1617 2830 Venerius
1629 2792 1715 2829 nihil
1734 2807 1796 2839 prae
1807 2793 1880 2828 aliis
1903 2794 2005 2829 Italiae
2030 2796 2074 2829 E-

1184 2845 1319 2890 piscopis
1331 2845 1490 2890 singulare
1501 2846 1647 2879 fecerunt
1659 2869 1667 2877 .

1232 2894 1332 2943 Qod
1343 2896 1555 2930 cassationem
1569 2894 1660 2928 istam
1675 2893 1762 2929 solus
1782 2894 2004 2929 Innocentius
2027 2896 2072 2930 fe-

1181 2945 1282 2986 cerit,
1306 2944 1425 2980 affidue
1436 2945 1556 2980 clamat
1569 2943 1753 2979 Palladius.
1781 2944 1914 2988 Cyriaci
1939 2945 2071 2979 Emese-

1183 2996 1216 3029 ni
1228 2996 1264 3030 in
1275 2996 1368 3041 Syria
1381 2995 1535 3040 Episcopi
1553 2993 1571 3028 ὲ
1584 2995 1845 3039 persequentium
1859 2994 2013 3029 manibus
2022 2996 2070 3029 fu-

1179 3057 1255 3090 gam
1266 3045 1299 3079 &
1310 3047 1502 3080 Romanum
1513 3045 1671 3079 accessum
1684 3043 1796 3078 laudat
1807 3067 1817 3084 ‚
1828 3053 1929 3089 atque
1940 3045 2044 3089 pergit
2059 3057 2067 3078 :

1182 3095 1245 3135 Post
1266 3100 1415 3135 cyriacum
1435 3097 1565 3130 advenit
1586 3096 1727 3139 Eulogius
1747 3097 1902 3137 Apamaeae
1926 3095 2067 3136 Bytbinig

1180 3144 1344 3188 Episcopus
1368 3169 1379 3185 ,
1407 3146 1534 3187 affluens
1560 3146 1681 3179 litteras
1707 3146 1729 3178 ὰ
1753 3145 1920 3187 quindecim
1945 3141 2068 3186 Episco-

1175 3202 1226 3237 pis
1256 3196 1293 3228 de
1311 3198 1450 3240 Joaennts
1476 3197 1602 3229 Concilio
1617 3220 1630 3236 ,
1655 3196 1719 3230 &a
1726 3196 1863 3237 preclaro
1866 3192 1935 3236 sene
1947 3192 2065 3235 Anysio,

1178 3251 1211 3279 in
1235 3243 1341 3288 quibus
1361 3246 1404 3279 illi
1426 3248 1546 3289 quidem
1559 3248 1593 3280 o·
1599 3247 1825 3287 precedentem,
1855 3245 1889 3277 (⁸2⁹
1914 3255 1971 3286 que
1993 3250 2071 3279 turm

1179 3305 1265 3336 erat,
1290 3294 1576 3338 Constantinopoleos
1601 3301 1691 3331 totius
1714 3295 1981 3337 depredationem,
2007 3305 2063 3327 va·

1175 3344 1366 3389 stitatemque
1383 3343 1557 3390 signabant.
1586 3345 1701 3387 Anystus
1722 3347 1794 3378 vcro
1816 3347 1950 3383 Romane
1959 3342 1991 3385 se
2004 3346 2060 3374 Ec-

1180 3394 1405 3438 clesicjiidietum
1426 3395 1511 3442 sequi
1528 3395 1690 3438 fatebatur
1703 3419 1710 3427 .
1737 3393 1883 3438 Anylius
1907 3401 1979 3475 erait·
2000 3391 2062 3426 Ar-

1926 3452 1944 3475 c
1971 3450 2014 3475 ie-
