2366 3756
123 279 186 315 Lib.
198 287 224 313 ⁶.

105 2537 156 2573 Ep·
176 2537 246 2572 3⁸5·
285 2545 370 2579 rium
382 2544 634 2578 Nazianzenum
650 2567 661 2583 ‚
686 2541 775 2585 quod
801 2551 904 2575 unum
926 2553 966 2574 ex
991 2542 1172 2585 illiszazy-

221 2747 229 2757 ⁴
282 2746 450 2783 Dominis
461 2770 470 2778 .

381 153 471 201 188

301 240 426 275 coburn
439 239 631 272 Gretzerum
647 261 654 269 .
665 237 775 284 Qam
790 236 995 279 pertinaciter
1009 235 1187 282 Episcopus

301 288 451 327 restiterit
477 311 489 328 ,
516 289 550 323 ἃ
565 298 685 332 quanta
704 286 893 321 humilitate
917 287 1074 330 Princeps
1093 287 1186 323 illurn

299 339 435 377 tandem
448 337 611 373 inflexerit
623 361 634 376 ‚
661 336 771 371 videre
788 337 884 380 poffis
897 337 983 381 apud
999 338 1186 381 Ditmarum

301 387 505 432 Episcopum
531 385 833 432 Merseburgensem
861 413 868 420 .
897 387 997 432 Apud
1024 389 1165 423 eundern

298 449 361 472 nec
373 450 440 472 non
455 438 488 471 ὅ(
501 438 586 481 apud
598 437 845 472 Witichindum
859 436 1067 472 Monachum
1078 439 1186 474 videre

297 488 396 532 poffis
421 487 713 533 Magdeburgensis
742 487 1052 533 Archiepiscopatus
1079 490 1114 524 δε
1132 487 1174 524 ali

298 548 380 581 quot
402 538 681 583 suffraganearum
705 538 852 579 sedium,
878 539 919 573 ad
932 538 1082 574 Othonis
1093 541 1186 584 primi

299 588 512 633 Imperatoris
536 599 645 632 preces
667 587 830 623 decretam
854 590 872 623 a
898 590 1057 624 Romano
1071 586 1185 625 Ponti-

296 641 360 675 fice
380 639 414 675 ἃ
432 638 693 682 Archiepiscopo
716 638 928 684 Moguntino
951 664 962 681 ‚
990 641 1184 679 erefflonem

294 689 389 725 {uisse
416 688 542 723 dudum
570 689 763 733 impeditam
800 691 834 724 δι
861 690 1043 734 suspensam
1069 692 1088 726 a
1115 692 1184 726 solo

294 738 464 773 Bernardo
488 739 655 783 Episcopo
677 739 979 775 Halberstadienfi.
1010 741 1091 783 Ejus
1114 753 1184 775 tan-

292 789 369 824 dem
380 789 548 824 Successor
558 789 765 824 Hilduardus
781 789 921 825 inflexus
935 788 1082 826 laudatas
1102 792 1178 826 civi-

290 839 403 874 tatesa
417 842 476 874 suae
492 840 702 883 subjestionis
722 839 962 874 &obedientiae
985 841 1122 875 vinculo
1133 843 1180 877 so-

289 890 446 925 lemniter
466 889 625 930 absolvit,
649 900 746 934 atque
763 891 807 928 ita
821 891 855 927 in
871 891 1043 929 erefflonis
1064 903 1180 927 execu-

289 940 419 975 tionem
433 941 533 975 etiam
545 941 687 984 Ioannes
701 932 849 977 decimus
859 941 974 976 tertius
994 941 1187 983 PontifeX‚

287 1001 328 1027 nc
338 991 407 1034 ejus
429 989 515 1034 apud
528 992 722 1025 Ravennam
749 990 912 1027 celebrata
933 992 1088 1035 Synodus
1099 1005 1175 1027 con-

286 1041 383 1075 sensit
413 1065 420 1074 .
464 1040 611 1078 Pluritna
637 1039 753 1080 adduci
780 1042 900 1086 poffint
926 1042 1040 1082 similia
1068 1055 1176 1083 exem-

285 1091 357 1135 pla.

335 1141 483 1187 Regium
502 1144 718 1184 consensum,
745 1141 825 1178 mire
847 1143 881 1178 in
897 1144 962 1179 suis
983 1144 1023 1179 ad
1044 1144 1174 1179 centesi—

283 1202 375 1226 mum
391 1193 570 1227 secundum
582 1192 878 1238 Carthaginensem
888 1195 1064 1229 Canonem
1076 1194 1172 1229 Scho-

282 1243 338 1276 liis
363 1243 487 1277 exaltat
510 1243 713 1277 Theodorus
741 1245 948 1291 Balsamon
977 1245 1088 1280 dicens
1109 1246 1172 1278 fine

281 1292 533 1336 Metropomae,
562 1293 731 1327 Parochiae
752 1295 813 1327 suae
825 1306 912 1337 parte
935 1294 1084 1338 privandi
1098 1294 1171 1338 Epi·

279 1343 393 1384 scopi,
422 1354 460 1375 ac
481 1343 586 1378 totius.
605 1342 731 1384 Synodi
758 1344 883 1376 assensu
909 1355 976 1377 non
1001 1344 1088 1387 posse
1115 1356 1171 1379 no-

280 1401 362 1429 vum
376 1392 610 1434 Episcopatum
629 1392 733 1436 erigi,
759 1391 794 1426 &
810 1391 1016 1438 adjungens·
1043 1397 1171 1427 Provin-

280 1448 334 1475 ciae
358 1443 494 1476 decernet
505 1444 652 1483 synodus,
679 1441 735 1483 nili
754 1445 818 1475 Rex
828 1451 915 1484 pro
890 1442 920 1484 s
917 1444 945 1475 bl
959 1445 1070 1476 data
1052 1458 1072 1477 a
1084 1447 1170 1487 Supe

276 1499 324 1527 ris
341 1491 487 1534 potestate
506 1493 626 1533 aliquid
650 1493 737 1524 aliud
755 1494 906 1528 volucrit.
937 1493 980 1525 Et
1005 1493 1046 1526 ad
1061 1495 1172 1527 Cano-

281 1553 359 1576 nem
385 1542 646 1586 sexagessmum·
674 1543 720 1573 Et
742 1541 779 1574 de
800 1552 831 1574 eo
849 1545 882 1573 in
908 1542 977 1574 aliis
1000 1541 1171 1575 Canonibus

276 1590 422 1635 scriptum
432 1591 488 1631 ost
517 1590 573 1625 Ad
593 1590 768 1624 Canonem
795 1591 924 1625 sextum
940 1591 1109 1626 decimum
1122 1592 1170 1626 di-

280 1643 324 1676 cit
340 1642 385 1675 ita
408 1644 566 1676 statutum
579 1641 643 1675 esse
664 1651 719 1683 per
733 1640 906 1683 synodum
919 1640 1167 1676 Chalcedonen-

277 1692 344 1727 ,sem
372 1690 646 1727 &Trullanam.
675 1689 810 1723 Etenim
835 1688 1051 1725 duodecimus
1073 1690 1169 1724 Chal·

281 1740 475 1776 cedoneusis
486 1738 607 1774 Canon
624 1739 783 1780 mandat,
810 1748 844 1773 ut
860 1750 975 1781 novae,
999 1751 1101 1784 quarn
1115 1751 1170 1783 per

276 1790 465 1828 Provinciae
489 1788 625 1836 alicujus
648 1790 821 1829 sectionem
834 1789 989 1848 Princeps
1010 1792 1170 1832 erexerit,

275 1841 507 1885 Metropolios
520 1839 687 1875 Cathedra
701 1839 903 1884 Episcopalis
924 1841 1025 1875 eriam
1045 1841 1171 1875 Metro-

278 1892 416 1936 politica
442 1891 523 1932 fiat,
550 1889 627 1927 licet
651 1902 720 1924 non
743 1901 776 1926 re
794 1902 831 1925 ac
853 1891 1036 1934 potestate,
1061 1902 1167 1925 tamen

276 1942 464 1981 nomine&
477 1938 625 1977 honore.
651 1941 799 1976 Ostavus
810 1950 919 1976 autem
939 1942 973 1976 δε
988 1941 1169 1985 trigefimus

277 1991 464 2028 Trullanus
485 1991 608 2026 Canon
635 2002 770 2027 omnem
798 1990 941 2026 civitatIs
961 1991 1127 2036 dignitate
1148 2002 1165 2023 a

281 2043 438 2086 Principe
458 2041 620 2078 donatum
642 2040 754 2076 locum
777 2040 895 2076 donari
916 2040 1056 2075 mandat
1069 2041 1168 2075 etiam

277 2092 447 2127 Cathedra
473 2091 680 2135 Episcopali.
709 2091 753 2125 Et
767 2090 1024 2124 Ecclefiastieam
1038 2090 1168 2124 Hierat-

275 2142 389 2176 chiam
413 2140 502 2175 civili
516 2140 747 2175 Romanorum
759 2138 967 2172 Monarchiae
986 2149 1042 2182 per
1052 2139 1167 2173 omnia

277 2190 547 2234 conquadrarunt
568 2189 669 2225 etiam
685 2187 838 2233 Apostoli
852 2213 863 2229 ‚
890 2188 1043 2232 &ipsum
1067 2190 1085 2224 a
1105 2189 1169 2224 suis

277 2241 413 2287 posteris
437 2240 594 2285 jusserunt
619 2239 826 2276 faciendum.
857 2239 900 2274 Et
911 2237 990 2274 hinc
1014 2241 1167 2275 Sanctum

278 2291 434 2329 Bafilium
446 2313 460 2331 ,
482 2301 683 2332 omnemque
694 2289 763 2333 ejus
773 2289 947 2330 synodum
963 2313 972 2329 ‚
998 2290 1088 2334 quod
1101 2290 1168 2324 fine

277 2343 444 2387 Principis
455 2341 648 2376 auctoritate
661 2351 768 2376 novos
788 2341 827 2374 in·
839 2340 943 2383 prima
956 2339 1167 2385 Cappadocia

278 2394 435 2428 creassent
448 2391 664 2436 Episcopatus
680 2416 690 2430 ,
718 2390 753 2425 in
767 2391 841 2427 laesae
853 2389 1035 2433 Maiestatis
1054 2392 1087 2426 ὅ(
1099 2391 1169 2425 vio

278 2445 420 2478 latorum
433 2442 613 2477 Canonum
638 2451 763 2476 reatum
784 2441 914 2476 vocavit
928 2440 1169 2476 Demosthenes

283 2493 470 2531 Provinciae
502 2491 672 2528 Praefectus
697 2504 710 2533 ;
738 2491 836 2527 etiam
865 2491 1019 2525 Sanctum
1048 2491 1171 2536 Grego-

285 2606 419 2630 morum
434 2594 670 2639 Episcopatum
682 2591 893 2634 acceptasset.
917 2592 1171 2636 Episcopatuum

287 2646 484 2680 erectionem
512 2645 651 2688 spectare
683 2640 723 2677 ad
746 2642 832 2676 solos
859 2641 978 2675 Laicos
1004 2642 1174 2687 Principes

289 2695 401 2730 multis
423 2693 644 2731 demonstrare
660 2701 798 2729 conatur
808 2690 942 2727 Marcus
953 2691 1122 2729 Antonius
1132 2692 1172 2728 de

340 2794 540 2838 Respondeo
566 2793 788 2829 Theodorum
828 2792 1056 2828 Balsamonem
1083 2794 1173 2837 loqur

290 2857 334 2881 ex
354 2843 474 2880 frivola
497 2841 788 2879 Schismaticorum
811 2842 1000 2878 Graecorum
1022 2842 1163 2879 Theolo

291 2897 370 2941 gia,
396 2905 466 2937 quae
488 2893 633 2939 Augusti
657 2893 819 2936 Principis
833 2893 973 2939 Regiam
988 2894 1173 2928 unitionem

292 2944 398 2981 asserit
408 2946 471 2980 esse
488 2944 570 2978 novi
579 2943 1048 2979 TestamentiSacratnentum
1063 2969 1074 2984 ‚
1099 2945 1175 2978 emi-

294 2995 427 3031 nentius
452 2995 487 3029 &
502 2994 545 3029 ad
555 2994 685 3038 quasvis
696 2995 796 3028 sacras
817 2993 1001 3028 functiones
1014 2994 1176 3028 efficacius

294 3046 362 3091 ipsa
388 3045 487 3079 etiam
520 3044 707 3088 Episcopali
734 3043 981 3080 consecratione
1006 3068 1014 3076 .
1053 3043 1176 3078 Nullus

296 3096 379 3132 olim
399 3094 578 3138 Imperator
604 3095 777 3129 attentavit
805 3093 884 3138 quid
910 3093 1069 3137 ejusmodi
1099 3118 1109 3133 ‚
1135 3106 1177 3128 ne

297 3145 433 3190 quidem
445 3142 571 3178 Valens
583 3167 594 3184 ,
620 3142 724 3179 homo
737 3144 879 3180 Arianus
893 3168 900 3177 .
930 3143 1010 3191 Qo
1022 3144 1175 3180 Samstum

297 3196 452 3234 Basiliam
477 3202 629 3234 vexaret,
656 3193 902 3238 Cappadociam
916 3193 972 3228 ille
983 3195 1104 3235 secuit,
1132 3205 1178 3229 at-

297 3257 361 3291 que
372 3246 417 3280 ita
429 3243 612 3287 Thyanam
626 3267 637 3283 ‚
651 3254 771 3279 novam
784 3242 932 3279 secundas
944 3242 1162 3288 Metropolim

297 3308 365 3331 uua
385 3307 460 3330 cum
472 3293 689 3340 Suffraganeis
701 3292 851 3329 Ecclesiis
862 3292 1044 3328 Caesarienfi
1059 3293 1177 3329 Cathe-

298 3347 362 3384 drae
381 3345 540 3380 subtraxit
569 3368 582 3385 ‚
607 3345 743 3379 Sanctus
768 3352 878 3378 autem
906 3342 1179 3389 Archiepiseopus

299 3397 394 3434 issam
413 3396 476 3431 suae
496 3393 624 3438 Synodi
647 3393 801 3436 jacturam
823 3404 1045 3437 reparaturus,
1072 3406 1177 3429 novos

300 3449 335 3485 in
362 3446 457 3485 variis
478 3444 561 3483 locis
579 3444 792 3493 Episcopatus
814 3444 933 3483 erexit:
962 3446 1176 3495 Nequaquam

667 153 709 197 S.
755 151 1073 201 Gneooku
1111 164 1348 198 'saprum
1386 154 1757 200 Pour1r1c1s

1168 246 1211 573 ;Ι

1251 247 1359 272 tamen
1382 234 1423 270 de
1443 235 1510 271 laesa
1521 235 1716 280 Majestate,
1742 237 1794 272 sed
1806 236 1847 274 de
1866 238 1991 275 violato
2002 239 2129 276 dumta-

1251 298 1308 322 xat
1330 287 1471 321 Canone
1492 287 1555 321 fuit
1576 296 1724 322 vocatus*
1738 289 1934 332 inculpam,
1959 289 2047 335 quod
2059 292 2128 336 qui-

1251 337 1327 372 dam
1350 337 1385 370 in
1409 336 1500 382 pagis
1521 337 1554 371 δε
1590 337 1706 372 viculis
1726 338 1911 373 dicerentur
1932 341 2026 375 erecti
2048 367 2055 373 .
2083 341 2128 375 Et

1252 386 1359 422 revera
1382 386 1527 430 Zazyma
1537 387 1601 422 fuit
1613 387 1718 422 Vicus
1736 387 1820 422 adeo
1829 389 1945 429 miser,
1972 391 2127 426 utlauda-

1251 448 1304 475 tus
1323 437 1504 482 Gregorius
1526 438 1596 472 illic
1618 449 1677 472 nec
1698 438 1833 474 refidere
1849 449 2007 483 umquam
2018 441 2127 476 volue-

1251 489 1317 529 rit,
1343 499 1404 522 nec
1424 487 1555 523 offerre.
1585 488 1628 523 Et
1653 490 1828 532 antiquum
1848 500 1976 524 morem
1998 491 2052 525 seu
2063 491 2128 527 Ca-

1255 549 1381 573 nonem
1405 562 1416 579 ‚
1441 538 1498 583 qui
1519 538 1561 573 ad
1587 539 1704 574 Civilis
1730 539 1912 575 Provincias
1934 539 2126 577 divisionem

1251 587 1416 623 dividebat
1424 589 1527 624 etiam
1537 589 1794 625 Ecclefiasticam
1805 614 1817 631 ,
1833 590 1928 626 nullo
1938 591 2043 626 modo
2055 603 2128 636 pro-

1250 639 1338 674 bavit
1363 638 1637 675 Chalcedonensis
1656 640 1810 684 Synodus
1829 666 1841 682 ‚
1866 641 1921 676 sed
1947 642 2134 678 exstinxit.-

1249 689 1368 734 Neque
1381 701 1453 725 mos
1463 690 1520 725 iste
1531 690 1548 725 a
1559 690 1728 726 dividente
1739 690 1893 735 Principe
1904 715 1914 731 ,
1939 692 1993 727 sed
2007 692 2046 728 ad
2058 693 2127 736 ejus

1247 751 1328 784 opus
1347 739 1563 776 aPatriarcha
1582 741 1794 776 autPrimate
1814 741 1898 786 erigi
1923 741 2056 785 jubebat
2068 754 2126 778 no-

1248 802 1321 826 vam
1333 791 1547 837 Metropolim
1558 815 1569 832 ,
1595 803 1652 828 aut
1663 794 1749 828 certe
1763 793 1797 826 in
1810 791 1973 836 Principis
1981 803 2126 827 reveren-

1245 843 1325 875 tiam
1347 842 1413 885 ipse
1423 842 1543 877 Canon
1563 842 1728 888 erigebat.
1758 843 1955 887 Eodemque
1974 843 2125 877 sensuro-

1243 893 1353 936 quitur
1365 892 1519 936 Synodus
1530 892 1692 927 Trullana
1705 919 1712 926 .
1742 892 1897 928 Attamen
1910 905 1978 927 non
1991 893 2025 927 in
2039 893 2125 934 solo,

1243 943 1296 976 sed
1317 944 1489 977 dumtaxat
1512 943 1546 976 in
1559 944 1653 977 omni
1674 943 1819 979 civitatis
1830 943 1880 987 jus
1893 942 2036 978 habente
2048 943 2126 978 loco

1241 993 1376 1027 mandat
1403 993 1502 1038 erigit
1529 992 1636 1028 sedern
1665 993 1893 1037 Episcopalem
1914 1017 1922 1025 .
1949 994 2060 1028 Etiam
2087 995 2123 1028 in

1240 1044 1335 1085 aliis,
1361 1042 1547 1078 dummodo
1575 1043 1757 1089 insignibus
1780 1056 1818 1079 ac
1828 1043 2015 1088 populosis,
2040 1043 2125 1089 erigi

1241 1094 1351 1127 nullus
1364 1103 1519 1135 umquam
1531 1092 1650 1127 Ganon
1669 1094 1841 1129 interdixit
1852 1118 1859 1126 .
1886 1094 1993 1128 Lucet
2005 1104 2047 1128 ex
2056 1093 2125 1137 jam

1242 1144 1374 1176 laudato
1401 1143 1487 1176 facto
1521 1141 1630 1177 Sanni
1654 1143 1763 1178 Basilii
1787 1170 1795 1177 .
1821 1145 1866 1179 Et
1887 1145 1922 1178 in
1947 1143 2124 1179 Fuflalenfi

1239 1193 1363 1237 oppido
1384 1191 1419 1227 id
1438 1192 1541 1235 ipsum
1552 1191 1739 1228 faciendum
1760 1193 1960 1229 &Numidiae
1976 1193 2124 1228 Primate

1242 1243 1429 1287 impetravit
1449 1242 1582 1277 Sandius
1604 1241 1811 1285 Augustinus
1831 1268 1838 1275 .
1866 1244 1912 1277 Et
1937 1244 2121 1287 generatim

1240 1293 1280 1327 ad
1303 1305 1393 1327 novo
1419 1291 1631 1337 Episcopatui
1658 1290 1804 1326 dandam
1823 1291 1988 1337 originem
2009 1317 2022 1333 ,
2048 1305 2121 1327 non

1237 1343 1369 1376 civilem
1390 1342 1531 1377 civitatis
1547 1342 1786 1387 dignitatem,
1812 1340 1864 1376 sed
1878 1342 1996 1379 *soiius
2007 1343 2124 1387 populi

1237 1392 1548 1436 multiplicationem
1571 1392 1785 1436 requisierunt
1807 1392 1948 1428 secunda
1969 1404 2006 1427 ac
2026 1394 2124 1429 tertia

1234 1443 1390 1486 synodus
1413 1441 1698 1488 Carthaginensis.
1728 1442 1833 1490 Quod
1853 1443 1960 1488 ipsum
1972 1443 2125 1488 probavit

1233 1494 1341 1527 sextus
1363 1493 1555 1527 Sardicensis
1585 1493 1729 1534 Canon,
1755 1493 1928 1528 dumtaxat
1947 1490 2062 1528 vetans
2086 1494 2126 1528 in

1234 1553 1343 1586 pago,
1369 1554 1426 1577 aut
1439 1554 1539 1586 parvo
1553 1543 1650 1583 loco,
1678 1543 1862 1578 cuiunicus
1884 1543 2023 1579 sufficiat
2035 1544 2126 1578 Pres

1233 1590 1350 1634 byter,
1376 1593 1458 1636 erigi
1483 1592 1665 1626 Cathedras
1695 1593 1909 1629 pontificales
1929 1620 1936 1627 .
1965 1594 2123 1628 Civitatis

1235 1640 1433 1686 dignitatem
1460 1641 1553 1674 nullo
1579 1642 1683 1675 modo
1709 1643 1844 1687 requirit
1867 1667 1875 1677 .
1905 1643 2020 1677 Plures
2047 1644 2124 1677 sunt

1230 1690 1396 1734 ejusmodi
1409 1691 1569 1738 ,Canones
1581 1714 1593 1731 ,
1619 1691 1710 1734 plura
1723 1691 1872 1735 exempla
1886 1716 1896 1726 .

1281 1740 1373 1774 Huic
1397 1740 1498 1786 igitur
1519 1741 1656 1783 negotio
1675 1741 1818 1783 primum
1832 1743 1863 1776 se
1873 1742 2007 1777 miscere
2017 1753 2124 1786 coepe-

1231 1798 1309 1827 runt
1323 1789 1470 1824 Romani
1491 1789 1623 1833 Imperii
1636 1788 1828 1825 laceratores
1845 1790 1957 1835 Reges
1969 1791 2121 1826 Barbari:

1233 1839 1363 1880 Gothi,
1391 1837 1572 1882 Wandafi,
1598 1840 1740 1881 Franci,
1767 1839 1939 1886 Burgundi
1955 1865 1966 1882 ,
1993 1841 2122 1888 Angli,

1231 1889 1448 1934 Longobardi
1471 1916 1477 1923 .
1508 1890 1560 1926 Ex
1590 1889 1763 1934 Episcopis
1788 1915 1800 1932 ‚
1827 1891 2018 1926 Abbatibus
2042 1916 2054 1933 ,
2081 1903 2121 1927 ae

1232 1939 1426 1976 Proceribus
1446 1941 1585 1974 mixtam
1612 1939 1825 1974 instituerunt
1835 1941 2032 1984 Regnorum
2047 1943 2121 1977 suo·

1232 2001 1303 2024 rum
1317 1988 1452 2026 Curiam
1470 1991 1524 2023 seu
1536 1989 1729 2032 Symdurn,
1757 1988 1901 2032 ideoque
1925 1992 1972 2023 uti
1985 1991 2052 2025 fine
2063 1994 2123 2026 suo

1231 2040 1392 2075 consensu
1417 2039 1548 2074 nullum
1558 2038 1740 2075 consecrari
1752 2049 1879 2074 novum-
1891 2039 2094 2084 Episcopum
2108 2065 2123 2082 ‚

1233 2089 1278 2123 ita
1289 2088 1398 2122 multo
1411 2089 1515 2134 magis
1529 2088 1659 2123 nullum
1673 2089 1884 2132 permiserunt
1896 2089 1980 2136 erigi
1993 2101 2120 2126 novum

1241 2138 1473 2181 Episcopaturn
1500 2161 1507 2168 .
1543 2137 1633 2180 Ipsos
1656 2137 1824 2173 instituere
1854 2138 1940 2174 adeo
1961 2151 2031 2174 non
2053 2141 2122 2175 fue-

1232 2198 1308 2223 runt
1329 2187 1467 2232 permiffi
1483 2212 1493 2228 ,
1518 2186 1662 2228 atilios,
1688 2197 1772 2232 quos
1782 2186 1824 2222 ad
1837 2187 2001 2223 violentas
2010 2191 2122 2224 Wam-

1231 2239 1279 2273 bae
1302 2238 1405 2284 Regis
1418 2238 1558 2282 jussione
1582 2237 1768 2274 instituerat
1790 2236 1977 2283 Stephanus
1996 2238 2126 2274 Metro‘-

1232 2289 1335 2334 polita
1363 2288 1572 2323 Emeritensis
1598 2312 1610 2328 ,
1651 2289 1745 2332 supra
1771 2288 1991 2323 audiverimus
2027 2290 2124 2324 fuisso

1231 2340 1400 2374 cassatosa
1421 2337 1616 2372 duodecima
1641 2338 1782 2382 Synodo
1793 2338 1982 2374 Toletana.
2009 2338 2054 2372 Et
2079 2339 2122 2374 ad

1232 2388 1484 2424 Childebertum
1511 2388 1711 2422 Francorum
1750 2388 1878 2432 Regem
1904 2412 1915 2428 ,
1950 2400 2122 2433 parantem

1233 2438 1443 2474 Meloduni
1434 2451 1468 2472 in
1498 2438 1674 2472 Senonensi
1687 2437 1830 2473 Dioecesi
1845 2450 1973 2477 novum
1985 2439 2119 2482 Episco-

1232 2497 1344 2534 patum
1356 2491 1504 2534 erigere,
1530 2487 1650 2532 scripsit
1671 2481 1911 2532 ejusdenrsedis
1924 2489 2122 2534 Metropoli-

1233 2551 1266 2575 ta
1280 2541 1374 2575 Leo.
1402 2539 1460 2574 Illa
1480 2538 1592 2572 debent
1610 2537 1796 2580 vestrisfieri
1813 2547 1928 2581 tempor
1915 2540 2017 2576 ribus,
2041 2539 2121 2572 unde

1236 2593 1269 2625 Za·
1275 2599 1344 2632 pax
1366 2595 1444 2622 inter
1453 2588 1620 2628 sacerdotes
1641 2587 1693 2629 effe
1700 2589 1771 2629 poss
1769 2597 1783 2621 t
1795 2612 1806 2627 ,
1835 2588 1967 2630 &plebs
1987 2598 2045 2620 non
2050 2597 2121 2630 per·

1233 2646 1370 2673 mmatur
1392 2640 1413 2671 ἃ
1437 2636 1568 2679 Pastoris
1584 2638 1700 2678 proprii
1726 2637 1853 2677 custodia
1871 2645 1931 2679 per
1954 2648 2066 2672 novam
2085 2639 2121 2672 ἐν

1234 2691 1371 2725 illicitam
1393 2689 1609 2721 ordinationem
1634 2687 1741 2720 divelli
1766 2713 1773 2720 .
1802 2686 1972 2731 custodite,
1998 2686 2120 2731 quaeso,

1237 2743 1361 2775 statuta
1387 2741 1516 2773 Parrum
1530 2762 1540 2779 ‚
1565 2739 1601 2772 6*
1617 2740 1774 2770 Canonum
1789 2735 1954 2780 severitate
1972 2738 2121 2780 confles&

1237 2802 1293 2825 non
1313 2794 1476 2832 patiemim
1495 2789 1720 2830 adpetitionem
1742 2789 1807 2828 eius
1815 2787 1915 2829 plebis
1927 2813 1938 2830 ,
1959 2787 2118 2832 superstite

1233 2845 1355 2884 proprio
1379 2839 1533 2874 sacerdote
1558 2862 1570 2879 ,
1602 2838 1729 2870 alterum
1753 2836 1936 2880 Epist-opum
1960 2840 2117 2872 ordinari.

1236 2889 1394 2927 Ostendit
1422 2889 1629 2923 Attentatum
1654 2885 1720 2921 hoc
1739 2887 1802 2923 esse
1814 2888 1981 2931 peffimam
1993 2888 2120 2922 novita-

1241 2952 1307 2975 tem
1321 2966 1331 2982 ‚
1357 2940 1392 2975 ὃς
1405 2938 1589 2974 concludit:
1618 2938 1721 2970 Gloria
1739 2936 1839 2978 vestra
1859 2940 1968 2979 optime?
1981 2938 2065 2971 debet
2084 2938 2120 2972 θ
2146 2972 2148 2974 .

1236 2993 1352 3025 credere
1371 2992 1406 3025 (τ
1422 2987 1497 3033 [ειη
1519 3012 1529 3028 ,
1555 2993 1626 3029 quia
1643 2987 1674 3029 fi
1691 2997 1796 3020 contra
1814 2990 1937 3021 statura
1959 2994 2120 3022 canonum

1237 3047 1409 3084 quicumque
1418 3036 1689 3082 Episcoporumfine
1698 3036 1835 3082 consensu
1856 3038 1946 3079 nostro
1966 3038 2119 3074 Melodunl

1239 3090 1418 3133 Episcopum
1439 3090 1565 3123 voluerit
1586 3089 1725 3121 ordinare
1736 3113 1752 3129 ,‚
1772 3086 1862 3131 usque
1879 3090 1926 3122 ad
1938 3091 2033 3131 Paepae
2045 3091 2120 3121 noti-

1238 3148 1315 3175 tiam
1339 3143 1390 3176 vel
1397 3139 1565 3178 synodalem
1575 3139 1782 3178 audientiam,
1808 3147 1874 3172 tam
1889 3137 1982 3181 biqui
1998 3138 2122 3172 ordinm

1240 3201 1351 3225 verunt
1362 3215 1374 3232 ,
1399 3200 1491 3233 qaam
1503 3193 1552 3231 qui
1564 3189 1720 3222 ordinatus
1732 3188 1832 3230 fuerit
1843 3212 1855 3227 ,
1882 3189 1904 3226 ἄ
1915 3187 2013 3228 nestra
2030 3194 2120 3222 erunt

1240 3246 1437 3275 communione
1456 3237 1584 3281 ftiunc‘li
1603 3263 1611 3270 .
1640 3238 1736 3286 Qiu
1759 3238 1794 3272 dc
1816 3236 1902 3271 male
1923 3238 2122 3272 exstinctum
2167 3271 2172 3278 ,

1242 3290 1544 3333 Merseburgensem
1584 3288 1818 3333 Episcopatutn
1854 3286 2020 3322 restituere
2054 3286 2122 3320 sine

1243 3341 1429 3385 Episcopali
1451 3339 1641 3373 auctoritate
1665 3338 1798 3372 Sanctus
1812 3336 1991 3392 Imperator
2001 3336 2123 3371 Henri

1242 3403 1297 3426 eus
1309 3401 1376 3423 non
1389 3388 1600 3433 presumpsit.
1629 3388 1678 3423 Ita
1690 3386 1808 3421 habes
1800 3398 1834 3420 m
1847 3387 1915 3430 ejus
1934 3388 2020 3421 vita.

1292 3440 1393 3488 Regii
1416 3450 1526 3479 tamen
1546 3439 1722 3477 consensus
1734 3436 1952 3477 neceffitatem
1968 3434 2122 3521 prrscopl

1962 3498 2001 3532 pa
2027 3496 2074 3522 rm
