2366 3756
916 113 1406 158 Dicturus.

254 200 370 247 Regiae
384 196 527 234 civitatis
537 196 701 242 Episcopo
715 220 727 238 ,
751 196 786 232 δε
798 206 840 231 ex
857 196 904 230 eis
915 195 1038 231 conflat
1058 193 1135 237 ejus-

253 248 599 288 demPatriarchatum
612 274 619 281 .
638 245 803 295 ¹Attamen
830 246 969 290 ipsarum
980 245 1136 279 Primates

256 311 327 337 non
339 300 433 345 plene
446 298 546 334 nudat
556 322 567 339 ‚
592 310 653 334 nec
660 295 801 333 omnino
815 295 928 339 dejicit
941 296 975 330 in
991 305 1138 330 commu-

255 361 333 391 nem
353 349 639 393 Metropolitanum
660 346 810 382 ordinem
832 370 843 386 ,
862 345 923 380 *sed
947 343 988 379 ad
1009 344 1094 388 ipsos
1118 343 1136 377 ὲ

255 401 506 436 provinciarum
531 400 657 434 suarum
675 394 894 441 synodalibus
914 394 1045 438 judiciis
1068 394 1137 428 vult

257 447 366 491 adhuc
382 448 569 484 alternative
590 446 761 492 appellari.
790 445 975 480 Damnatus
990 445 1137 479 Clericos

257 499 418 545 appellare
440 499 708 542 permittitetiam
732 494 773 529 ad
786 506 908 529 novum
925 495 1042 540 ‘Regiae
1051 494 1137 528 urbis

258 548 500 585 Patriarcham:
526 547 629 596 Qod
647 545 763 590 nempe
775 545 859 578 istud
872 545 921 588 jus
933 546 1009 579 esset
1023 555 1107 579 unus
1121 544 1138 577 ὲ

259 597 493 636 characteribus
506 593 731 632 patriarchalis
754 594 952 630 auctoritatis
965 620 976 636 ,
1003 595 1138 638 ipsoque

259 649 360 685 etiam
372 648 618 682 Alexandrinus
643 647 676 681 ἀ
694 643 923 680 Antiochenus
944 656 986 679 ex
1000 644 1140 687 Aposto-

262 698 332 737 lico
342 698 482 733 Canone
501 708 683 733 uterentur.
711 694 811 742 Qod
830 695 920 728 istius
940 694 1020 738 juris
1042 692 1139 739 origi·

261 759 339 787 nem
349 747 393 782 D.
405 747 519 783 Petrus
529 747 570 782 de
582 747 692 781 Marca
707 757 759 779 ma
764 745 792 779 le
802 744 952 779 refundat
966 746 1000 777 in
1013 746 1139 778 sextum

262 798 667 848 Constantinopolitanum
689 796 862 834 Canonem
888 819 900 841 ἲ
931 794 1013 834 infra
1037 793 1142 829 osten-

262 848 380 884 detur.
581 868 583 870 ·

314 894 603 934 Antiochenorum
614 899 793 934 Canonum
805 896 893 931 nulla
904 896 987 931 olim
1010 894 1073 930 fuit
1088 903 1142 927 au-

263 946 412 984 &oritas.
440 947 565 983 Dolosa
585 949 642 983 ista
665 948 854 983 Eusebianae
875 946 1025 980 factionis
1037 944 1142 986 Syno—

262 998 324 1033 dus
335 997 442 1042 primo
455 999 560 1041 posuit
573 999 710 1041 lapides,
741 997 859 1041 quibus
882 995 991 1038 postea
1017 992 1142 1035 Philip-

254 1048 492 1093 -popolitanum
504 1045 789 1082 Conventiculum
812 1046 863 1078 sua
888 1042 1054 1078 adversum
1078 1043 1144 1076 Ro-

263 1108 376 1132 manas
399 1097 632 1141 appellationes
667 1097 702 1130 ὅ(
724 1093 974 1130 Monarchicam
999 1091 1144 1126 Ecclesiae

262 1148 494 1182 Hierarchiam
506 1146 707 1181 schismatica
718 1146 874 1188 figmenta
887 1144 977 1186 super
986 1159 997 1168 ·
1011 1141 1143 1176 aedifica-

261 1197 336 1230 vit.
362 1197 477 1231 Sextus
504 1195 634 1231 interim
660 1195 750 1237 ipsius
776 1193 898 1228 Canon
923 1193 965 1226 D.
979 1190 1144 1235 Archiepi-

260 1247 352 1289 scopi
375 1244 633 1289 cogitationibus
667 1254 734 1278 non
756 1241 841 1278 favet
865 1267 872 1275 .
899 1243 1104 1276 Damnatum
1128 1242 1145 1275 a

263 1297 325 1330 suo
340 1296 504 1339 Episcopo
515 1295 681 1328 Clericum
708 1304 763 1328 aut
778 1294 915 1328 Laicurn
938 1291 1146 1326 solummodo

262 1344 400 1379 mandat
421 1344 603 1388 appellare,
625 1355 692 1378 non
717 1342 756 1377 ad
778 1343 969 1378 Dioeceseos
992 1369 1002 1385 ,
1031 1341 1082 1376 sed
1105 1339 1145 1374 ad

265 1394 448 1430 Provinciae
471 1395 660 1438 Synodum:
691 1394 745 1427 An
769 1393 803 1426 ἀ
827 1393 867 1427 ab
889 1391 948 1426 hac
974 1394 1147 1427 damnatus

264 1445 361 1490 poffit
383 1454 558 1488 provocare
577 1444 714 1478 ulterius
727 1468 737 1484 ,
763 1453 848 1477 tacet
861 1468 869 1477 .
897 1443 990 1477 Abfit
1017 1453 1052 1476 ut
1065 1445 1143 1475 ulte·

265 1495 385 1530 riorem
404 1494 656 1537 appellationem
683 1493 857 1528 excludat:
890 1492 938 1527 Ea
959 1493 1082 1527 etenim
1105 1490 1144 1524 fa*

263 1545 331 1578 &io
354 1544 416 1577 fuit
437 1543 648 1579 Patriarchici
670 1543 748 1585 juris
767 1541 953 1577 zelofiffima
976 1566 983 1574 .
1024 1542 1065 1574 Et
1090 1541 1148 1572 iste

267 1593 548 1637 Canonloquitut
572 1603 617 1628 ex
636 1594 754 1638 quinto
769 1593 925 1631 Nicaeno‚
950 1591 968 1624 a
996 1600 1062 1634 quo
1086 1587 1148 1621 avi·

266 1650 336 1676 tam
347 1666 357 1681 ,
385 1654 455 1683 quae
464 1644 563 1675 etiam
574 1643 712 1675 Clericis
736 1652 774 1673 ac
790 1641 898 1673 Laicis
910 1641 942 1672 δε
955 1640 994 1672 ad
1010 1638 1149 1671 patriar·-

266 1689 366 1726 cham
392 1691 425 1724 δε
441 1690 482 1723 ad
496 1689 616 1733 Papam
626 1689 807 1733 appellandi
821 1689 1008 1722 facultatem
1030 1687 1147 1727 dabat,

251 1752 253 1754 ·
267 1739 543 1775 consuetudinem
556 1740 647 1774 suiffe
659 1739 886 1772 confirmatam
915 1750 950 1770 ac
962 1737 1148 1781 sigillatam,

266 1788 452 1824 audivimus
474 1788 564 1831 supra
584 1788 602 1820 ὲ
624 1788 740 1822 Sancto
764 1787 929 1821 pontifice
956 1787 1063 1830 Julio.
1106 1787 1147 1820 Et

268 1838 350 1873 hinc
372 1838 532 1872 Africanae
554 1863 564 1879 ‚
591 1850 661 1883 quae
688 1838 875 1872 Romanam
898 1837 1147 1880 appellationem

267 1888 415 1924 inferiori
445 1888 544 1923 Clero
566 1899 633 1922 non
660 1889 821 1932 permisit,
853 1888 1001 1921 Ecciefiae
1024 1897 1148 1919 rnorem

268 1939 363 1973 fuiss‘e
384 1937 623 1980 heteroclytum
649 1939 682 1972 &
709 1939 801 1972 vaide
828 1937 1019 1982 singularem
1040 1961 1050 1977 ,
1077 1947 1149 1979 quis

267 1988 424 2033 ignoret?
451 1987 554 2031 ipsum
577 1987 716 2021 Nicaeno
739 1988 870 2022 Canoni
899 1996 1076 2031 repugnare
1098 1986 1149 2019 ad-

266 2037 439 2072 firmarunt
449 2036 633 2070 constanter
645 2036 822 2070 Pontifices
835 2037 1003 2079 Zozymus
1013 2062 1023 2076 ,
1051 2035 1150 2068 Boni·
1194 2061 1197 2088 i

267 2087 372 2121 sacius
393 2112 402 2127 ,
438 2087 628 2121 Caelestinus
656 2111 668 2125 ‚
703 2099 740 2120 ac
766 2087 911 2129 Magnus
951 2085 1148 2126 Gregorius.

268 2137 374 2183 Qiod
388 2138 518 2178 ipsum,
545 2134 784 2173 hocinstanre,
811 2134 940 2166 tandem
959 2133 1151 2174 reliquerit,

270 2195 483 2219 communem
507 2183 609 2216 totius
632 2182 778 2216 Ecclefiae
800 2193 948 2216 normam
972 2183 1121 2225 amplexa
1142 2207 1151 2222 ,
1173 2190 1176 2194 '

272 2234 426 2268 Africana
453 2234 606 2266 Dioecesis
627 2258 638 2274 ,
675 2233 732 2266 suo
759 2233 833 2267 loco
859 2231 1150 2266 demonstrabitur.

272 2283 319 2317 Et
329 2283 415 2327 quod
429 2283 446 2315 ἐ
457 2283 595 2316 Pontica
608 2283 745 2317 Dioecefi
761 2283 913 2316 Marcion
929 2307 938 2322 ‚
967 2282 1038 2315 licet
1061 2282 1151 2316 dum-

272 2343 364 2368 taxat
383 2331 530 2365 Clericus
556 2342 609 2365 aut
630 2332 765 2370 Laicus‚
791 2333 809 2365 a
835 2333 954 2375 proprii
977 2332 1081 2366 Patris
1107 2343 1150 2366 at·

271 2393 338 2425 que
360 2381 512 2425 Episcopi
535 2381 569 2414 in
596 2381 765 2424 sejudicio
790 2381 932 2415 Romam
946 2383 1126 2423 provocarit
1140 2405 1149 2421 ‚

271 2431 383 2466 lucide
394 2431 540 2465 adfirmat
553 2431 685 2464 sanstus
699 2431 899 2474 Epiphanius
916 2457 922 2462 .
951 2431 1023 2465 Nec
1036 2432 1150 2465 desunt

271 2482 339 2518 alia
356 2483 518 2524 exempla.
551 2481 593 2515 Et
611 2483 693 2515 circa
720 2480 802 2515 hanc
823 2480 1027 2524 disciplinam
1049 2482 1149 2516 Sardi-

272 2532 375 2566 cenfis
387 2530 541 2574 Synodus
558 2529 639 2564 nibil
659 2531 807 2565 alteravit
819 2556 826 2563 .

324 2580 474 2614 Errorem
486 2582 659 2615 continent
685 2582 717 2614 ὅς
730 2580 796 2614 haec
808 2579 902 2615 verba
917 2593 924 2612 ε
954 2583 1150 2622 appellationi

273 2632 353 2665 locus
365 2641 423 2663 non
434 2639 499 2663 erat
512 2654 523 2669 ,
549 2630 690 2671 nullaque
699 2631 760 2663 alia
772 2632 936 2673 antiquitus
948 2639 1025 2664 ratio
1044 2630 1151 2675 suppe-

274 2680 355 2713 tebat
366 2681 538 2720 damnatis,
562 2682 654 2722 quom
672 2691 705 2713 ut
727 2678 875 2722 Rescripta
899 2683 1044 2722 Principis
1070 2694 1150 2727 nego-

275 2735 352 2762 tium
364 2730 573 2763 retrat‘larctur
590 2735 622 2761 i'n
635 2732 738 2768 maiori
750 2731 857 2768 synodo
871 2756 881 2771 ,
906 2734 1026 2773 quando
1048 2734 1151 2776 ageba-

274 2785 325 2812 tur
349 2779 485 2812 videlicet
505 2779 628 2819 alicujus
650 2778 792 2823 Episcopi
816 2779 902 2823 causa
922 2806 931 2817 ,
958 2790 1011 2813 aut
1032 2784 1152 2825 aliquod

276 2834 421 2873 negotium
441 2834 542 2870 magni
563 2837 699 2862 momenti
719 2855 725 2861 .
755 2834 795 2862 Ei
819 2831 990 2863 auc‘loritati
1009 2829 1149 2874 tempera-

272 2887 409 2912 mentum
418 2883 450 2910 in
461 2878 615 2911 occidente
627 2879 764 2912 adhibuit
773 2880 944 2920 sardicensis
967 2883 1093 2919 synodus
1117 2890 1148 2916 in

272 2934 406 2973 gratiam
429 2925 638 2970 Episcoporum
654 2932 753 2972 gradu
770 2929 820 2972 suo
840 2931 1016 2971 deieclorum
1035 2956 1046 2973 ‚
1075 2933 1149 2965 data

275 2979 417 3011 nmirum
427 2978 544 3010 licentia
559 3003 569 3018 ,
595 2986 628 3010 ut
639 2979 788 3018 judicium
811 2990 998 3014 renovaretur
1019 2986 1050 3013 in
1080 2985 1146 3014 Pro-

275 3032 379 3061 vincia
389 3051 400 3066 ,
419 3026 451 3066 fi
458 3031 608 3060 Romanus
617 3026 931 3071 Epifiopusjudicaret
943 3034 1148 3064 renovandum

274 3078 343 3122 effe.
372 3076 410 3109 In
427 3076 536 3119 paucis
547 3076 649 3109 verbis
657 3088 778 3114 errores
792 3081 867 3114 varii
882 3107 888 3113 .
918 3080 1044 3115 Primus
1056 3082 1098 3114 est
1113 3085 1144 3115 in

1913 132 2001 174 301

1194 196 1327 230 Petrum
1354 195 1552 239 Apostolum
1578 207 1616 231 ac
1639 196 1734 243 ipsius
1758 197 1990 244 Apostolicam
2013 201 2076 236 Ca-

1198 244 1348 280 thedram
1362 269 1373 285 ,
1398 244 1471 288 ausa
1498 258 1556 280 non
1578 246 1617 287 est
1641 248 1809 289 constituere
1831 274 1843 291 ,
1869 260 1934 283 cum
1958 252 2076 284 videret

1194 294 1370 338 nihilsuprai
1383 302 1519 329 meritum
1529 295 1615 339 suum
1627 300 1701 340 posse
1726 300 1872 341 conferri.
1900 303 2007 333 Omnia
2028 301 2077 332 de-

1195 351 1281 388 nique
1291 344 1358 382 huic
1378 354 1501 378 noverat
1528 349 1648 380 Domini
1667 347 1801 391 sermone
1817 350 1949 393 conceffa.
1982 348 2077 383 Absit

1196 406 1231 429 ut
1244 394 1436 430 Sardicenfis
1458 396 1609 437 synodus
1627 399 1855 434 constrinxerit
1869 400 1908 433 ad
1922 410 2078 433 renovan-

1197 445 1275 478 dum
1284 445 1443 488 judicium
1458 444 1541 479 intra
1554 445 1760 482 Provinciam
1774 475 1781 482 .
1808 449 1953 483 Permisit
1966 460 2001 483 ut
2011 460 2079 492 par-

1197 506 1244 528 tes
1265 502 1414 528 evocaret
1437 493 1477 528 ad
1494 496 1586 528 suum
1612 497 1774 538 tribunal,
1802 509 1839 533 ut
1854 499 1872 533 ὲ
1897 501 1954 534 suo
1979 499 2077 533 latere

1197 545 1319 588 legaret
1339 542 1547 586 presbyteros
1561 545 1593 578 in
1613 545 1846 589 Provinciam,
1873 549 1923 583 vel
1943 557 1980 582 ut
2002 547 2080 591 ejus-

1198 593 1271 627 dem
1308 595 1359 627 vel
1383 593 1499 627 vicinae
1524 594 1702 630 Provinciae
1730 598 1867 640 synodo
1890 598 2080 641 appellatio-

1200 655 1274 678 nem
1297 643 1457 686 delegaret
1484 645 1714 680 retrastandam
1742 672 1749 678 .
1789 648 1914 682 Omnia
1940 647 2078 690 permisit

1198 693 1266 736 ejus
1287 691 1512 736 sapientissimo
1536 692 1670 729 arbitrio
1690 719 1698 727 .
1722 696 1764 731 Et
1777 695 1856 731 hinc
1874 697 2013 731 nimium
2026 707 2078 730 ex-

1200 743 1284 777 cedit
1308 744 1352 777 D.
1365 742 1634 786 Archiepiscopus
1648 768 1660 785 ,
1685 746 1827 780 scribens
1849 748 1889 781 de
1914 747 2078 792 Gregorio

1201 803 1336 836 quarto,
1364 802 1401 826 ac
1411 803 1527 837 quarto
1543 793 1682 828 Leone,
1709 797 1867 838 Gregorius
1890 806 2014 837 quartus
2037 801 2080 828 in·
2099 808 2157 839 Lib,
2184 818 2211 843 7·

1193 842 1330 887 fringere
1343 853 1464 877 conatus
1476 842 1512 882 est
1524 843 1728 879 aucioritatem
1751 848 1905 881 Ganonum
1928 847 2083 878 sardicen·
2096 857 2156 889 cap.
2168 859 2216 878 ιι.

1196 892 1270 935 fium
1292 915 1302 931 ‚
1327 894 1362 926 ts·
1375 895 1558 933 judiciorum
1582 895 1713 927 ordinem
1732 893 1925 937 praescribere
1948 918 1956 926 .
1999 898 2081 927 Eam

1202 941 1427 982 constitutionem
1453 949 1590 976 imitatus
1620 942 1656 982 est
1671 948 1730 977 Leo
1755 954 1902 986 quartus.
1932 948 1988 977 Hae
2014 946 2083 977 dua

1204 991 1413 1031 constitutiones
1435 999 1592 1027 contraria
1610 1003 1700 1027 erant
1724 996 1894 1029 Canonibus
1906 1021 1913 1029 .
1944 996 1992 1026 Εό
2004 994 2084 1035 quod

1189 1041 1328 1086 garbnrto
1349 1039 1401 1083 suo
1413 1041 1587 1084 reservant,
1612 1055 1653 1076 an
1664 1044 1828 1087 Episcopus
1851 1050 1883 1078 in
1903 1043 1972 1077 urbe
1989 1047 2084 1076 Roma

1189 1088 1386 1133 ljudicandus
1393 1090 1431 1130 fit
1441 1114 1451 1129 ,
1478 1105 1519 1124 an
1533 1096 1601 1125 vero
1613 1097 1808 1128 dimittendus
1824 1102 1856 1128 in
1870 1097 2063 1128 Provinciam
2072 1116 2084 1132 ‚

1204 1143 1261 1175 illic
1284 1141 1468 1180 iudicandus
1496 1153 1590 1174 coram
1628 1147 1746 1186 Legatis
1773 1148 1859 1178 sedis
1898 1144 2085 1185 apostolica.

1189 1190 1192 1197 ’
1204 1192 1296 1234 ‚Quod
1299 1189 1453 1232 sumptum
1463 1190 1502 1231 eft
1516 1202 1552 1223 ex
1562 1202 1639 1224 more
1658 1192 1797 1234 usurpato
1819 1196 1840 1225 a
1863 1197 2001 1236 Gregorio
2024 1195 2088 1223 Ma-

1198 1253 1279 1286 gno:
1309 1241 1372 1282 ‚Qui
1383 1249 1484 1273 tamen
1501 1242 1621 1273 Gallias
1647 1242 1681 1275 Θ
1692 1241 1824 1282 africam
1841 1242 2037 1285 distinguebat
2050 1240 2089 1273 ab

1205 1294 1272 1324 aliis
1287 1293 1455 1323 Provinciis
1470 1314 1480 1329 ‚
1508 1292 1541 1324 (9*
1555 1300 1618 1323 cum
1630 1297 1673 1323 eis
1686 1290 1804 1333 diversit
1811 1290 1932 1334 prorfics
1954 1292 2037 1325 modo
2058 1288 2092 1333 se

1201 1340 1323 1387 gerebat
1339 1364 1348 1379 ,
1375 1342 1467 1382 qusim
1486 1351 1551 1372 cum
1565 1341 1637 1374 aliis
1652 1366 1660 1375 .

1259 1389 1455 1433 Respondeo
1469 1389 1620 1435 Gregorii
1634 1401 1757 1426 morem
1772 1403 1839 1426 non
1855 1392 1949 1426 fuiffe
1962 1393 2093 1435 usurpa-

1192 1441 1351 1479 ¹tionem,
1381 1439 1434 1473 sed
1458 1441 1641 1483 legitimum
1665 1465 1675 1481 ,
1703 1453 1895 1485 paternum,
1922 1453 2019 1486 atque
2044 1441 2091 1474 lu-

1192 1486 1318 1525 icidum
1329 1488 1524 1521 Sardicenlis
1546 1490 1693 1522 canonis
1705 1492 1925 1526 intellectum.
1955 1492 2028 1525 Nec
2046 1491 2093 1524 di-

1191 1527 1300 1593 [verso
1313 1535 1411 1570 modo
1426 1536 1480 1569 ille
1493 1539 1560 1580 egit
1573 1549 1647 1571 cum
1661 1539 1768 1572 Gallis
1789 1552 1844 1574 aut
1859 1542 1950 1575 Afris
1963 1565 1970 1572 .
1997 1539 2095 1587 Qin

1193 1588 1241 1621 r&
1252 1587 1351 1620 Afros
1361 1586 1490 1619 induxit
1499 1585 1540 1619 ad
1550 1587 1728 1622 cedendam
1738 1591 1991 1637 antiquiffimam
2005 1591 2094 1623 suam

1209 1635 1479 1671 consuetudinem
1493 1650 1504 1669 .·
1534 1637 1574 1669 Et
1589 1637 1734 1671 inferiori
1746 1641 1846 1674 etiam
1861 1641 1959 1675 Clero
1973 1639 2097 1672 Roma-

1193 1687 1267 1726 {nas
1288 1686 1521 1728 appellationes
1541 1689 1778 1728 permittendas
1801 1715 1808 1721 .
1838 1691 1948 1723 Etiam
1971 1690 2095 1733 Grego-

1193 1738 1277 1788 Jrius
1290 1746 1420 1778 quartus
1431 1736 1463 1769 ὃς
1474 1747 1606 1779 quartus
1620 1737 1690 1770 Leo
1704 1749 1768 1770 non
1784 1739 1857 1772 sunt
1880 1740 2001 1772 infimae
2013 1747 2096 1772 notae

1193 1798 1196 1825 ς
1211 1786 1406 1821 Pontifices.
1440 1785 1562 1819 Verum
1578 1787 1745 1821 Romanas
1760 1790 1971 1823 evocationes
1983 1790 2015 1822 δε
2031 1789 2097 1821 Ro-

1194 1833 1383 1883 'Kmanorum
1408 1834 1609 1880 Legatorum
1634 1837 1886 1878 jurisdictionem
1910 1838 2018 1872 Gallia
2044 1851 2099 1872 ex-

1194 1899 1196 1902 ·
1211 1888 1339 1920 cludere
1355 1885 1459 1919 voluit
1471 1886 1513 1918 D.
1528 1887 1707 1920 Pan-iliensis
1723 1889 1900 1931 Episcopus
1914 1902 1920 1920 :
1953 1889 2025 1922 Nec
2041 1900 2099 1932 po·

1194 1947 1196 1950 ’
1211 1937 1273 1969 tuit
1286 1960 1296 1975 ,
1325 1936 1380 1967 nisi
1396 1946 1457 1968 tres
1469 1947 1578 1970 tantos
1594 1936 1768 1972 Pontifices
1781 1939 1821 1972 de
1834 1940 1978 1974 infraCtis
1992 1939 2099 1972 Sardi-

1194 2020 1196 2025 ⁴
1212 1985 1358 2020 censibus
1369 1984 1488 2028 tegulis
1501 1988 1699 2020 accusando.

1265 2034 1358 2068 Alter
1371 2045 1456 2067 error
1472 2035 1515 2067 est
1531 2035 1565 2068 in
1597 2035 1645 2069 his
1670 2037 1773 2072 verbis
1788 2053 1798 2072 :
1826 2043 2100 2081 Temperamentum

1193 2090 1198 2131 A,
1214 2089 1246 2115 in
1259 2084 1412 2116 Occidente
1430 2083 1568 2115 adhibuit
1581 2088 1760 2127 sardicenfis
1773 2091 1899 2125 synodus
1926 2115 1934 2122 .
1960 2091 2099 2125 Sensum

1194 2133 1304 2171 {suum
1327 2131 1553 2164 ll¹ustriffimus
1578 2133 1617 2164 D.
1647 2136 1792 2176 Scriptor
1812 2140 1949 2179 exponit
1974 2141 2008 2171 in
2030 2140 2099 2174 alio

1194 2176 1356 2225 {ejusdem
1383 2181 1454 2214 libri
1478 2182 1581 2223 capite
1598 2206 1607 2220 ,
1637 2183 1748 2217 multis
1770 2196 1908 2219 conatus
1931 2187 2100 2223 ostendere

1193 2219 1198 2281 l
1213 2231 1432 2265 sardicensem
1447 2231 1618 2273 synodum
1631 2245 1697 2267 non
1723 2235 1814 2268 fuisse
1828 2236 2071 2272 OEcumenicam
2086 2263 2098 2279 ,

1193 2290 1197 2322 ι
1214 2283 1264 2315 seu
1277 2281 1449 2314 dumtaxat
1462 2282 1713 2315 occidentalem
1728 2307 1738 2323 ‚
1768 2286 1818 2317 seu
1835 2285 2097 2323 patriarchalem

1192 2324 1313 2376 {solius
1335 2329 1527 2365 Occidentis
1549 2356 1555 2362 .
1585 2332 1662 2374 Ejus
1688 2333 1843 2367 canones
1865 2335 2010 2371 adfirmat
2038 2350 2097 2372 nec

1193 2379 1197 2425 ξ
1213 2381 1230 2414 a
1245 2379 1609 2422 constantinopolitana
1619 2407 1629 2422 ,
1661 2394 1720 2417 nec
1732 2383 1750 2417 ὲ
1765 2383 2024 2420 Chalcedonenfi
2039 2390 2097 2430 Sy-

1193 2431 1322 2470 inodo,
1354 2440 1414 2463 nec
1447 2430 1488 2464 ab
1510 2431 1705 2473 Imperatore
1729 2434 1911 2477 Justiniano
1939 2437 2032 2471 fuiffe
2044 2438 2097 2471 ad-

2117 2113 2184 2152 Cap.
2205 2122 2230 2148 3.

1192 2477 1321 2514 ⁸mifl‘os
1345 2505 1356 2520 ‚
1393 2481 1427 2514 &
1454 2481 1656 2524 prosequitur
1683 2495 1692 2526 3
1733 2489 1873 2518 Attamen
1907 2489 2035 2525 synodus
2062 2495 2095 2520 in

1213 2531 1310 2563 Trullo
1331 2538 1501 2574 congregata
1521 2531 1770 2573 Constantinopoli
1793 2561 1803 2575 ,
1830 2542 1861 2567 in
1881 2535 1936 2579 sua
1959 2538 2098 2571 collectio-

1214 2592 1248 2614 ne
1281 2578 1404 2623 describi
1430 2581 1510 2621 jufflt
1533 2586 1668 2615 canones
1694 2584 1886 2628 sardicenses
1911 2612 1921 2626 ,
1960 2589 1993 2622 (9‘
2016 2595 2094 2621 inter

1192 2635 1195 2662 i
1214 2631 1263 2664 bot
1273 2636 1364 2662 etiam
1386 2631 1448 2663 illos
1470 2639 1532 2664 tres
1551 2656 1562 2672 ,
1589 2637 1642 2674 qui
1661 2635 1705 2666 ad
1726 2635 1868 2678 Episcopi
1890 2640 2019 2669 Romani
2043 2648 2095 2669 au-

1213 2681 1377 2715 c‘loritatcm
1383 2687 1539 2723 pertinent
1551 2708 1556 2714 .
1586 2684 1692 2715 Verum
1712 2696 1770 2716 non
1781 2697 1815 2718 ca
1831 2686 1896 2727 fuit
1908 2687 1996 2726 huius
2007 2690 2092 2724 syno-

1213 2734 1243 2763 di
1255 2742 1357 2770 mens,
1381 2741 1413 2764 ut
1423 2732 1788 2774 proptereajurisdic‘iioni
1802 2739 1928 2769 Romani
1953 2736 2091 2780 Episcopi

1209 2781 1381 2824 submittere
1391 2783 1515 2814 voluerit
1532 2783 1745 2823 appellationes
1767 2784 1977 2827 Episcoporum
1988 2811 1998 2826 ‚
2026 2797 2092 2820 cum

1212 2838 1245 2864 in
1254 2831 1356 2865 eadem
1365 2831 1521 2865 collet‘lione
1531 2832 1660 2872 existant
1673 2837 1809 2867 canones
1818 2833 1956 2877 s‘ecundae
1990 2837 2091 2874 synodi

1211 2881 1403 2916 OEcumem’cae
1430 2906 1440 2920 ,
1466 2890 1557 2924 atque
1573 2888 1644 2915 item
1665 2895 1783 2926 quartae
1807 2909 1816 2924 ,
1843 2897 1912 2928 quae
1938 2891 2091 2927 unicuique

1214 2930 1399 2965 Patriarchae
1423 2930 1589 2974 supremum
1614 2932 1719 2966 barum
1756 2933 1909 2976 causarum
1939 2937 2089 2975 judicium

1209 2981 1410 3025 commiserunt
1422 3006 1429 3013 .
1459 2982 1552 3014 Nihil
1563 2994 1630 3026 ergo
1643 2984 1730 3016 aliud
1739 2987 1831 3016 voluit
1843 2985 1986 3017 Trullana
2006 2988 2091 3024 syno-

1210 3034 1266 3066 dus
1278 3057 1288 3073 ‚
1313 3035 1403 3074 quam
1423 3031 1587 3071 ostendere,
1612 3044 1750 3073 quaenam
1778 3033 1941 3067 auctoritas
1957 3038 2087 3068 Romano

1189 3116 1191 3123 Ι
1211 3082 1345 3123 Pontifici
1366 3089 1510 3122 competat
1539 3079 1630 3123 insito
1643 3082 1856 3116 patriarchatu
1870 3107 1881 3122 ,
1905 3086 1989 3125 cujus
2011 3085 2086 3116 limi-

274 3125 327 3161 his
338 3125 462 3160 ver-bis:
493 3129 577 3160 Data
588 3127 707 3161 licentia
719 3153 728 3166 ‚
754 3138 785 3161 ut
791 3133 939 3170 judicium
956 3141 1146 3165 renovaretur
1187 3127 1192 3173 ξ
1209 3131 1288 3164 tibus
1310 3130 1544 3172 circumscribunt
1561 3132 1733 3172 potestatem
1758 3138 1785 3165 ei
1810 3133 1959 3176 quaefitam
1979 3140 2011 3166 in
2023 3137 2087 3166 Ca-

274 3182 308 3210 in
331 3179 492 3210 Provincia
514 3201 520 3208 .

274 3238 439 3271 quaquam
451 3227 651 3269 praevaricata
664 3227 708 3261 est
723 3228 758 3260 N
762 3231 890 3265 icaenam
902 3256 911 3271 ,
939 3229 979 3264 de
1001 3231 1090 3274 cujus
1112 3235 1145 3265 in

274 3276 503 3321 Apostolicam
515 3275 630 3310 sedem
643 3279 819 3312 reverentia
833 3280 941 3315 scribit
959 3280 999 3315 ad
1012 3280 1137 3315 Thessa⁴

275 3326 325 3360 liae
347 3326 525 3369 Episcopus
549 3325 732 3360 Bonifacius
754 3324 874 3371 primus
886 3331 1063 3365 Pontifex:
1090 3336 1144 3364 Ni*

273 3386 358 3412 cana
379 3378 506 3415 synodus
517 3378 634 3418 aliquid
648 3375 741 3419 supra
756 3388 821 3411 eum
833 3403 845 3420 ,
870 3381 983 3425 utique
995 3381 1144 3417 Santstum

371 3425 563 3469 christ-Lupi
574 3431 661 3470 oper.
674 3430 790 3461 TomV.

561 3176 691 3211 Etenim
713 3178 900 3215 sardicensis
922 3183 1074 3223 Synodus
1094 3193 1135 3215 ne
1187 3174 1191 3213 l
1209 3181 1331 3213 nonibur
1343 3180 1574 3220 sardicensibus.
1606 3184 1681 3215 Tum
1691 3189 1782 3215 etiam
1805 3193 1838 3215 ut
1849 3183 2001 3222 ostendant
2018 3194 2084 3215 eam

1208 3230 1410 3263 audacitatem
1430 3231 1473 3264 illi
1484 3231 1626 3263 tributam
1641 3230 1691 3274 iffi
1704 3256 1715 3272 ,
1742 3244 1799 3264 non
1812 3234 1832 3264 ᾰ
1844 3232 1972 3265 Concilio
1983 3236 2087 3265 Nicat-

1209 3293 1245 3314 no
1258 3304 1268 3319 ‚
1290 3278 1348 3323 sed
1368 3282 1387 3312 ἃ
1411 3279 1588 3314 sardicensi.
1618 3281 1660 3314 Et
1674 3281 1785 3324 probat
1807 3280 1874 3315 haec
1897 3293 1937 3315 ex
1949 3282 2084 3324 Joannis

1209 3331 1343 3363 Zonatae
1365 3330 1405 3364 ad
1418 3331 1515 3366 istum
1538 3331 1708 3365 Canonem
1722 3330 1847 3365 scholio
1868 3344 1875 3363 ε
1905 3337 2010 3373 Neque
2035 3330 2083 3364 hic

1212 3385 1314 3414 Canon
1325 3381 1344 3413 ἃ
1357 3384 1486 3416 Nicaena
1497 3383 1604 3421 synodo
1618 3383 1717 3415 editus
1723 3380 1789 3423 fuit
1802 3406 1814 3424 ,
1822 3392 1913 3425 neque
1924 3381 1968 3414 ad
1977 3378 2081 3421 ipsum,

1651 3429 1681 3463 C
1702 3442 1722 3466 c
1919 3430 2035 3474 utique
