2366 3756
140 722 211 760 Cap.
232 731 260 758 7.

142 2434 204 2467 Lib.
225 2446 253 2467 ι.

387 186 456 234 40

320 255 485 300 puilia-vit,
511 263 560 286 nee
585 259 717 287 notorum
741 258 852 294 accepit
868 275 879 290 ,
898 250 929 292 fi
943 251 1022 294 fflios
1044 250 1206 285 haberent.

815 164 1740 215 V1crott1'sSEcuNn1

1272 256 1325 285 tiae
1335 275 1346 292 ‚
1371 259 1435 285 tum
1447 250 1673 289 eunuchorum,
1700 247 2160 293 tumfaemiliariumfibimulier·
2218 227 2245 248 ‘l

323 305 427 352 Qod
454 303 558 346 ipsum
585 303 626 337 de
652 303 831 337 Antonino
857 299 943 340 Pio,
968 301 1003 335 &
1029 301 1208 337 Antonino
1272 302 1430 343 cularum,
1458 313 1525 343 quae
1544 302 1678 335 maxime?
1698 300 1765 334 huic
1786 302 1953 341 imperabat
1975 326 1987 342 ‚
2023 303 2162 344 undique

321 351 527 396 Philosopho
543 353 652 388 scribit
667 350 768 393 Julius
780 349 1007 393 Capitolinus.
1035 352 1078 385 Et
1089 352 1129 386 de
1143 363 1208 395 per·

261 426 268 434 -
321 404 430 438 tinace
451 402 621 446 Augusto:
652 404 760 444 Legem
783 401 871 440 tulit,
897 410 930 434 ut
942 400 1118 441 testamenta
1128 410 1207 443 prio·

321 465 360 487 ra
379 465 436 486 non
452 452 539 494 prius
563 449 649 493 essent
674 455 765 483 irrita
778 474 788 490 ‚
813 452 907 494 quam
932 451 995 484 alia
1016 452 1149 493 perfidia
1157 450 1201 496 es-

317 501 386 548 sent
407 526 418 542 ,
454 511 531 534 neve
555 501 589 533 ob
614 499 666 533 boc
703 498 806 542 F2'fi‘u5
833 501 994 545 aliquando
1015 501 1184 545 succederet
1197 527 1204 535 .

320 550 442 595 Ipseque
459 549 599 593 professus
619 550 658 590 est
679 551 787 584 nullius
809 548 843 594 se
867 552 1022 585 aditurum
1048 552 1206 587 haredita-

319 610 400 643 tem,
425 610 491 643 quae
511 609 565 633 aut
585 601 758 634 adulatione
778 600 904 643 alicujus
924 601 1026 635 delata
1036 602 1123 645 effer,
1149 612 1203 635 aur

317 652 370 685 lite
386 650 556 692 perplexa,
582 659 616 683 ut
628 651 753 694 legitimi
772 650 906 685 baeredes
928 653 963 684 eb·
975 652 1135 695 necessariis
1140 658 1205 695 pri-

318 710 467 735 vorentur
486 723 494 732 .
521 699 703 743 Addiditque
728 699 981 745 senatusconsulto
999 700 1063 735 haec
1090 702 1203 736 verba:

313 749 454 784 sandius
474 747 532 791 est,
560 751 671 785 Patres
691 748 879 794 conscripti,
905 756 1021 793 inopem
1033 753 1205 794 Rempubli-

313 810 381 834 cam
400 799 532 835 obtinere
557 823 569 841 ,
594 802 686 843 quam
712 803 757 834 ad
781 802 962 836 divitiarum
983 803 1125 835 cumulum
1144 810 1203 844 per

315 848 518 894 discriminum
541 859 629 894 atque
638 852 807 885 dedecorum
819 849 1125 895 vestigiapervenire.
1148 851 1200 887 Ex

315 900 435 945 quibus
462 900 548 935 lucet
559 912 677 936 omnes
685 899 744 935 has
762 901 981 936 institutiones
993 901 1085 935 fuisse
1095 911 1198 945 capta-

314 959 364 984 tas
383 948 423 984 ab
445 951 548 985 avaris
570 949 802 998 Principibus,
826 950 965 995 ideoque
982 951 1075 986 fuisse
1088 953 1199 997 populi

313 999 532 1043 expilationes
551 1010 648 1045 atque
670 1003 799 1045 rapinas
818 1026 825 1034 .
863 1001 956 1035 Hinc
986 1001 1066 1036 item
1090 1002 1198 1043 lucet,

313 1049 403 1092 quod
423 1050 570 1096 litigiosa
590 1052 679 1088 bona
700 1050 809 1096 Regio
830 1051 928 1085 Fisco
949 1076 960 1093 ,
986 1062 1043 1087 aut
1067 1053 1168 1087 etiam
1189 1077 1199 1094 ,

313 1099 404 1143 quod
430 1098 509 1136 hinc
544 1100 623 1137 inde
660 1102 829 1136 consuevit
848 1126 858 1142 ,
899 1100 1047 1137 Ecclesiae
1074 1103 1202 1147 legare,

309 1159 410 1193 ,atque
437 1150 482 1185 ita
508 1152 568 1186 suo
591 1152 792 1196 competenti
812 1151 961 1187 suscitare
988 1153 1201 1186 adversarium

311 1198 563 1244 irrefragabilem
578 1225 589 1241 ,
614 1201 651 1234 fit
672 1202 800 1236 facinus
813 1213 883 1236 non
895 1200 1024 1237 tantum
1037 1201 1078 1236 ab
1090 1202 1201 1239 Eccle-

310 1248 430 1283 fiastica
461 1251 580 1294 pietate
614 1262 670 1286 aut
705 1251 894 1288 Christiana
925 1251 1112 1294 charitate,
1146 1251 1200 1287 sed

309 1299 410 1338 etiam
437 1300 456 1333 ὸ,
481 1300 613 1345 pagana
639 1301 762 1344 justitia
786 1302 951 1337 alienum.
1137 1299 1141 1301 “

362 1348 406 1383 Et
427 1350 520 1385 dietis
530 1351 652 1393 rapinis
676 1362 745 1385 non
769 1352 920 1385 contenti
940 1351 1079 1394 quidam
1098 1350 1201 1394 Impe-

239 1406 243 1407 ’
308 1405 471 1439 peratores
492 1422 503 1438 ,
538 1399 612 1431 aliis
636 1399 766 1442 insuper
791 1398 915 1432 artibus,
939 1399 973 1431 in
1001 1397 1202 1432 haereditates!

304 1442 385 1480 >sunt
411 1447 559 1492 grassati.
586 1447 771 1493 Qomodo
793 1448 886 1481 enim
908 1447 1009 1482 Caius
1019 1447 1175 1490 Caligula
1190 1473 1200 1488 ,

309 1494 426 1540 Nero,
453 1495 690 1534 Domitianus,
714 1504 815 1536 atque
834 1493 1029 1527 Antoninus
1038 1495 1199 1528 Commo-

299 1543 372 1578 ·dus
392 1543 583 1578 authentica.
609 1543 800 1577 testamenta
812 1553 852 1576 ex
864 1542 992 1577 frivolis
1003 1543 1200 1578 caufisexuf-

310 1593 441 1634 flarint,
466 1591 533 1635 jam
555 1592 755 1627 audivimus.
782 1593 875 1627 Hinc
895 1592 1045 1636 proceffit
1063 1594 1096 1628 δε
1118 1593 1200 1635 issa,

309 1653 368 1687 per
387 1642 594 1677 Pertinacem
614 1645 731 1677 cassata
744 1666 755 1683 ‚
781 1643 835 1677 lex
856 1654 929 1685 quae
949 1642 1013 1686 jam
1025 1644 1198 1685 perfeetum

310 1692 542 1727 testamentum
561 1703 616 1735 per
625 1693 756 1727 alterius
767 1692 1017 1727 inchoationem
1031 1691 1174 1727 irritabat
1188 1717 1199 1734 ‚

311 1752 411 1786 atque
431 1742 478 1775 ita
497 1741 718 1777 haereditatem
739 1742 835 1777 istam
852 1741 1044 1777 devolvebat
1066 1742 1108 1777 ad
1134 1743 1200 1776 Fis-

310 1802 407 1826 cum.
434 1791 529 1841 Qin
551 1792 584 1826 ἀ
605 1790 646 1825 de
666 1793 789 1828 Caesare
811 1792 984 1837 Augusto,
1010 1792 1100 1836 quod
1126 1791 1200 1827 illu-

311 1842 385 1876 stris
406 1841 468 1876 viri
483 1841 562 1877 Titi
579 1841 674 1876 Vinii
695 1841 924 1877 testamentum
947 1842 993 1876 ob
1012 1852 1115 1886 opum
1133 1853 1200 1877 ma-

313 1891 521 1937 gnitudinem
544 1892 692 1931 caffarit,
715 1903 812 1936 atque
839 1892 874 1926 in
894 1892 1025 1926 Fiscum
1036 1892 1200 1936 transcrip-

313 1942 388 1976 serit
401 1967 412 1982 ‚
439 1941 549 1976 scribit
566 1942 603 1975 in
620 1942 727 1986 primo
745 1941 967 1977 Historiarum
977 1942 1066 1977 libro
1075 1942 1199 1979 Corne-

314 1991 376 2026 lius
396 1991 540 2026 Tacitus
560 2017 567 2025 .
595 1992 647 2025 Ex
668 2002 735 2035 quo
756 1993 850 2026 fonte
872 1992 1021 2036 proceffit
1039 1993 1073 2027 δε
1094 1993 1198 2027 multa

268 2037 279 2047 ⁶
315 2042 351 2076 in
373 2039 578 2077 Christianos
600 2042 806 2076 carnificina.
836 2042 971 2076 Etenim
997 2043 1086 2084 quod
1104 2042 1199 2077 Gale.-

315 2092 382 2127 tius
404 2092 634 2132 Maximinus,
660 2101 728 2124 non
751 2101 882 2135 propter
905 2091 1025 2132 fidem,
1053 2093 1107 2126 sed
1128 2103 1198 2136 pro-

316 2150 387 2186 pter
411 2141 644 2186 opulentorum
670 2139 864 2182 patrimonia
876 2141 1017 2174 moverit
1027 2142 1122 2174 nobis
1132 2152 1198 2183 per-

313 2191 517 2224 secutionem
536 2212 550 2228 ,
573 2187 707 2221 testatur
730 2187 766 2221 in
804 2187 1024 2222 Ecclefiastica
1051 2189 1198 2223 Historia

313 2237 496 2273 Anastasius
517 2235 790 2271 Bibliothecarius
802 2262 809 2269 .
837 2237 943 2284 Qtod
958 2237 1064 2280 ipsum
1082 2238 1124 2271 de
1143 2239 1199 2272 Li-

314 2289 405 2324 cinio
423 2286 577 2332 Augusto
600 2287 749 2320 asseverat
773 2285 809 2319 in
835 2286 951 2330 magni
986 2286 1199 2320 Constantini

314 2340 383 2373 vita
410 2337 567 2372 Eusebius
592 2336 791 2371 Caesarienfis
828 2335 1008 2379 Episcopus
1027 2360 1038 2376 ,
1076 2336 1199 2371 addens

315 2388 411 2433 ipsius
427 2388 556 2432 rapinas
574 2387 668 2422 fuiffe
687 2385 874 2429 Martyrum
899 2383 1077 2419 haeredibus
1094 2410 1106 2427 ,
1142 2394 1198 2419 aut

315 2439 373 2473 ubi
400 2438 449 2472 illi
475 2438 649 2472 deficerent
670 2460 682 2478 ‚
719 2435 870 2471 Ecclefiis
905 2436 924 2470 a
950 2435 1085 2470 laudato
1111 2435 1202 2470 Con-

142 2486 173 2508 ‘·
190 2487 235 2508 ²¹·
252 2482 299 2513 3⁵·
318 2488 462 2524 stantino
479 2488 657 2523 restitutas.

145 2521 194 2555 36-

148 2629 212 2663 nb.

237 2640 261 2669 5.

367 2539 498 2573 Malum
515 2538 652 2582 profecit
665 2536 764 2573 etiam
776 2535 816 2571 ad
827 2535 986 2581 quosdam
998 2533 1202 2570 Christianos

319 2588 533 2633 Imperatores
545 2613 552 2621 .
579 2588 713 2623 Etenim
723 2587 765 2622 de
777 2586 923 2621 Arcadio
935 2585 1087 2630 Augusto
1100 2609 1111 2626 ‚
1121 2596 1202 2619 uxo·

318 2650 353 2674 re
373 2640 442 2683 ejus
455 2638 626 2679 Eudoxia,
655 2649 693 2672 ac
702 2637 837 2672 reducto
853 2636 894 2670 ad
908 2634 1106 2670 Cathedram
1127 2636 1202 2670 sin·

318 2690 372 2723 ἂο
392 2690 519 2734 Joanne
531 2687 768 2731 Chrysostomo
778 2685 887 2722 scribit
897 2685 1082 2729 Zozymus:
1101 2687 1202 2729 joan·

320 2749 371 2772 nes
393 2737 530 2783 reversus
555 2740 660 2772 eadem
677 2737 852 2778 meabat,
889 2734 1044 2778 confimiles
1070 2741 1104 2768 in
1128 2735 1202 2769 Urbe

322 2791 465 2823 tumultus
486 2794 610 2822 excitati
629 2811 639 2819 .
681 2787 813 2830 Utique
838 2784 1071 2821 concionando
1098 2786 1131 2819 in
1160 2785 1202 2820 vi-

323 2838 369 2873 tia
395 2837 609 2883 imperatricis
628 2862 636 2869 .
663 2838 922 2870 Calumniatorum
941 2836 1013 2869 vero
1037 2838 1117 2868 natio
1141 2846 1202 2868 ma-

321 2892 371 2932 gis
387 2912 399 2929 ‚
423 2891 515 2932 quam
538 2886 663 2922 antebac
688 2897 841 2929 unquam,
866 2887 951 2919 velut
971 2884 1143 2926 inundans,
1168 2887 1202 2919 <y

325 2938 481 2973 Eunuchos
507 2939 620 2972 aulicos
643 2938 784 2981 perpetuo
801 2936 921 2978 stipans
934 2959 945 2975 ‚
961 2934 993 2976 fi
1006 2944 1072 2977 quis
1090 2936 1205 2976 opulen-

326 2997 377 3021 tus
399 2995 467 3023 vita
477 2990 647 3028 decederet,
671 2989 738 3029 ejus
744 2987 910 3029 facultates
921 2984 1098 3024 nuntiabat,
1124 2983 1210 3027 quast

329 3036 400 3070 nulli
420 3039 504 3072 liberi
528 3040 582 3073 vel
597 3043 713 3082 cognati
736 3036 886 3077 exstarent
905 3060 913 3068 .
952 3038 1030 3067 Hinc
1049 3032 1203 3077 Rescripta

331 3089 484 3129 Principis
508 3088 743 3129 adferebantur,
769 3085 873 3129 quibus
895 3083 985 3123 buius
991 3088 1205 3126 patrimonium

329 3136 375 3171 illi
395 3138 478 3171 tradi
489 3136 651 3179 jubebatur
663 3162 670 3170 .
696 3135 986 3171 simulbaerednaies
995 3133 1056 3167 illis
1063 3134 1204 3168 cedebant

331 3192 382 3228 qui
406 3199 457 3220 eas
472 3192 646 3229 petiverant
658 3211 669 3228 ,
694 3186 880 3227 adstantibus
889 3189 1010 3218 interim
1018 3183 1121 3216 liberis
1136 3209 1147 3223 ,
1170 3185 1206 3218 δ’

328 3242 465 3277 parentes
476 3248 539 3270 cum
554 3243 667 3280 gemitu
685 3234 926 3279 implorantum.
955 3236 1087 3276 Denique
1092 3233 1223 3290 ſsmpli-j

331 3289 405 3318 citer
425 3285 499 3317 nibil
517 3297 581 3321 erat
599 3288 676 3330 quod
695 3297 751 3320 non
771 3287 909 3320 lamentis
929 3284 1062 3326 impleret
1073 3285 1182 3325 oppida
1193 3308 1203 3323 ‚

331 3339 428 3368 cuivis
438 3341 575 3377 municipi
597 3339 810 3371 detrimentum
830 3342 947 3376 praeter
975 3340 1117 3367 rationem
1137 3333 1205 3375 affe-

332 3394 401 3417 rent
419 3409 427 3417 .
455 3388 540 3417 Nam
558 3395 622 3418 cum
642 3389 784 3427 Princeps
805 3384 936 3418 extreme
949 3382 1072 3423 stolidus
1093 3408 1104 3425 ,
1140 3394 1204 3417 con-

326 3435 389 3474 jux
400 3435 466 3478 ejus
472 3432 567 3479 supra
570 3433 675 3479 sexum
686 3446 828 3480 arrogans
838 3456 850 3474 ,
874 3432 1083 3477 &insatiabili
1102 3438 1205 3468 avari-

2199 353 2217 368 ¹!

1272 352 1396 384 addic‘t'a
1418 352 1487 394 effet
1503 375 1514 392 ,
1548 358 1647 385 vitam
1682 351 1810 384 omnibus
1831 350 1966 384 acerbam
1988 352 2162 393 reddebat,

1270 402 1344 435 adeo
1366 403 1486 444 quidem
1507 411 1543 435 ut
1562 401 1695 443 modestis
1719 400 1887 434 bominibus
1907 411 1996 435 morte
2022 402 2101 435 nihii
2115 400 2162 446 es·

1265 450 1311 495 set
1333 453 1510 494 optabilius.
1535 452 1574 486 ln
1601 451 1703 487 hocce
1723 453 1841 486 vitium
1866 451 2068 486 declamabat
2079 452 2161 487 San-

1270 503 1337 535 ‹stus
1358 502 1521 546 Ioannes,
1545 502 1687 547 ideoque
1706 500 1825 536 meruit
1847 500 2161 544 deportari‘denuo,

1269 562 1306 585 ac
1330 552 1365 585 in
1387 553 1537 586 aerumnis
1568 553 1652 587 mori
1677 578 1684 586 .
1724 553 1798 586 Scio
1821 550 2005 594 Zozymum
2032 550 2099 586 effe
2122 550 2161 585 in

1268 611 1382 636 omnes
1411 602 1616 638 Christianos
1642 602 1855 647 Imperatores
1879 601 2078 637 maledicum
2098 598 2161 635 Pa-

1267 662 1391 695 ganum
1407 676 1419 692 ‚
1445 652 1586 697 ideoque
1605 663 1673 687 non
1694 653 1798 687 solum
1822 649 2002 687 Arcadium
2032 650 2066 686 ὅ(
2093 650 2161 686 Ειι·

1266 700 1402 737 doxiam
1425 701 1465 737 de
1488 702 1665 738 stoliditate
1679 703 1713 738 ὅ(
1734 701 1887 740 avaritia,
1911 702 1965 736 sed
1988 704 2024 740 δε
2047 701 2159 737 lauda-

1266 761 1337 788 tum
1364 753 1525 795 Ioannem
1549 752 1591 786 de
1625 752 1819 788 tumultibus
1855 749 1896 783 ab
1933 751 2002 795 ipso
2041 753 2158 797 argui:

1266 801 1342 836 Hac
1365 811 1476 837 tamen
1499 803 1534 836 in
1560 813 1649 846 parte
1680 801 1893 844 adstipulatur
1916 802 1947 835 ei
1981 802 2016 835 in
2048 801 2157 836 Sansti

1268 850 1445 896 Epiphanii
1465 852 1533 887 vita
1570 851 1730 896 Polybius
1755 851 1994 886 Rhinocuturae
2021 851 2156 897 Episco-

1264 911 1345 944 pus,
1372 901 1686 942 affirmansnobilis‚
1707 901 1878 946 improli8‚
1903 913 1940 936 ac
1951 901 2050 936 delati
2065 925 2075 942 ‚
2102 901 2157 937 sed

1264 951 1414 986 nondum
1426 952 1551 993 auditi,
1576 951 1676 997 longe
1686 951 1972 992 minusdamnati,
1993 952 2027 985 in
2041 952 2170 996 Cypro'

1265 1001 1329 1036 viri
1352 1002 1549 1037 Faustiniani
1572 1000 1789 1037 haereditatem
1822 1002 1916 1036 fuisse
1945 1002 2090 1037 invasam
2113 1001 2156 1036 ab

1271 1050 1441 1087 Arcadio.-
1467 1053 1510 1086 Et
1529 1050 1571 1087 de
1592 1052 1705 1087 invaso
1727 1051 1922 1096 Callitropes
1947 1051 2050 1085 viduae
2073 1061 2156 1097 agro

1265 1111 1344 1135 nota
1365 1102 1411 1138 est
1433 1101 1599 1137 Historia.
1624 1100 1727 1152 Quid
1748 1102 1879 1137 interim
1892 1103 1909 1135 a
1930 1101 2065 1136 laudato
2078 1102 2157 1146 Epi·
2171 1090 2244 1129 ΟΨ·
2261 1087 2310 1127 5³·

1265 1149 1389 1193 phanio
1410 1161 1577 1196 correptus
1589 1150 1749 1187 Arcadius
1758 1151 1960 1187 Faustiniani
1973 1151 2156 1187 viduaered-

1263 1199 1380 1236 diderit
1403 1201 1517 1237 omnia
1530 1226 1542 1242 ,
1567 1200 1658 1236 addit
1674 1201 1826 1236 laudatus
1839 1199 2018 1246 Polybius.
2046 1201 2090 1236 Et
2108 1212 2156 1236 ra-

1264 1261 1297 1284 ra
1315 1251 1389 1286 sunt
1408 1254 1447 1286 in
1477 1251 1674 1287 Christianis
1695 1251 1947 1296 Imperatoribus
1966 1251 2082 1287 similia
2106 1261 2155 1287 ra·

1263 1301 1413 1343 pacitatis
1435 1302 1607 1345 exempla.

1313 1350 1441 1386 Verum
1455 1352 1608 1392 Barbari,
1627 1351 1689 1396 qui
1701 1351 1892 1387 Romanum
1904 1351 2012 1395 postea
2038 1349 2155 1386 lacera-

1265 1407 1340 1431 runt
1352 1397 1529 1441 Imperium
1541 1420 1552 1436 ,
1577 1400 1686 1442 Reges
1702 1401 2005 1441 resump-seruntista
2015 1400 2130 1434 omnia.
2144 1423 2158 1441 ‚

1263 1447 1298 1482 ὅτ.
1319 1448 1392 1483 fasti
1416 1446 1597 1483 Christiani
1615 1446 1761 1490 quaedam
1770 1449 1993 1483 retinuerunt.
2020 1449 2157 1483 Etenim

1262 1494 1303 1527 de
1325 1495 1527 1538 Charegifilo
1548 1496 1708 1537 sigeberti
1722 1498 1920 1530 Francorum
1933 1497 2037 1540 Regis
2047 1499 2156 1531 Secre-

1263 1541 1368 1582 tario,
1394 1543 1504 1578 scribit
1525 1543 1659 1577 Samstus
1681 1543 1861 1588 Gregorius
1888 1544 2097 1580 Turonensis
2110 1546 2154 1580 E-

1262 1592 1429 1636 piscopus:
1458 1592 1655 1638 Charegifilus
1671 1593 1738 1637 fuit
1756 1595 1834 1628 levis
1844 1603 1949 1636 opere,
1969 1601 2081 1639 gravis
2106 1606 2153 1629 cu-

1257 1643 1409 1683 piditate,
1434 1649 1602 1684 competitor
1619 1655 1719 1676 rerum
1739 1645 1904 1678 alienarum
1926 1669 1937 1686 ‚
1965 1645 2154 1683 testamento-

1260 1701 1378 1735 rumque
1396 1692 1533 1733 effracffor
1552 1718 1562 1734 ,
1601 1699 1647 1726 cui
1667 1694 1740 1727 talis
1754 1693 1824 1736 fuit
1846 1701 1924 1729 vitae
1954 1701 2054 1728 exitus
2067 1719 2079 1736 ,
2114 1704 2150 1729 ue

1263 1753 1318 1774 non
1341 1751 1499 1776 mereretur
1520 1744 1703 1777 voluntatem
1722 1750 1878 1786 propriam
1890 1754 1982 1779 morte
1991 1750 2150 1779 imminen—

1259 1799 1291 1824 te
1309 1793 1446 1833 complere
1461 1816 1472 1833 ,
1498 1798 1549 1835 qui
1566 1795 1691 1827 aliorum
1703 1796 1873 1827 voluntater
1894 1793 1978 1838 [εμὲ
2000 1794 2150 1835 destruxe-

1258 1849 1310 1873 rat
1331 1866 1337 1873 .
1366 1842 1442 1876 Fuit
1462 1845 1551 1877 enim
1572 1843 1591 1877 a
1613 1842 1731 1877 ficariis
1749 1843 1925 1878 infeliciter
1944 1843 2145 1879 trucidatus.
2207 1884 2215 1887 -

1260 1891 1304 1924 Et
1335 1892 1369 1924 in
1400 1892 1522 1936 quintae
1543 1891 1723 1928 parisiensis.
1746 1892 1874 1937 Synodi
1899 1893 2149 1929 confirmator-io

1262 1941 1381 1975 Edicto
1396 1941 1507 1977 statuit
1528 1942 1716 1978 Clotharius
1741 1944 1902 1978 secundus
1915 1957 1928 1978 .·
1969 1947 2149 1986 Cuicumque

1262 1990 1396 2032 defiim‘ib
1408 2016 1419 2032 ,
1437 1991 1471 2035 fi
1485 1993 1641 2032 intestatus
1665 1993 1830 2037 deceperit,
1851 1998 2014 2036 propinqui
2038 1992 2148 2036 absque

1263 2047 1474 2083 contrarietate,
1483 2045 1516 2087 J
1518 2045 1636 2076 udicum
1651 2048 1684 2076 in
1706 2046 1771 2085 q'us
1786 2041 1937 2085 facultate
1940 2045 2038 2084 juxta
2053 2046 2148 2087 legem

1257 2089 1415 2134 succedant
1436 2116 1445 2124 r
1471 2092 1594 2137 Legem
1620 2094 1735 2137 utique
1759 2093 1947 2128 Romanam
1973 2117 1980 2124 .
2017 2093 2148 2138 Nempe

1263 2140 1487 2176 intestatorum
1508 2141 1706 2177 haereditates
1730 2142 1788 2177 sibi
1817 2144 1944 2186 Iudices
1954 2152 2147 2186 rapuerant,

1263 2197 1320 2220 aut
1346 2189 1472 2223 fuerant
1499 2191 1609 2232 partiti
1632 2203 1707 2226 cum
1731 2192 1841 2236 Regio
1854 2194 1968 2228 Fisco.
1997 2191 2150 2227 Necvio·

1264 2235 1366 2269 lentia
1391 2238 1454 2270 fuit
1479 2247 1560 2273 tunc
1585 2239 1680 2282 plene
1704 2240 1882 2280 exstinsta,
1906 2251 1962 2274 aut
1987 2241 2065 2274 sane
2090 2251 2147 2284 po·

1263 2283 1328 2317 stea
1350 2285 1465 2318 revixit
1477 2309 1485 2317 .
1507 2287 1639 2320 Etenim
1663 2289 1705 2321 de
1722 2289 1909 2324 Hincmaro
1921 2289 2077 2324 Remenfl
2087 2291 2149 2325 Ar-

1263 2332 1469 2378 chiepiscopo
1495 2335 1606 2369 scribit
1634 2336 1669 2369 in
1694 2335 1836 2377 ejusdem
1861 2338 2008 2371 Eceiefiae
2033 2338 2148 2374 Histo-
2189 2375 2195 2381 ,

1264 2383 1308 2416 ria
1333 2383 1504 2428 Presbyter
1527 2382 1746 2420 Flodoardus:
1777 2389 1959 2419 Hinemarus
1979 2388 2148 2422 Amalberto
2165 2374 2232 2405 ω’·
2253 2382 2281 2414 5·
2297 2383 2325 2409 Ψ·

1265 2432 1368 2472 illustri
1386 2437 1495 2466 comiti
1509 2432 1624 2477 scripfit
1641 2434 1856 2477 proinjustitiae
1869 2460 1880 2475 ‚
1906 2447 1996 2479 quam
2004 2439 2148 2470 audierat
2166 2423 2212 2445 ²⁶*

1266 2494 1330 2516 eum
1353 2488 1386 2516 in
1406 2481 1459 2527 fito
1479 2485 1659 2528 perpetraffe
1673 2486 1807 2526 ‚iudicia
1831 2487 1973 2528 exigendo
1995 2498 2043 2520 res
2056 2483 2148 2530 agiu}

1262 2533 1333 2565 dam
1359 2533 1508 2576 interfelli
1528 2534 1567 2568 ab
1586 2546 1639 2574 eo,
1665 2541 1717 2577 qui
1737 2532 1900 2577 secundum
1919 2537 2147 2573 commendatio-

1263 2593 1331 2616 nem
1355 2582 1441 2625 ipfius
1464 2595 1515 2617 eas
1539 2589 1575 2617 in
1599 2584 1678 2617 illius
1706 2582 1908 2627 eleemofimam
1933 2584 2146 2627 distribuerat,

1258 2631 1484 2676 perhorrescens
1507 2635 1590 2676 quod
1609 2632 1792 2674 Christianus
1816 2635 1850 2667 Θ
1867 2635 2024 2668 moriturus
2035 2637 2147 2670 admit·

1264 2692 1325 2716 tere
1346 2684 1423 2717 ralia
1449 2695 1509 2717 non
1531 2692 1719 2726 expaverat,
1748 2689 1860 2717 timens
1883 2687 1938 2717 Dei
1950 2684 2146 2727 futurumju-

1263 2733 1393 2766 dicium.
1422 2733 1595 2781 Qispiam
1622 2745 1662 2767 ex
1683 2731 1795 2767 lethali
1821 2733 1952 2768 vulnere
1973 2735 2145 2770 defun-stus

1263 2784 1485 2826 nuncupativo
1509 2782 1701 2818 testamento
1722 2783 1903 2817 instituerat
1916 2795 2086 2828 pauperes,
2107 2785 2145 2821 δε

1264 2833 1351 2875 piam
1372 2831 1458 2867 hanc
1481 2833 1683 2868 voluntatem
1708 2833 1815 2868 amico
1854 2835 1915 2867 suo
1937 2835 2145 2870 commiserat

1261 2882 1485 2925 exequendam
1507 2907 1519 2923 ,
1559 2883 1616 2927 qui
1640 2883 1674 2918 <Sc
1700 2883 1762 2917 fuit
1784 2893 1938 2917 executus
1959 2909 1966 2916 .
1996 2883 2042 2919 At
2067 2892 2145 2920 ecce

1263 2929 1471 2967 Amalbertus
1497 2934 1616 2968 Comes
1641 2932 1834 2972 interceffit,
1860 2933 2029 2968 exsuflavir
2051 2933 2146 2970 testa-

2169 1577 2309 1620 Libuffa·

2169 1627 2216 1656 51.

1263 2991 1412 3017 mentum
1437 2981 1544 3023 istud,
1570 2982 1757 3017 defundium
1783 2984 1927 3018 tractavit
1952 2983 2145 3018 utiintesta-

1262 3041 1333 3066 tum
1353 3055 1364 3071 ,
1392 3033 1425 3067 &
1445 3034 1535 3076 pium
1563 3043 1771 3067 executorem
1803 3033 1966 3076 compulit
1992 3031 2033 3068 ad
2059 3032 2145 3068 resti·

1262 3082 1382 3116 tuenda
1403 3083 1516 3117 omnia
1529 3106 1540 3122 ,
1566 3094 1636 3126 quae
1662 3094 1776 3117 manus
1799 3094 1973 3126 pauperum
1994 3083 2145 3125 deporta-

1263 3140 1373 3165 verant
1391 3133 1427 3166 in
1451 3133 1583 3166 Coelum
1596 3157 1605 3165 .
1630 3134 1772 3167 Facinus
1786 3132 1870 3168 istud
1893 3144 1960 3166 non
1973 3131 2078 3166 solum
2093 3132 2145 3166 di·

1264 3180 1350 3215 vinis
1368 3193 1407 3218 ac
1429 3181 1580 3216 humanis
1595 3182 1720 3227 legibus
1739 3207 1751 3223 ,
1787 3183 1840 3217 sed
1875 3181 1974 3216 etiam
2008 3182 2144 3216 suorum

1265 3230 1395 3276 Regum
1417 3230 1660 3275 capitularibus
1686 3232 1843 3268 adversari
1868 3230 2022 3265 clamavit
2036 3231 2143 3266 Hinc-

1263 3291 1392 3323 marus,
1417 3292 1513 3326 atque
1537 3282 1582 3316 ita
1609 3282 1715 3324 lucet,
1741 3294 1809 3317 non
1828 3278 2039 3315 clotharium
2049 3281 2143 3314 dum-

1265 3341 1374 3371 taxat,
1403 3331 1455 3366 sed
1474 3331 1573 3366 etiam
1596 3331 1923 3375 CarolumMagnum
1934 3340 1972 3364 ac
1983 3331 2053 3373 ejus
2065 3331 2141 3364 Suc-

1247 3360 1399 3489 lcessores
1428 3380 1470 3416 ad
1502 3381 1708 3418 evertendam
1736 3382 1830 3416 istam
1852 3378 2028 3415 barbariem
2049 3379 2143 3416 fuisse

1267 3431 1450 3477 compulsos
1459 3456 1467 3466 .

1982 3479 2092 3515 Etiam
