2366 3756
600 133 643 182 C
677 149 710 180 o
744 151 777 182 N
810 151 839 182 c
875 152 892 182 1
928 151 952 181 L
987 150 1005 181 1
1041 151 1068 179 υ
1107 152 1137 180 M

146 250 153 258 .
215 222 479 273 post‘synodum
504 222 832 265 chalcedonensem,
858 222 970 257 scribit
987 220 1101 256 eadem
1163 228 1320 263 mittatis,
1346 223 1459 257 &cum
1472 220 1613 267 consensu
1633 226 1791 260 &litteris
1812 225 1918 268 velitis
1931 239 2000 263 eum
2012 230 2060 263 ad

1210 136 1711 185 Romanum..

1924 152 1986 204 71

214 276 423 322 AEgyptiaca
449 275 604 319 synodus
629 302 640 317 ‚
669 277 832 311 affirmans
858 273 903 308 ita
929 272 1058 316 praecipi
1083 271 1101 306 a
1167 275 1427 316 Metropolitanum
1436 273 1618 318 Episcopum
1628 285 1664 309 ac
1673 276 1860 322 Coepiscopos
1874 278 1963 322 ipsus
1974 283 2058 313 Diae-

213 327 351 363 Panum
365 327 506 372 Regulis
524 327 702 371 &antiqua
725 324 985 365 consuetudine,
1012 323 1104 358 ideo·

214 389 279 422 que
305 377 452 420 populari
490 377 649 412 violentia
684 375 847 410 intrusum
874 371 1102 408 Timotheum

215 427 375 462 AElururn
402 427 583 473 supplicans
604 427 653 461 uti
676 435 858 470 tyrannum
878 424 998 468 expelli
1021 449 1030 456 .
1059 424 1103 458 Et

211 476 320 518 hanc,
350 476 429 521 quae'
444 477 625 513 innumeris
653 475 853 511 testimoniis
877 486 975 521 atque
994 485 1104 509 exem·

212 529 277 572 plis
300 528 422 563 firmari
441 527 538 571 poffit
560 551 572 567 ,
598 526 746 571 eligendi
777 527 918 561 formam
943 523 1103 561 stabilivit

209 579 371 622 Synodus
385 576 617 618 Laodicenfis,
644 576 872 620 Metropolitae
892 578 926 612 ὃς
938 577 1102 620 Compro—

39 630 127 663 012·
152 636 197 664 ¹3·
211 629 408 663 vincialium
433 627 651 673 Collegarum
666 627 795 673 judicio
819 627 979 662 mandans
1000 626 1101 661 creati

41 2755 92 2796 Ep.
116 2765 158 2787 ιι.

212 678 415 722 Episcopos‚
442 678 652 722 ipsorumque
674 677 872 713 electionem
891 676 1102 722 popularibus

211 728 314 765 turbis
337 740 408 763 non
432 729 575 772 permitti
597 753 605 762 .
631 727 858 763 Tumultuosa
879 729 914 763 &
937 728 1100 772 conspira-

209 779 297 814 toria
318 779 556 813 acclamatione
567 787 691 814 certum
713 778 772 814 fibi
785 779 985 823 Episcopum
997 789 1099 823 popu-

211 830 264 863 lus
284 828 484 873 quandoque
497 828 717 872 postulaverat
729 854 741 871 ,
766 839 864 874 atque
880 828 921 865 ad
935 829 1030 864 illum
1042 829 1099 863 eli-

210 880 358 925 gendum
384 879 419 913 δε
445 878 506 913 sibi
531 879 678 915 dandum
713 881 856 926 cogebat
897 879 1098 924 Episcopos.

214 930 321 963 Hunc
341 927 479 963 abusum
504 930 660 973 Synodus
680 929 817 966 damnat
838 957 846 963 .

211 978 328 1013 invitis
337 978 486 1013 dandum
501 980 704 1026 Episcopum
718 1006 728 1022 ,
755 982 809 1015 sed
822 981 933 1022 Cleri,
961 981 1074 1025 populi
1088 1005 1098 1021 ,

209 1039 252 1064 ac
272 1029 412 1064 Ordinis
430 1030 626 1065 consensum
648 1043 687 1066 ac
708 1031 904 1067 desiderium
917 1031 982 1066 effe
995 1030 1100 1076 tequi-

210 1079 353 1114 rendum
386 1079 508 1125 scripfit
527 1080 569 1116 ad
591 1081 788 1117 Viennensis
814 1093 852 1117 ac
877 1080 1101 1117 Narbonensis

212 1128 399 1164 Provinciae
422 1130 603 1176 Episcopos
624 1133 757 1167 Sanetus
779 1132 938 1167 Pontifex
961 1131 1102 1167 Caelesti-

212 1190 277 1214 nus
303 1204 314 1220 ,
341 1178 471 1224 Apuliae
493 1181 528 1216 δε
554 1182 715 1217 Calabriae
738 1182 910 1227 Episcopis
932 1183 1020 1226 juffit
1045 1182 1102 1217 do-

178 1248 183 1271 ι,
211 1229 357 1266 cendum
381 1242 419 1266 ac
429 1231 620 1268 ducendum
644 1234 680 1268 in
691 1233 757 1268 hoc
768 1236 906 1280 negotio
916 1233 1078 1277 populum
1092 1257 1102 1274 ‚

213 1290 286 1315 non
306 1281 509 1325 sequendum
535 1308 542 1315 .
571 1282 684 1319 Etiam
721 1285 942 1319 Sacro-sancta
964 1283 1101 1318 Nicaena

156 1358 162 1368 .
214 1329 370 1373 Synodus
380 1329 513 1365 statuit:
541 1332 721 1377 Episcopum
733 1341 871 1369 convenit
892 1334 932 1367 ab
942 1334 1078 1368 omnibus
1092 1359 1102 1376 ‚

213 1378 346 1424 quisunt
357 1386 389 1414 in
402 1384 566 1415 Provincia
577 1407 588 1423 ,
611 1384 768 1427 Epiftoprs
782 1387 917 1417 ordinari
931 1408 938 1414 .
962 1386 992 1415 51
1002 1393 1104 1417 autem

212 1429 265 1463 hoc
283 1432 400 1472 difficile
420 1431 541 1472 fuerit,
566 1432 664 1465 tribus
687 1441 788 1465 tamen
813 1433 990 1466 omnimodis
1014 1438 1048 1466 in
1069 1435 1106 1466 id

212 1477 308 1522 ipsum
329 1480 574 1513 convenientibus
590 1505 602 1520 ,
631 1483 666 1514 Θ
688 1481 861 1523 absentibus
884 1493 998 1522 quoque
1018 1489 1102 1522 pari-

212 1528 299 1561 modo
310 1526 555 1566 decernentibus,
581 1529 617 1560 Θ
623 1536 681 1568 per
685 1527 804 1569 scripta
827 1527 1077 1570 consentientibus
1091 1552 1102 1568 ,

210 1585 281 1610 tunc
293 1577 455 1609 Ordinatio
474 1574 653 1609 celebretur.
681 1575 848 1620 Loquitur
870 1577 1043 1621 praesertim
1061 1575 1102 1611 de

211 1626 473 1661 Consecratione
486 1652 493 1659 .
525 1626 619 1675 Qin
643 1636 755 1661 tamen
767 1626 867 1662 etiam
880 1626 921 1661 de
939 1627 1102 1661 elediione

210 1675 387 1720 loquatur,
415 1686 486 1711 non
507 1675 553 1710 est
568 1674 792 1712 dubitandum
805 1703 812 1710 .
841 1677 1008 1722 Loquitur
1026 1687 1101 1711 cum

209 1725 302 1770 supra
312 1726 454 1761 laudatis
471 1726 581 1761 Sanffl
594 1726 757 1771 Cypriani
771 1727 891 1762 litteris
901 1751 912 1767 ,
940 1728 1104 1762 affirman-

209 1776 301 1811 tibus
321 1776 448 1811 Sabino
468 1777 510 1811 de
523 1776 681 1812 universae
700 1777 914 1813 fraternitatis
925 1777 1102 1822 suffragio,

210 1822 247 1862 &
267 1825 310 1860 de
332 1826 574 1871 Episcoporum
587 1852 598 1869 ,
625 1827 682 1872 qui
707 1827 741 1862 in
755 1827 920 1873 praesentia
943 1838 1102 1862 convene-

209 1885 308 1917 rant,
333 1876 439 1919 &qui
452 1875 600 1911 absentes
620 1878 663 1912 de
673 1888 715 1912 eo
728 1879 851 1913 litteras
861 1879 1029 1919 fecerant,
1054 1877 1102 1922 ju·

209 1926 305 1961 dicio
328 1925 421 1962 fuiffe
453 1926 603 1962 delatum
627 1927 865 1973 Episcopatum
888 1954 895 1962 .
925 1929 1103 1972 Episcopo-

208 1987 282 2011 rum
304 1974 465 2018 judicium
487 1976 663 2022 distinguit
683 1989 801 2014 contra
825 1978 916 2013 Cleri
940 1979 974 2013 ὅ(
989 1978 1102 2023 populi

209 2026 421 2071 suffragium.
450 2027 646 2073 Eademque
666 2027 771 2074 phrasi
784 2030 880 2063 usum
904 2028 1105 2063 fuitConci-

208 2077 293 2111 lium
315 2076 566 2112 Laodicenum.
595 2078 698 2121 Vox,
721 2080 908 2125 judicium,
936 2079 1023 2123 apud
1043 2078 1104 2113 Pa-

207 2135 273 2161 tres
300 2128 428 2162 nostros
466 2126 669 2173 importabat
701 2129 879 2164 decifivum
916 2130 1101 2165 calculum.

209 2177 294 2223 Qae
305 2177 479 2220 disprlina
494 2202 507 2218 ‚
531 2177 620 2221 apud
633 2179 769 2212 Graecos
792 2180 917 2219 semper
929 2179 1103 2219 permanfit

210 2225 472 2259 constantissima
494 2248 506 2264 ,
533 2226 621 2268 apud
649 2236 712 2257 nos
736 2225 876 2259 Latinos
905 2237 974 2259 non
1002 2225 1102 2259 item.

212 2274 312 2308 Circa
322 2274 455 2318 Damasi
474 2283 531 2308 aut
542 2273 650 2308 Siricii
662 2272 839 2307 Pontificis
851 2283 998 2316 tempora
1009 2297 1021 2314 ‚
1050 2286 1104 2309 ne-

211 2323 331 2357 scimus
351 2334 394 2356 ex
404 2333 474 2365 quo
498 2321 685 2366 principio,
710 2322 860 2366 eligendi
882 2323 1039 2367 Episcopi
1049 2334 1105 2357 au-

212 2372 343 2407 &oritas
355 2372 392 2406 in
404 2371 563 2405 Civitatis
575 2370 712 2405 Cletum
732 2371 767 2405 δε
780 2371 941 2415 populum
963 2373 1028 2407 fuit
1040 2383 1103 2409 tra-

212 2423 308 2457 ducta
320 2447 327 2455 .
353 2421 463 2466 Ipsam
473 2420 665 2466 Episcopis,
681 2419 772 2464 quod
785 2420 903 2456 Clerus
914 2423 948 2457 ἅτ
961 2423 1102 2467 populus

213 2484 283 2507 non
295 2472 369 2507 raro
380 2471 595 2506 abuterentur
604 2494 615 2510 ,
641 2472 810 2506 restituere
821 2481 942 2507 conata
953 2474 1102 2518 frequen-

212 2532 261 2557 ter
280 2521 327 2557 est
351 2521 527 2556 Gallicana
548 2521 710 2562 Ecclesia,
742 2522 917 2565 praesertim
938 2523 1100 2560 celebrata

213 2571 300 2615 apud
321 2572 474 2606 Sanstam
496 2571 647 2607 Macram
668 2571 845 2614 synodus,
871 2583 915 2607 ex
939 2573 1030 2617 cujus
1041 2586 1101 2610 no-

213 2622 304 2657 mine
314 2621 465 2658 adversus
478 2621 696 2657 Belluacenfis
709 2621 858 2657 Ecclefiae
874 2622 1012 2659 abusum
1025 2626 1100 2660 scri·

213 2673 273 2716 psit
293 2670 334 2706 ad
357 2672 567 2707 Ludovicum
588 2673 724 2708 tertium
749 2673 953 2709 Francorum
969 2675 1099 2721 Regem

214 2723 418 2758 Hincmarus
437 2723 654 2768 Metropolita
676 2723 846 2759 Remenfis
870 2737 877 2757 :
905 2726 1035 2760 Relellis
1057 2738 1099 2761 co-

213 2784 283 2806 ram
303 2773 457 2814 omnibus,
483 2780 534 2818 qui
553 2774 719 2816 adsuerunt
740 2798 751 2815 ,
773 2772 873 2818 sacris
896 2777 1072 2811 canonibus
1087 2803 1098 2819 ,

210 2822 372 2867 secundum
396 2822 513 2867 easdem
528 2823 635 2868 sacras
659 2826 735 2869 leges
756 2824 955 2865 constituimus
967 2826 1097 2871 defigna-

216 2883 264 2908 tos
289 2885 328 2907 ex
338 2880 452 2908 nomine
474 2874 594 2908 dilei‘ios
597 2874 718 2917 fratres
743 2876 778 2910 Ca·
791 2876 979 2911 venerabiles
993 2882 1097 2922 Coepi-

212 2923 314 2968 scopos
340 2923 471 2966 nostros,
491 2932 546 2967 per
565 2936 639 2968 quos
661 2925 768 2967 vestrae
791 2929 996 2961 Dominationi
1016 2930 1098 2964 litte·

216 2986 270 3007 ras
297 2975 486 3016 direximus,
512 2981 545 3008 in
556 2974 659 3018 quibus
671 2981 749 3010 inter
759 2984 867 3010 caetcra
876 2976 940 3012 baec
949 2985 1097 3014 continen-

217 3032 266 3058 tur
288 3049 295 3056 .
324 3028 363 3057 Ut
377 3023 448 3065 ficut
475 3023 572 3067 sacrae
594 3026 670 3071 leges
696 3028 731 3060 Θ
750 3029 871 3073 Regulae
891 3034 1096 3072 pra-cipiunt,

218 3071 449 3116 Archiepiscopis
472 3074 672 3119 &Episcopis
698 3078 964 3113 collimitanearum
986 3082 1097 3115 Dioece·

209 3123 287 3166 fium
306 3124 472 3157 electionem
492 3127 643 3161 concedere
662 3127 825 3172 dignemini
848 3154 860 3170 ,
886 3138 922 3163 ut
941 3131 1097 3165 undecum-

215 3185 273 3216 que
290 3172 454 3218 secundum
468 3173 602 3216 formam
623 3179 798 3222 Regularem
818 3179 965 3214 echionis
981 3206 992 3222 ,
1021 3185 1098 3226 Epi-

210 3222 296 3266 scopi
318 3225 406 3257 talem
426 3225 540 3269 eligant
552 3250 564 3266 ,
590 3233 641 3270 qui
661 3230 695 3262 (9
704 3227 820 3272 sanllae
831 3230 965 3274 Ecclefiae
986 3234 1072 3267 utilis
1086 3258 1096 3274 ,

214 3275 251 3307 ὁ*
267 3278 366 3319 Regno
382 3276 529 3317 proficuus
543 3301 553 3317 ‚
581 3278 616 3311 o·
628 3277 712 3311 vobis
729 3279 831 3322 fidelis
841 3293 876 3314 ac
885 3283 1011 3316 devotus
1028 3287 1098 3317 Coo·

212 3331 335 3365 perator
360 3325 489 3366 existat.-
515 3329 561 3359 Et
581 3324 825 3370 consentientibus
850 3333 936 3366 Clero
960 3334 994 3368 (rt
1010 3334 1098 3376 plebe

216 3383 280 3409 tum
303 3375 388 3409 vobis
410 3377 588 3418 adducant,
617 3376 818 3420 &secundum
840 3382 1035 3424 ministerium
1047 3396 1096 3418 ve-

213 3422 306 3463 strum
315 3437 365 3461 res
389 3426 595 3469 &facultates
607 3427 741 3471 Ecclefiae
760 3429 934 3474 dispofitioni
945 3436 1010 3477 eius
1023 3446 1097 3469 com·

873 931 945 980 Qii
970 929 1109 965 nulium*

1163 321 1252 366 ceseos
1276 348 1287 365 ,
1314 329 1365 366 qui
1390 336 1454 358 eum
1480 326 1619 360 ordinare
1643 325 1750 360 debent
1771 352 1782 367 ,
1809 328 2031 374 transmittatis
2044 356 2054 363 .

1163 373 1263 407 Hanc
1283 375 1346 407 esse
1365 374 1488 409 avitam
1508 398 1519 414 ,
1545 388 1646 420 quam
1680 377 1715 411 δε
1735 378 1872 414 Nicaena
1897 381 2058 424 Synodus

1169 423 1380 458 confirmavit
1392 447 1403 464 ,
1429 424 1578 469 eligendi
1597 427 1737 463 formam
1749 429 1863 464 multis
1886 430 2054 466 ostendit.

1166 473 1316 510 Eandem
1341 473 1510 508 restituere
1530 484 1651 509 conata
1672 476 1719 510 est
1744 480 1857 515 octava
1875 481 2033 524 Synodus
2046 507 2056 516 .

1165 522 1292 559 Verum
1314 524 1383 559 fine
1392 524 1508 559 effectu
1522 549 1529 556 .
1557 523 1664 572 Qod
1686 525 1790 569 ipsam
1812 531 1921 571 quoad
1935 531 2060 567 Roma-

1167 573 1204 608 ni
1214 573 1390 609 Pontificis
1402 573 1609 610 Elestionem
1622 575 1775 619 repararit
1795 573 1858 611 hac
1869 580 1904 612 in
1917 581 2059 625 Synodo

1167 624 1331 659 Nicolaus
1351 623 1533 666 secundus,
1564 626 1702 670 quidam
1724 626 1919 663 existimant
1942 645 1953 664 .-
1980 632 2062 667 Exi.

1167 674 1300 710 stimant
1321 675 1441 719 partim
1464 686 1644 720 reparatam
1668 700 1680 717 ‚
1707 677 1828 720 partim
1852 679 2060 716 mutilatam.

1166 726 1317 761 Romani
1338 725 1515 761 Pontificis
1535 726 1744 762 Elestionem
1756 751 1769 768 ‚
1796 728 1901 764 totius
1920 732 2062 773 mundi,

1166 788 1205 811 ac
1231 777 1382 812 Romani
1418 776 1589 822 praesertim
1615 776 1861 813 Patriarchatus
1887 780 2063 826 Episcopis

1165 837 1407 872 competentem
1420 839 1463 863 ex
1474 829 1615 873 antiquo
1629 825 1774 863 Oanone
1785 852 1796 869 ,
1822 828 2064 873 &jampridem

1166 878 1349 914 traductam
1367 878 1410 914 ad
1432 878 1540 914 solum
1567 878 1731 915 Romanae
1756 878 1908 915 Ecclesia:
1924 880 2064 917 Clerum

1165 929 1370 973 &populum
1382 955 1393 971 ,
1420 929 1612 965 existimant
1637 929 1717 964 solis
1728 928 1963 965 Cardinalibus
1981 930 2064 975 Epi-

1166 979 1276 1024 scopis
1297 980 1630 1023 apraesentiCanone
1653 980 1849 1024 adscriptam
1863 1005 1871 1014 .
1897 980 2003 1015 Hunc
2025 981 2063 1015 in

1165 1029 1295 1064 sensum
1309 1030 1476 1074 accipiunt
1497 1029 1565 1065 haec
1580 1030 1770 1074 Apostolici
1783 1031 1921 1067 Decreti
1937 1031 2036 1066 verba
2050 1043 2064 1066 .-

1167 1079 1367 1125 Religiofiffimi
1390 1085 1479 1122 viri,
1506 1080 1701 1116 Cardinales
1724 1081 1906 1125 Episcopi,
1935 1083 2066 1116 Praedu·

1165 1142 1210 1165 ces
1222 1129 1327 1172 sintin
1352 1133 1562 1173 promovenda
1585 1132 1739 1173 Pontificis
1754 1131 1907 1167 Electione
1920 1155 1931 1172 ,
1956 1134 2067 1176 reliqui

1165 1191 1287 1223 autem,
1315 1179 1431 1225 utique
1444 1179 1639 1216 Cardinales
1659 1180 1817 1216 &omnis
1835 1194 1914 1218 cum
1937 1183 2067 1227 populo

1168 1232 1252 1267 alius
1278 1230 1397 1267 Clerus
1418 1256 1430 1274 ,
1451 1230 1594 1275 sequaces
1623 1243 1631 1263 :
1661 1232 1742 1266 Hoc
1769 1231 1816 1266 est
1837 1256 1849 1272 ‚
1875 1232 1966 1267 aliud
1993 1243 2067 1267 non

1166 1284 1287 1326 poffint
1307 1293 1408 1327 quam
1446 1282 1565 1318 fastam
1588 1280 1797 1317 Eieffionem
1826 1283 1885 1317 suo
1910 1282 2069 1328 suffiagio

1169 1332 1386 1378 comprobare
1399 1358 1406 1367 .

1218 1384 1268 1417 At
1288 1382 1389 1426 longe
1411 1381 1503 1417 aliud
1524 1383 1661 1416 edicunt
1683 1381 1751 1416 haec
1765 1382 1912 1425 ejusdem
1925 1383 2068 1417 Deci-eti

1168 1431 1289 1466 verba:
1316 1432 1501 1466 Cardinales
1524 1430 1669 1476 Episcopi
1693 1432 1910 1476 diligentifflme'
1929 1431 2017 1474 simul
2029 1434 2068 1467 do

1168 1482 1305 1514 eleEione
1328 1481 1501 1514 tradentes
1512 1504 1524 1518 ,
1549 1492 1620 1512 mox
1632 1480 1744 1520 Christi
1762 1482 1892 1515 clericos
1911 1485 2071 1516 Cardina·

1167 1529 1211 1560 les
1231 1526 1419 1567 adhibeant,
1443 1527 1538 1570 sicque
1560 1530 1692 1570 reliquus
1705 1530 1811 1562 Clerus
1838 1532 2008 1572 &populus
2024 1533 2071 1566 ad

1166 1574 1332 1620 consensum
1353 1587 1444 1610 novae
1462 1575 1610 1611 elec‘lionis
1631 1579 1769 1612 accedat.
1801 1579 1953 1622 Exponit
1965 1581 2000 1614 in
2014 1580 2071 1615 ad-

1168 1624 1273 1661 duciis
1300 1626 1342 1661 ad
1355 1626 1545 1661 Cadaloum
1567 1627 1685 1663 litteris
1704 1629 1838 1663 Sanetus
1861 1629 1978 1665 Petrus
2000 1631 2073 1666 Da-

1167 1676 1272 1711 miani
1285 1701 1292 1707 .
1319 1680 1449 1711 Romani
1471 1677 1632 1721 Pontificis
1656 1678 1770 1714 Eiecito
1788 1688 1844 1722 per
1856 1679 2072 1725 Epist-oporam

1167 1729 1385 1762 Cardinalium
1402 1727 1474 1770 fieri
1485 1729 1574 1762 debet
1592 1731 1762 1772 principale
1769 1731 1942 1771 judicium,
1965 1730 2072 1774 secun-

1168 1778 1205 1810 do
1215 1778 1276 1811 loco
1287 1779 1363 1820 jure
1373 1778 1482 1812 Clerus
1489 1779 1609 1821 praebet
1620 1779 1764 1824 assensum
1778 1805 1790 1821 ,
1815 1786 1903 1814 tertio
1909 1783 2068 1824 popularis

1158 1827 1260 1872 favor
1269 1828 1380 1863 attollit
1390 1828 1571 1873 applausum
1579 1854 1586 1862 .
1616 1829 1656 1864 In
1669 1830 1806 1865 edendis
1816 1831 1953 1866 Senatus
1963 1832 2068 1867 -Con·

1167 1877 1260 1912 sultis
1281 1902 1293 1919 ‚
1319 1877 1569 1922 acldecidendis
1594 1879 1671 1915 aliis
1692 1879 1898 1924 Reipublicae
1921 1882 2069 1928 negotiis

1166 1929 1317 1963 Romani
1343 1928 1427 1964 olim
1448 1929 1614 1965 Consules
1635 1929 1825 1966 habuerunt
1847 1931 1971 1976 duplex
1994 1932 2064 1976 jus.

1166 1978 1318 2013 Primum
1341 1979 1404 2014 fuit
1425 1980 1544 2015 relatio
1567 1981 1623 2015 seu
1645 1982 1845 2026 propositio,
1871 1982 1914 2017 de
1924 1994 1989 2027 qua
2001 1982 2066 2017 Po-

1166 2029 1295 2073 lybius:
1325 2033 1372 2064 De
1383 2035 1422 2063 iis
1449 2042 1518 2074 quae
1542 2030 1744 2066 deliberanda
1766 2032 1960 2074 incumbunt,
1985 2033 2067 2076 refe-
2114 2064 2119 2070 .

1167 2089 1239 2114 runt
1262 2079 1425 2124 Consules,
1451 2080 1559 2124 ipsique
1569 2081 1744 2126 universam
1758 2087 1951 2118 Decretorum
1974 2086 2067 2118 Sena·
2089 2063 2188 2096 L¹b‘⁶'

1165 2138 1217 2163 tus
1238 2136 1386 2163 rationem
1401 2130 1575 2173 gubernant
1590 2156 1598 2164 .
1624 2133 1680 2168 De
1691 2133 1909 2176 Praetoribus,
1939 2135 2067 2170 Tribu-

1166 2179 1218 2212 nis
1234 2202 1246 2217 ,
1269 2177 1448 2221 designatis
1469 2179 1676 2214 Consulibus
1698 2205 1710 2220 ‚
1737 2183 1874 2226 aliisque
1895 2184 2066 2227 Reipubli-

1166 2238 1209 2261 cae
1221 2226 1423 2261 Primatibus
1443 2227 1559 2262 scribit
1571 2229 1608 2262 in
1622 2228 1810 2265 Annalium
1834 2231 1927 2266 libris
1938 2233 2066 2269 Corne⁶

1167 2275 1234 2310 lius
1247 2276 1413 2309 Tacitus:
1440 2275 1568 2310 Licebat
1577 2279 1724 2312 Patribus
1737 2304 1748 2320 ,
1775 2286 1889 2322 quoties
1895 2284 1952 2323 jus
1967 2285 2066 2318 dicen-

1166 2327 1216 2358 dae
1233 2323 1394 2368 sententiae
1413 2327 1586 2370 accepissent
1605 2352 1616 2368 ,
1642 2339 1712 2371 quae
1735 2331 1849 2363 vellent
1872 2339 2063 2376 expromere,

1168 2376 1402 2418 relationemque
1428 2380 1462 2410 in
1489 2388 1527 2411 ea
1547 2376 1695 2420 pistulare
1721 2404 1728 2411 .
1755 2379 1927 2417 postulare
1953 2407 1965 2424 ,
1991 2394 2061 2419 non

1165 2427 1287 2461 facere.
1315 2428 1347 2461 A
1362 2426 1441 2460 solis
1451 2426 1657 2463 Consulibus
1680 2430 1745 2473 ipsa
1756 2431 1826 2465 fieri
1848 2442 1998 2475 poterat,
2024 2436 2062 2470 δε

1163 2476 1229 2511 fine
1247 2488 1285 2511 ea
1299 2475 1430 2512 nullum
1451 2477 1581 2521 valebat
1597 2479 1652 2514 edi
1665 2480 1804 2516 Senatus
1815 2500 1827 2507 -
1839 2482 2040 2520 Consultum
2051 2510 2059 2518 .

1163 2527 1258 2561 Hinc
1284 2525 1357 2570 post
1403 2526 1542 2563 relatum
1567 2528 1650 2564 Paeti
1672 2528 1832 2567 Thrazeae
1869 2532 1904 2567 in
1935 2535 2059 2571 Senatu

1161 2576 1322 2621 judicium
1363 2579 1474 2624 pergit
1494 2579 1585 2614 idem
1605 2579 1749 2616 Tacitus
1769 2597 1780 2618 .·
1807 2586 1920 2629 Magno
1945 2585 2059 2630 affensu
2107 2618 2112 2623 ,

1161 2627 1309 2662 celebrata
1324 2625 1498 2671 sententia.
1527 2635 1602 2664 Non
1624 2640 1728 2666 tamen
1739 2634 2058 2679 Senatus-Considium
2081 2617 2143 2651 ω’
2158 2629 2204 2657 ¹5·

1157 2677 1259 2721 perfici
1265 2683 1388 2720 potuit,
1413 2680 1616 2715 abnuentibus
1629 2681 1809 2726 Consulibus
1829 2696 1865 2718 ea
1879 2687 1915 2718 de
1936 2697 1970 2720 re
1979 2688 2061 2720 rela-

1164 2737 1246 2762 tum.
1273 2727 1330 2762 Ad
1353 2739 1425 2773 quae
1444 2730 1542 2765 verba
1567 2731 1681 2766 scribit
1705 2732 1813 2778 Jussus
1827 2733 1973 2778 Lipfius3
2001 2740 2054 2770 Li-

1162 2779 1256 2823 cuiffet
1277 2781 1343 2824 ergo
1366 2780 1545 2825 Consulibus
1568 2782 1680 2824 referre
1707 2795 1743 2818 ea
1753 2785 1792 2818 de
1812 2795 1845 2819 re
1865 2786 1910 2818 ad
1920 2788 2055 2829 Patres,

1156 2827 1215 2872 sed
1245 2834 1283 2866 iis
1309 2832 1401 2864 aliter
1424 2829 1524 2875 vificm
1551 2857 1558 2863 .
1579 2835 1614 2879 J
1616 2844 1653 2866 us
1671 2834 1828 2868 relationis
1860 2844 1963 2870 autem
1983 2844 2053 2870 erat

1156 2878 1230 2923 solis
1252 2879 1430 2924 Consulibus
1454 2893 1463 2915 :
1490 2886 1560 2916 Nec
1573 2881 1638 2925 fine
1659 2884 1800 2918 relatione
1821 2886 1926 2929 perfici
1947 2893 2051 2929 potuit

1159 2931 1249 2964 ullum
1271 2932 1395 2966 Senatus
1416 2931 1591 2976 Consultum
1611 2959 1618 2966 .
1646 2936 1716 2969 Ideo
1738 2934 1918 2979 Vespafiano
1938 2936 2049 2980 conces-

1154 2979 1224 3024 sum
1236 3004 1247 3021 ‚
1271 2990 1304 3016 ut
1315 2987 1342 3016 ei
1351 2984 1496 3017 senatum
1507 2982 1635 3023 habere,
1659 2987 1836 3020 relationem
1854 2986 1978 3028 facere,
2004 2999 2051 3021 re-

1158 3036 1274 3066 mittere
1298 3034 1416 3067 liceret.
1444 3034 1514 3068 Ideo
1533 3032 1723 3078 sequentibus
1745 3036 1937 3079 Principibus
1959 3036 2047 3072 bono-

1158 3087 1202 3114 ris
1224 3081 1312 3126 causa
1331 3084 1438 3117 datum
1459 3084 1497 3125 est
1509 3085 1568 3125 J‘us
1590 3091 1689 3119 tertiae
1710 3111 1721 3127 ,
1747 3095 1868 3129 quartae
1890 3113 1901 3129 ,
1929 3093 2047 3130 quintae

1160 3133 1330 3174 relationis,
1355 3135 1393 3167 id
1406 3134 1445 3176 est
1458 3158 1469 3175 ,
1495 3146 1544 3168 me
1564 3140 1752 3178 interprete,
1778 3143 1891 3180 quoties
1903 3137 2047 3181 Consules

1160 3180 1214 3224 ipſs
1223 3185 1396 3227 nenessitas,
1422 3195 1484 3219 tres
1494 3184 1684 3220 nibilominus
1696 3211 1708 3228 ,
1734 3197 1860 3230 quatuor
1882 3197 1938 3221 aut
1957 3194 2050 3229 quin-

1158 3242 1214 3276 que
1234 3234 1387 3269 relationes
1390 3234 1498 3277 facere
1514 3235 1628 3279 possent
1640 3260 1652 3278 ,
1678 3246 1740 3281 qua
1761 3239 1798 3272 de
1814 3250 1847 3271 re
1869 3249 1993 3280 cumque
2003 3243 2045 3272 iis

1159 3281 1277 3325 visum·
1307 3285 1449 3331 Augusti
1468 3286 1659 3331 Principes,
1684 3287 1763 3323 licet
1789 3288 2047 3332 Reipublicaeli-

1160 3333 1317 3368 bertatem
1340 3336 1510 3381 insigniter
1529 3336 1697 3373 castrarint
1710 3363 1721 3379 ‚
1748 3337 1852 3374 hocce
1870 3348 1979 3373 tamen
1993 3339 2045 3381 jus

1162 3394 1234 3419 non
1253 3383 1409 3422 abstulere
1420 3387 1644 3428 Consulibus,
1670 3389 1726 3423 sed
1736 3388 1794 3424 fibi
1816 3389 1944 3425 tantum
1956 3397 2047 3422 com-

1162 3435 1391 3472 municarunt.
1419 3437 1464 3473 Et
1485 3436 1619 3484 quidem
1631 3439 1749 3478 Caesari
1772 3437 2042 3486 Augustounicae

1902 3487 1996 3524 dum-

2087 2303 2150 2335 Lib.
2164 2315 2208 2344 ¹3·
