2366 3756
60 1849 201 1893 Liby-c,
235 1835 353 1873 Abbas
372 1836 487 1871 sanstae
498 1835 615 1871 Mariae
636 1834 723 1879 apud
740 1835 992 1880 Novigentum:
1020 1834 1125 1867 instilla

234 1884 340 1932 sanc‘la
362 1884 615 1929 Hierosolymorum
639 1889 777 1919 civitate
801 1894 891 1919 vetus
903 1885 1055 1927 quoddam
1069 1886 1126 1917 m‘i-
1143 1906 1145 1908 -

60 1906 114 1937 37·
131 1900 181 1936 38-

605 200 1671 251 C0N0111u·MR0MA-'N'um·
1895 219 1987 266 115

231 290 351 335 uiffam
363 287 589 333 soiemntzaetaem
604 288 776 324 Batauam
787 290 877 329 Rex,
905 283 1130 330 quieidemsoi*
1177 288 1242 322 Rex
1274 288 1450 322 Balduinus
1467 285 1637 330 fiesceperat
1656 288 1778 331 sceptra
1790 287 1931 335 sequenti
1951 315 1965 332 ,
1988 292 2057 335 ejus

231 344 383 378 minitati
402 338 524 381 affistens
540 347 599 382 pro
620 348 700 375 mor-e
710 341 802 383 Regio
822 334 1087 376 coronatusfuerat
1101 336 1131 376 ,ξ
1174 335 1259 381 fuiffe
1283 339 1415 372 traditur
1439 338 1695 381 dffrultastanta
1706 342 1863 382 miraculi,
1888 347 2058 378 utvixim-

231 395 267 426 in
291 390 398 432 templo
417 391 578 428 Salomonis
593 387 759 431 prandium
779 385 870 430 suum
886 384 1001 427 festive
1019 386 1115 421 &de-

230 442 384 482 tentiffime
405 440 596 485 explevisset,
621 442 793 476 nunciatum
817 436 857 477 est
878 441 925 476 ei,
949 436 1113 474 &catoris

229 493 302 527 aliis
311 497 366 536 qui
374 503 440 528 cum
449 488 511 535 ipso
520 485 637 527 eramus
647 512 659 533 ².
684 493 790 532 ignem
800 485 1012 533 sanc‘iiffimum
1023 490 1119 522 itera«

229 549 262 575 to
280 543 418 580 adventu
437 547 470 577 in
480 538 596 576 duabus
625 537 834 581 lampadibus,
867 549 936 581 quae
945 543 979 574 ln
990 534 1115 579 Ecclefia

228 594 379 631 Domina-t
398 589 535 633 sepulchi
550 588 721 632 pendebant
734 613 746 629 ,
772 589 933 625 Divinitas
956 588 1007 632 effe
1017 599 1117 622 accen-

225 641 412 688 lum-<2¹1⁰
433 641 538 677 audito
556 641 658 677 laudes
681 640 756 676 inde*
765 639 974 682 cunc‘i'ipotenti
990 641 1116 674 Domino

229 693 383 728 renuimus
401 716 409 727 .,
436 694 483 724 Et
510 690 618 734 quibus
654 689 743 723 libuit
757 688 864 730 statim
888 690 1050 733 complures
1072 688 1116 723 ad

229 752 343 776 novum
363 741 536 777 miraculum
555 741 719 778 videndum
744 741 884 776 laetantes
909 743 1107 777 cucurrimus.

230 795 368 834 Denique
389 795 458 825 Rex
478 792 573 827 &alit
595 797 702 828 tumeo
722 788 929 833 nossubfi‘cuti
949 789 1040 833 sunt.
1068 790 1115 823 Et

229 852 298 875 cum
318 848 352 875 in
362 839 486 882 Ecclefia
506 840 730 885 introiiffbmus,
751 841 890 877 vidimus
910 842 993 875 illum
1016 845 1115 884 ignem

231 893 393 928 Divinitas
414 895 446 923 in
467 891 660 933 lampadibus
688 891 833 927 accendi:
860 894 905 926 Et
934 895 1115 927 catervatim

231 946 385 986 unicuique
400 941 537 984 lampadi
548 939 798 986 accensaeplebcm
817 940 935 982 adstare
944 952 1014 976 cum
1024 945 1115 975 cereis

226 990 315 1036 suis,
340 991 393 1027 vel
415 991 608 1026 accendendis
628 992 755 1032 veljam
765 989 886 1037 accenfis
898 1017 908 1032 ‚
928 991 1116 1035 jubilantem

230 1043 296 1076 Deo
308 1045 342 1074 in
352 1050 421 1074 voce
431 1040 623 1077 exultationis
634 1065 641 1077 .,
669 1043 751 1079 Tunc
762 1042 840 1077 alius
853 1042 908 1078 alii
918 1042 1002 1075 corde
1008 1043 1117 1083 jucun·

231 1091 271 1126 do
291 1089 355 1124 baec
374 1089 591 1130 demonstrabat
611 1115 623 1131 ,
648 1091 748 1125 dicens
773 1104 792 1127 εὴ
811 1094 889 1128 Ecce
903 1093 976 1132 jam
993 1090 1116 1133 lampas

231 1146 347 1184 incipit·
361 1142 547 1177 illuminari.
576 1141 661 1175 Alius
682 1140 904 1185 respondebat:
930 1144 1006 1177 Ecce
1027 1142 1117 1175 video

231 1192 385 1234 alteram,
410 1196 443 1223 in
464 1202 524 1233 qua
531 1193 604 1233 jam
627 1191 748 1232 flamma
767 1192 894 1229 rutilat,
922 1193 991 1226 Illic⁴
998 1193 1118 1237 quidem

230 1250 343 1275 cereum
363 1251 459 1278 meum
469 1241 641 1277 illuminabo
652 1266 663 1283 ‚
690 1250 725 1276 tu
736 1250 836 1275 autem
848 1250 933 1278 tuum
944 1241 991 1275 hic
1002 1240 1118 1282 inflant»

233 1301 301 1323 rna.
331 1291 411 1326 Alius
421 1293 529 1336 quippe
539 1291 677 1326 dicebat:
705 1291 859 1335 Adstemus
877 1291 947 1327 huic
955 1293 1096 1333 lampadi
1106 1315 1117 1332 ,

232 1338 477 1383 &exspectemus
495 1339 649 1385 paulisper
656 1365 669 1383 ,
692 1348 805 1378 cumin
823 1353 858 1376 ea
867 1347 948 1385 ignis
962 1341 1116 1385 insurget.

234 1393 348 1425 Nonne
372 1391 486 1425 videns
497 1414 508 1429 ‚
533 1397 605 1434 quia
625 1398 740 1428 caeterae
749 1392 908 1431 lampades
924 1393 994 1430 jam
1004 1390 1121 1431 inflam-

231 1448 328 1473 matae
345 1438 442 1487 sunt?
470 1443 516 1472 Et
528 1441 617 1474 vides
627 1464 638 1481 ,
665 1441 809 1481 quomodo*
827 1443 860 1472 in
871 1440 925 1472 illa
928 1439 1039 1485 fumus
1050 1451 1118 1473 enu-

233 1484 330 1523 bilat.
355 1494 448 1524 Nunc
466 1498 567 1523 autem
572 1489 698 1528 flamma
707 1494 855 1524 exoritur.
887 1492 997 1523 Taliter
1020 1489 1120 1529 Iaetifi·
1140 1495 1143 1499 '

232 1544 318 1572 eavit
327 1541 473 1570 Dominus
478 1537 622 1578 populum
631 1535 719 1577 suum
731 1558 745 1575 ,v
767 1540 822 1577 qui
839 1537 906 1569 dies
915 1544 973 1576 pro
980 1537 1120 1570 miraculo
1140 1538 1142 1540 '

232 1591 298 1619 tam
314 1583 437 1631 glorioso
448 1609 459 1625 ,
481 1587 515 1619 &¹
525 1586 564 1618 de
575 1596 652 1617 more
665 1589 698 1617 in
710 1595 819 1618 morem
827 1591 1002 1626 permutato
1012 1607 1023 1623 ‚
1050 1583 1121 1616 cele-

233 1636 382 1670 berrimus
405 1637 440 1671 ό·
451 1636 630 1671 memorialis
638 1636 660 1667 ei
662 1638 854 1682 generatione
862 1638 895 1666 in
900 1639 1121 1680 generationem

228 1685 422 1732 permanebit
433 1709 441 1718 .

243 1760 246 1763 »
285 1735 378 1771 Idem
388 1734 584 1771 miraculum
597 1734 704 1780 magis
715 1733 825 1770 adhuc
845 1733 983 1768 illustrat
994 1734 1029 1767 in
1041 1732 1123 1776 ejus-

234 1785 311 1822 dem
331 1786 420 1820 Sacri
443 1786 529 1820 Belli
553 1785 701 1820 Historia
725 1783 922 1820 venerabilis
942 1783 1124 1819 Guibertus.

237 1937 370 1971 raculum
393 1937 558 1971 inoleverat
583 1960 591 1969 .
617 1936 714 1979 ‚Quod
733 1943 823 1971 vetus
841 1935 1125 1976 idc·irco‘*dixerim‚

237 1992 312 2030 quia
333 1997 371 2020 ex
383 1997 440 2029 quo
461 1985 626 2028 idemfieri
647 1990 767 2027 caperit
779 2010 791 2029 ‚
815 1984 896 2020 orbis
902 1984 972 2027 fere
994 1987 1126 2020 Latinus

237 2042 356 2082 ignorat
371 2061 378 2069 .
405 2041 446 2070 At
456 2047 507 2069 nos
517 2036 698 2077 conjiciendo
704 2036 920 2078 perpendimus
931 2058 944 2075 ,
969 2038 1040 2077 quia
1049 2032 1126 2077 post-

238 2098 331 2129 quam
351 2088 459 2121 calcari
481 2097 553 2121 ante
564 2085 627 2119 baec
650 2085 747 2129 nostra
758 2093 891 2128 tempora
901 2090 987 2127 coepit
1000 2087 1021 2117 ἃ
1030 2087 1126 2128 genti-

236 2136 294 2171 bus
308 2161 320 2177 ,
344 2138 379 2170 id
400 2145 457 2179 pro
473 2135 596 2180 suorum
616 2142 674 2179 qui
702 2135 745 2168 ibi
768 2135 916 2181 degebant
940 2158 952 2175 ,
973 2141 1031 2176 per
1053 2134 1126 2168 idve
1145 2172 1147 2174 ,

237 2192 381 2228 temporis
400 2185 641 2224 conveniebant,
665 2189 806 2216 annuerit
831 2187 978 2214 Dominus
1000 2193 1008 2212 ε
1036 2180 1129 2223 ,Quod

239 2236 382 2268 videlicet
402 2232 511 2275 inipso
522 2231 660 2275 Pascbali
672 2230 823 2266 sabbatho
842 2232 967 2273 >lampas
980 2233 1127 2265 Dominici

238 2282 390 2325 Sepulchri
415 2283 557 2316 videatur
585 2287 749 2324 quotannis
784 2279 907 2322 aceensa
942 2281 1104 2314 Divinitt'is
1118 2303 1126 2311 .

240 2336 328 2366 Erat
338 2339 438 2366 autem
457 2336 552 2365 moris
561 2336 595 2363 in
603 2331 706 2364 eadem
725 2328 815 2369 urbe,
845 2338 880 2362 ut
892 2333 1052 2363 circumitis
1062 2334 1129 2364 uni·

239 2380 391 2426 versorum
411 2380 529 2414 aedibus
551 2382 670 2424 Pagam·
683 2377 873 2423 singularum
875 2378 960 2420 focos
980 2377 1072 2422 usque
1085 2379 1131 2412 ad

235 2433 377 2477 favillas
400 2429 615 2476 exstinguerent
627 2455 634 2461 .
662 2432 709 2463 Et
718 2438 810 2463 tanta
822 2430 858 2462 id
862 2428 956 2471 fiebat
967 2429 1005 2461 ab
1018 2432 1049 2463 E
1051 2428 1128 2463 thni-

241 2487 287 2515 cit
309 2482 451 2526 indagine
460 2505 472 2522 ,
497 2487 640 2523 quantum
649 2480 684 2512 id
700 2477 796 2522 ipsum
803 2479 970 2521 putabatur
979 2477 1042 2521 fieri
1050 2478 1126 2521 fide·

242 2533 318 2565 lium
323 2531 441 2574 fraude
453 2554 466 2571 ‚
490 2541 549 2564 non
568 2530 651 2573 fide.
679 2530 759 2564 Citm
779 2540 845 2573 ergo
864 2529 916 2563 boc
932 2531 1016 2563 modo
1027 2529 1129 2564 Vulca-
1146 2572 1149 2574 η

242 2593 301 2616 nus
317 2582 509 2615 liminarctur
530 2580 572 2614 ab
590 2580 699 2622 oppido
710 2603 722 2620 ‚
745 2591 783 2614 ea
793 2579 867 2613 hora
886 2591 948 2622 qua
959 2579 1061 2621 noflrae
1072 2583 1128 2613 Re·

242 2632 363 2676 ligionis
382 2628 550 2674 obsequium
557 2629 673 2672 plebem
683 2629 871 2665 Catholicam
888 2628 1013 2675 solemni
1024 2629 1129 2673 Resur-

245 2681 381 2715 reeiionts
400 2682 490 2723 atq'ue
501 2679 718 2724 baptismatum
742 2680 873 2724 interesse
881 2681 1009 2713 mandat
1018 2681 1106 2722 officio
1119 2705 1129 2721 ‚

245 2731 367 2774 vidisses
389 2739 443 2773 per
462 2729 637 2775 universam
649 2731 783 2765 Gentiles
801 2728 925 2775 exsertis
944 2730 1128 2764 mucronibus

246 2780 380 2814 oberrare
391 2780 548 2822 Bafilicam
558 2803 569 2821 ,
594 2789 775 2823 mortemque
794 2779 953 2823 nostrorum
966 2778 1128 2824 quibusque

246 2836 383 2865 minari:
410 2834 551 2864 Cerneres
559 2831 635 2874 fidei
657 2830 908 2875 nostraeeregione
931 2831 1071 2864 cultores
1084 2836 1127 2864 in-

246 2882 373 2925 digenas
381 2886 474 2924 gravi
492 2888 583 2923 penes
597 2885 692 2914 Deum
703 2892 823 2915 moerore
835 2887 978 2924 torqueri.
1007 2884 1070 2915 Eos
1081 2892 1128 2916 vc.

247 2933 282 2964 ro
292 2929 370 2963 nihil
385 2936 483 2964 minus
495 2955 506 2970 ,
531 2941 602 2973 quos
623 2932 661 2964 de
672 2930 786 2966 abditis
806 2932 911 2965 mundi
928 2930 1039 2973 finibus
1065 2943 1129 2964 ora·

246 2986 338 3013 tionis
360 2988 432 3014 vota
452 2981 501 3013 illo
521 2989 734 3015 contraxerant
756 3006 768 3022 ,
793 2982 846 3016 vel
864 2980 952 3025 causa
972 2983 1125 3023 miraculi,

243 3027 373 3063 'luminis
394 3041 494 3063 omnes
515 3041 622 3064 munus
642 3033 786 3065 unimoda
805 3037 970 3066 intentione
988 3038 1123 3076 precari.

250 3084 320 3113 Nec
340 3088 411 3113 tunc
435 3087 501 3114 erat
526 3086 694 3123 importuna
718 3082 825 3116 dilatio
845 3106 856 3123 ‚
882 3088 955 3125 quin
982 3081 1128 3124 defidcriis

246 3129 375 3169 ¹aestuata
391 3134 495 3171 petitio
506 3132 596 3163 alacri
605 3132 747 3166 leniretur
765 3132 865 3173 effeclu
878 3158 885 3166 .
912 3133 1025 3166 Audivi
1035 3134 1055 3165 a
1065 3141 1130 3175 per·

242 3178 329 3223 sonis
351 3205 363 3221 ‚
387 3190 456 3221 quae
477 3179 545 3213 illuc
558 3182 625 3222 jere
647 3205 657 3221 ,
679 3179 822 3226 senilibus
845 3207 856 3223 ,
881 3184 962 3226 quod
980 3190 1129 3225 papyrus,

248 3231 303 3262 vel
309 3229 422 3263 lichnus
435 3252 446 3268 ‚
471 3241 543 3262 nam
563 3239 629 3263 utro
648 3240 775 3265 utantur
798 3245 855 3266 non
878 3238 972 3274 novi,
999 3234 1129 3268 Gentilis

244 3277 338 3323 semel
354 3277 510 3321 cujusdam
527 3278 564 3321 fit
585 3279 691 3313 techna
705 3280 843 3326 sublatus
857 3308 868 3325 ,
885 3283 1065 3327 ferrumque
1086 3295 1129 3317 re-

248 3327 358 3371 manfit
380 3334 470 3362 inane
481 3354 492 3370 ,
511 3328 539 3373 s
534 3331 573 3363 ed
582 3331 706 3364 Coelitus
726 3331 842 3367 labente
850 3336 991 3369 miraculo
1003 3346 1041 3368 ex
1044 3334 1130 3378 ferro

247 3379 349 3412 lumen
369 3378 495 3421 emersit.
526 3384 663 3422 Dumque
674 3380 789 3422 fraude
799 3389 930 3417 virtutes
951 3390 1033 3426 cupit
1049 3395 1128 3418 ener-

249 3435 326 3461 vare
341 3427 490 3471 supernas
504 3454 515 3470 ,
539 3431 643 3465 didicit
664 3440 766 3464 contra
781 3431 869 3475 suam
888 3432 1022 3476 ipsarum
1044 3442 1128 3467 natu-

248 3487 320 3510 ram
333 3480 392 3513 Deo
409 3478 462 3523 suo
473 3481 601 3516 militare
624 3490 751 3515 naturas
763 3506 771 3516 .
797 3486 883 3516 Anno
903 3486 968 3527 ergo
981 3507 992 3525 ,
1017 3495 1056 3519 ex
1074 3495 1129 3528 quo

1179 395 1310 423 minente
1331 385 1410 423 nocie
1433 394 1582 424 orantium
1597 389 1789 436 flentiumque
1804 393 1965 436 potufflnt
1983 401 2056 429 vota

1178 439 1330 479 “implffl-
1361 438 1461 473 '’em‘’
1481 437 1648 474 Daimbmi
1673 439 1858 476 Patrtarcbae
1867 443 2008 484 populum
2019 445 2059 479 de

1178 487 1342 528 confeffione
1355 484 1498 530 sollicitat
1518 494 1726 527 peccatorum.-
1752 493 1819 524 Rex
1843 490 2006 535 &Praesul
2013 503 2061 527 η.

1174 535 1343 581 sarciendis
1356 536 1481 580 pacibus
1503 536 1636 577 instant3
1655 534 1686 577 fi
1692 547 1754 578 qua
1774 539 1845 582 fidei
1865 540 2060 586 honestatique

1178 598 1236 624 non
1245 595 1407 632 congruunt
1419 611 1431 628 ,
1455 591 1558 631 corrigi
1565 591 1803 629 promittuntur.
1827 592 1947 625 Interea
1959 603 2063 635 urgen-

1178 646 1208 671 te
1231 644 1365 682 negotio,
1389 646 1455 671 tam
1476 643 1640 671 enormium
1659 642 1817 673 criminum
1839 638 1882 671 ibi
1904 650 1936 675 eo
1957 642 2005 675 die
2024 641 2063 683 est

1171 686 1263 730 falia
1286 687 1434 730 confeffio,
1459 697 1494 721 ut
1520 687 1576 729 nifi
1588 689 1743 734 poenitudo
1760 687 1946 731 succederet,
1972 691 2063 734 digne

1177 738 1244 784 fieri
1266 739 1424 776 videretur
1444 738 1567 773 luminis
1584 736 1683 781 sandi
1688 736 1840 781 sublatio,
1865 742 1949 781 cujus
1961 749 2067 775 tamen

1179 795 1270 826 etiam
1281 799 1358 822 nunc
1378 787 1439 831 post
1449 788 1652 826 correctionem
1671 798 1731 821 non
1742 798 1907 824 remoratur
1919 789 2042 835 accensio
2053 815 2063 825 .

1181 843 1221 875 At
1231 841 1322 875 altero
1329 839 1391 882 post
1404 839 1459 875 bac
1468 850 1548 875 anno
1559 838 1610 872 ubi
1619 840 1666 872 ad
1674 850 1741 874 eam
1750 846 1874 875 ventum
1883 838 1921 878 el}
1934 838 2041 874 horam
2052 865 2065 883 ,

1178 901 1238 933 qua
1257 887 1446 932 sepulchrum
1462 888 1620 937 gloriosum
1646 888 1767 926 flamma
1777 888 1910 929 calestis
1921 888 2042 930 efficeret
2054 912 2068 932 ,

1178 938 1380 983 universorum
1399 945 1522 982 penitus
1550 948 1624 974 vota
1631 936 1801 982 suspiciunt
1814 963 1822 970 .
1850 941 1965 972 Graecis
1977 944 2068 983 igitur

1180 992 1323 1033 acsyris,
1352 994 1501 1025 Armeniis
1520 995 1641 1031 pariter
1669 999 1705 1022 ac
1730 992 1856 1022 Latinis
1869 1013 1881 1031 ,
1905 987 2068 1032 quibusque

1177 1047 1233 1085 pro
1248 1039 1374 1084 suarum
1384 1042 1556 1084 linguarum
1578 1037 1767 1073 idiomatibus
1790 1041 1886 1073 Deum
1900 1051 1935 1072 ac
1945 1041 2010 1081 ejus
2023 1045 2071 1075 in-

1181 1090 1357 1127 vocantibus
1372 1093 1392 1126 5
1394 1089 1495 1123 antias
1505 1114 1515 1131 ,
1541 1093 1619 1134 Rege
1629 1114 1641 1130 ,
1668 1089 1841 1123 Proceribus
1854 1114 1865 1130 ‚
1893 1090 1929 1123 <tt
1939 1090 2045 1133 populo
2056 1114 2070 1133 ,

1176 1146 1358 1183 poenitentia
1377 1141 1566 1185 cordimttque
1587 1141 1735 1186 rugitibus
1749 1138 1992 1183 prosequentibus
2003 1140 2072 1173 Cle-

1180 1202 1253 1232 ros,
1278 1188 1384 1233 misero
1398 1199 1499 1224 omnes
1522 1189 1774 1227 exulcerabantur
1791 1189 1921 1230 affeciu,
1946 1191 2027 1232 quod
2034 1199 2072 1223 eae

1181 1240 1253 1278 urbe
1267 1243 1368 1284 jamei
1392 1239 1575 1281 christianis
1598 1240 1739 1279 obtenta,
1768 1239 1844 1272 inibi
1865 1238 2074 1283 contingebant

1180 1302 1249 1334 quae
1273 1302 1435 1334 numquam
1446 1290 1569 1333 eveniffe
1591 1289 1650 1333 sub
1663 1293 1795 1335 Paganis
1815 1289 1996 1325 audierant.
2022 1291 2076 1322 In·

1183 1347 1271 1378 terim
1283 1341 1458 1374 Fulcberius
1473 1339 1663 1384 Carnutenfis
1676 1364 1687 1382 ,
1713 1339 1856 1382 assumpto
1858 1338 1917 1380 fibi
1932 1340 2076 1374 Patriar-

1183 1389 1246 1425 chae
1267 1390 1438 1426 Daimberti
1461 1390 1626 1431 Capeliano
1647 1414 1658 1429 ,
1685 1394 1718 1421 in
1740 1397 1868 1422 montem
1883 1384 2075 1433 proficiscitur·

1185 1441 1320 1478 oliveti:
1346 1439 1394 1474 Ibi
1409 1445 1493 1474 enim
1509 1437 1637 1484 suboriri
1664 1441 1721 1474 Dei
1739 1439 1858 1474 lucerna
1880 1435 1994 1483 solebat
2014 1461 2025 1478 ,
2047 1434 2079 1478 fi

1185 1490 1307 1532 quando
1327 1487 1532 1529 Hierosolymis
1553 1499 1612 1521 non
1634 1489 1739 1520 aderat
1751 1512 1758 1521 ,
1785 1489 1846 1522 sed
1862 1485 1986 1531 reversis
1999 1510 2010 1526 ‚
2037 1487 2076 1523 θ

1185 1536 1264 1569 nibil
1273 1544 1399 1578 gratum
1417 1537 1462 1566 ad
1466 1534 1670 1576 prestolantis
1683 1534 1816 1575 Ecclefiae
1836 1547 1924 1568 aures
1945 1535 2078 1579 referen-

1174 1584 1268 1618 'tibus
1281 1606 1292 1622 ,
1317 1589 1461 1617 orationes
1474 1586 1494 1616 ἃ
1505 1583 1631 1625 diverfis
1652 1589 1846 1627 geminantur
1859 1586 1903 1616 ad
1907 1586 2052 1626 populum
2064 1607 2077 1626 ,

1185 1643 1243 1667 non
1257 1643 1360 1667 tamen
1377 1645 1445 1677 quae
1457 1646 1549 1678 aegros
1553 1633 1687 1675 foveant
1700 1659 1711 1674 ,
1734 1633 1793 1677 sed
1805 1640 1966 1667 incentiva
1977 1636 2078 1678 lugen-

1186 1690 1278 1717 tium.
1306 1686 1359 1717 Ea
1383 1685 1471 1724 dies,
1496 1695 1528 1717 re
1552 1684 1688 1726 infecYa,
1714 1683 1870 1727 universos
1882 1682 1981 1728 insua
1995 1683 2077 1717 κᾶε

1185 1731 1291 1775 remisit
1317 1745 1325 1765 ε
1352 1738 1428 1770 Nox
1443 1740 1567 1778 gemina
1589 1741 1683 1767 inruit
1709 1759 1719 1774 ,
1770 1733 1906 1778 acrisque
1940 1733 2078 1774 moestitia

1182 1785 1364 1831 generaliter
1385 1790 1513 1817 omnium
1522 1785 1642 1826 petiam
1654 1782 1730 1825 torfit
1744 1809 1751 1816 .
1781 1789 1816 1817 ln
1826 1785 1949 1825 crastino
1969 1783 2079 1818 delibe-

1187 1841 1280 1873 rant,
1306 1843 1339 1869 ut
1361 1835 1407 1866 ad
1416 1836 1556 1879 templum
1577 1833 1666 1878 usque
1680 1839 1800 1867 Domini
1824 1835 1925 1868 debito
1935 1846 1999 1867 cum
2009 1845 2080 1867 moe-

1187 1895 1253 1919 rore
1267 1885 1432 1926 procedant
1447 1907 1454 1916 .
1475 1888 1507 1929 J
1510 1892 1600 1916 erant
1604 1885 1710 1927 gaudii
1715 1882 1841 1928 prorsus
1857 1883 2010 1927 Paschalis
2025 1889 2079 1915 im-

1189 1944 1327 1971 memores
1339 1957 1350 1974 ,
1374 1934 1448 1967 dum
1469 1935 1565 1967 nullus
1585 1934 1691 1968 habitu
1711 1934 1813 1975 differt
1835 1936 1855 1967 ἃ
1879 1936 1927 1968 die
1941 1932 2082 1978 Parasce-

1189 1994 1263 2020 ves:
1284 1987 1368 2017 ‘cum
1395 1995 1454 2019 ecce
1477 1985 1517 2018 ab
1541 1984 1689 2018 AEdituis
1712 1984 1844 2027 Ecclefiae
1865 1984 1928 2027 posi
1949 1991 2082 2019 euntium

1190 2043 1275 2078 terga
1293 2039 1475 2074 concinitur,
1504 2041 1575 2078 quia
1591 2033 1674 2079 sacri
1696 2038 1880 2068 Monumenti
1904 2038 2023 2077 lampas
2034 2046 2084 2068 ac·

1189 2085 1339 2119 tenditur.
1367 2086 1458 2129 ‚Quid
1476 2090 1634 2127 immorer,
1660 2095 1750 2121 tanta
1772 2098 1807 2120 ea
1821 2087 1870 2119 die
1874 2092 2005 2129 gratia,
2029 2096 2084 2118 au-

1189 2134 1234 2167 ἇο
1241 2132 1306 2175 suae
1320 2132 1465 2167 ubertatis
1483 2146 1522 2169 ex
1533 2137 1676 2171 dilatione
1681 2135 1824 2179 smeeffu,
1854 2143 2000 2169 immicuit
2011 2160 2021 2176 ‚
2048 2144 2082 2169 ut

1189 2183 1244 2214 illa
1264 2185 1320 2214 Dei
1329 2182 1453 2214 claritas
1472 2193 1529 2214 non
1548 2185 1666 2225 quidem
1670 2183 1761 2223 fimul
1767 2208 1777 2223 ,
1798 2183 1857 2225 sed
1865 2187 1983 2225 vicissim
1994 2191 2082 2218 intra

1189 2230 1340 2273 sepulchri
1374 2230 1530 2272 Ecclefiam
1554 2233 1713 2274 lampades
1733 2232 1835 2278 ferme*
1861 2239 2081 2277 quinquaginta

1190 2285 1341 2324 tetigerit.
1370 2284 1442 2313 Haec
1469 2291 1527 2314 non
1539 2283 1623 2316 modo
1648 2288 1726 2315 inter
1734 2281 1825 2324 sacra
1845 2289 2010 2327 contingere
2021 2287 2084 2323 My-

1183 2330 1276 2370 steria
1287 2354 1298 2371 ,
1320 2330 1426 2362 verum
1450 2340 1515 2363 cum
1525 2331 1661 2372 perat‘lis
1683 2332 1781 2374 officiis
1794 2336 1860 2365 Rex
1867 2335 2034 2374 pranderet
2048 2339 2080 2366 in

1190 2382 1260 2413 aula
1274 2393 1281 2412 :
1308 2383 1431 2424 Cogitur
1436 2379 1650 2424 frequentibus
1663 2388 1778 2415 nunciis
1799 2384 1843 2415 ad
1852 2394 1931 2416 nova
1944 2385 2081 2418 videnda

1187 2432 1301 2466 lumina
1313 2430 1422 2471 rejecta
1433 2429 1603 2474 consurgere
1615 2430 1715 2475 mensa
1724 2457 1731 2463 .
1765 2436 1833 2465 Dici
1846 2444 1903 2466 non
1910 2434 2001 2475 potest
2012 2441 2081 2476 qui·

1189 2481 1245 2514 bus
1255 2481 1439 2514 convaluerit
1452 2492 1558 2517 moeror
1570 2482 1621 2517 ille
1626 2480 1746 2525 solatiis
1758 2507 1770 2524 ,
1797 2495 1862 2516 cum
1872 2495 1903 2518 eo
1914 2485 1963 2520 die
1977 2510 1986 2524 ‚
2000 2485 2083 2526 quod

1189 2542 1343 2572 nunquam
1362 2529 1599 2575 praesumpserat
1620 2558 1632 2575 ,
1662 2539 1749 2567 intra
1774 2536 1899 2568 eandem
1923 2534 2025 2568 urbem
2048 2539 2080 2567 in

1189 2581 1298 2622 templo
1319 2583 1439 2615 Domini
1448 2589 1580 2616 coronari
1590 2587 1657 2617 Rex
1683 2582 1744 2627 ipse
1755 2584 1930 2628 consenserit
1943 2609 1954 2626 ,
1979 2585 2014 2618 ob
2028 2583 2082 2618 bu·

1182 2634 1238 2673 jus
1241 2630 1384 2671 favorem
1395 2638 1529 2667 muneris
1540 2658 1547 2666 .

1241 2681 1414 2715 Coelestem
1431 2679 1526 2717 ‘hunc
1550 2683 1661 2728 ignem
1683 2684 1756 2718 aliis
1777 2685 1942 2719 miraculis
1962 2685 2083 2719 confir-

1191 2741 1257 2766 mat
1272 2729 1392 2765 Glaber
1402 2731 1599 2775 Rudoiphus
1612 2747 1623 2767 .·
1651 2737 1764 2767 Eodem
1782 2743 1912 2777 tempore
1926 2736 2081 2771 Odolricus
2098 2749 2169 2787 L‚4;
2187 2757 2214 2782 c,
2225 2754 2255 2780 6.

1192 2782 1413 2817 Aurelianorum
1438 2781 1558 2826 Praesul
1579 2783 1803 2828 Hierosolymam
1822 2795 1953 2829 pergens
1974 2810 1984 2825 ‚
2005 2787 2083 2828 quid

1190 2832 1305 2867 viderit
1326 2855 1336 2872 ,
1361 2831 1500 2876 nobisque
1524 2841 1702 2871 narraverit
1726 2860 1737 2876 ,
1763 2846 1822 2868 non
1843 2842 2083 2877 praetermitten-

1190 2884 1259 2916 dum
1272 2883 1388 2916 vlletur
1403 2885 1578 2919 miraculum
1591 2909 1598 2916 .
1628 2887 1685 2918 Die
1693 2890 1783 2929 igitur
1798 2891 1901 2930 magni
1913 2886 1993 2919 illius
2006 2888 2026 2919 5
2027 2886 2083 2919 ab·

1189 2931 1295 2973 bathi,
1320 2944 1376 2978 quo
1401 2939 1481 2977 ignis
1504 2934 1636 2968 mirabili
1652 2939 1709 2971 Dei
1727 2941 1868 2977 potentia
1892 2943 2016 2970 veniens
2039 2937 2079 2970 ab

1188 2982 1323 3026 universo
1341 2985 1450 3026 populo
1467 2984 1674 3026 praestolatur,
1702 2985 1743 3018 ibi
1776 2996 1840 3018 cum
1861 2991 1975 3019 caeteris
1998 2987 2078 3019 idem

1189 3031 1309 3079 Praesul
1330 3034 1467 3072 adstabat
1489 3059 1496 3066 .
1520 3036 1657 3078 Jamque
1683 3036 1748 3069 dies
1771 3034 1839 3078 ipsa
1864 3041 1897 3069 in
1921 3034 2078 3078 vesperum

1189 3081 1331 3126 tranfiens
1341 3086 1460 3127 repente*
1474 3093 1565 3127 penes
1577 3085 1682 3118 horam
1694 3110 1704 3125 ,
1730 3097 1792 3128 qua
1800 3083 1980 3128 sperabatur
1999 3091 2078 3129 ignis

1190 3132 1354 3175 adfuturus
1366 3158 1377 3175 ,
1401 3146 1479 3168 unus
1490 3138 1697 3170 saracenorum
1709 3160 1718 3175 ,
1739 3134 1847 3178 scurra
1868 3137 2078 3177 impudentiffl·

1191 3195 1254 3216 mus
1277 3207 1289 3223 ,
1313 3195 1352 3217 ex
1371 3186 1503 3226 plurima
1531 3187 1646 3220 illorum
1675 3186 1869 3219 multitudine
1895 3211 1905 3226 ,
1931 3196 1999 3227 quae
2023 3195 2079 3217 an-

1192 3238 1307 3266 nuatim
1332 3232 1450 3279 semper
1480 3247 1543 3271 una
1573 3247 1637 3269 cum
1669 3235 1848 3277 Christianis
1869 3235 1962 3277 adesse
1980 3233 2077 3278 fhlet,

1194 3284 1397 3325 exclamavit,
1423 3295 1458 3320 ut
1484 3285 1667 3326 Christianis
1689 3299 1752 3321 mos
1780 3285 1839 3325 est,
1864 3296 1928 3318 cum
1945 3290 2076 3326 primum

1194 3334 1313 3367 videtur
1325 3358 1337 3374 ‚
1364 3339 1450 3380 Agios
1462 3340 1552 3375 Kyrie
1564 3336 1668 3380 eleison
1682 3361 1693 3377 ‚
1716 3337 1896 3371 cavillanter
1917 3334 2075 3368 cachinnos

1194 3382 1282 3424 ‘mist‘
1295 3408 1306 3423 ,
1331 3384 1505 3431 extensaque
1528 3399 1620 3422 manu
1642 3392 1770 3429 arripuit
1792 3397 1906 3420 cereum
1928 3386 1964 3416 de
1983 3393 2075 3416 manu

1191 3432 1345 3476 cujusdam
1359 3435 1542 3477 Christiani,
1566 3436 1706 3480 aufugere
1728 3445 1871 3471 tentans.
1898 3437 1963 3476 ‚Qui
1999 3433 2076 3466 illico

1193 3491 1332 3527 arreptus
1351 3485 1371 3517 ὰ
1396 3489 1547 3520 Daemonio
1569 3510 1581 3527 ,
1607 3490 1735 3528 turpiter
1756 3490 1881 3520 nimium
1891 3488 2001 3517 vexari
2023 3493 2076 3517 τιτ-

1952 3537 2003 3575 pit
2015 3555 2029 3570 .,
