2366 3756
141 842 215 881 cap.
228 853 243 882 3
251 854 277 881 4·

404 154 500 213 338

696 152 737 196 S.
777 148 1098 200 Gnuootux'
1131 165 1372 200 septim
1408 153 1776 201 P0N11t1c1s

328 238 529 274 Pontificem
548 230 665 267 relatio
687 233 749 267 fuit
775 234 963 279 singularis:
991 235 1134 273 Summis
1153 236 1221 279 ejus
1282 248 1324 271 ex
1342 235 1488 272 adduciis
1510 234 1733 272 testimoniis.
1757 235 1802 270 Et
1819 235 1861 270 ad
1883 236 2164 283 AEgyptionho'a

327 289 362 323 i„
392 293 528 320 omnem
560 281 739 328 Ecclesiam
761 284 886 322 meritis
908 285 1037 323 indulta
1061 310 1068 319 .
1106 286 1217 322 Etiam
1282 287 1387 323 doxos
1410 286 1442 320 in
1480 285 1649 323 Palaestina
1674 285 1846 321 exulantes
1873 287 2056 332 Episcopos
2076 313 2086 329 ‚
2121 290 2163 324 de

326 347 406 372 tunc
428 333 578 371 Barbaris
605 333 846 372 calamitatibus
877 335 974 381 plena
1006 346 1073 372 erat
1107 338 1218 371 omnis
1281 336 1431 372 Marcelli
1456 335 1630 382 Ancyrani
1654 337 1738 371 olim
1766 336 1917 380 Episcopi
1945 336 2042 373 dubia
2065 342 2164 376 eausa

326 384 548 421 Narbonensis
569 381 745 421 Provincia
765 409 776 425 ‚
821 397 919 431 atque
945 388 991 423 ita
1010 388 1082 434 ejus
1105 387 1215 424 forsan
1278 389 1374 422 ausos
1394 387 1552 429 statuere,
1578 387 1662 422 recle
1682 387 1804 430 scripsit
1831 387 1978 431 Magnus
2005 387 2162 426 Basilius:

324 434 542 480 Metropolim
564 446 631 470 non
655 445 806 482 potuerat
826 438 964 473 referre.

1276 438 1367 472 Vobis
1389 436 1456 480 ipsis
1483 448 1545 473 rem
1563 442 1644 473 tanti
1665 442 1806 471 momenti
1823 435 1978 481 permfiffe
1990 450 2049 472 non
2058 440 2162 476 debue—
2179 433 2226 471 EF·
2246 440 2308 470 193·

375 486 503 523 Referri
523 493 593 522 non
615 495 793 532 potuerunt
812 489 914 523 causae
933 488 1084 532 quaelibet
1108 512 1121 532 ,
1157 486 1212 525 sed
1279 493 1358 522 ratis
1370 510 1382 528 ,
1403 486 1462 532 sed
1483 496 1622 532 quotquot
1634 486 1709 532 sunt
1726 486 1832 530 vestm
1848 495 2059 522 communionis
2073 514 2084 529 ‚
2106 488 2160 532 seu

323 537 463 580 majores
474 537 668 578 dumtaxat,
693 534 966 579 acdifficiles,seu
981 538 1106 581 dubie,
1133 549 1212 584 quas

323 587 544 631 Metropolita
556 611 568 628 ,
592 586 741 627 Primam,
767 586 955 624 patriarcha
966 614 978 632 ‚
998 599 1054 624 aut
1068 589 1210 632 ipsorum

322 639 452 682 Synodi
464 649 503 673 ex
516 637 698 673 Canonicis
717 636 909 682 Scripturis,
936 640 1040 675 Sacris
1062 638 1210 676 Canoni-

322 688 383 725 bus
397 712 409 732 ,
434 699 490 723 aut
501 687 574 722 aliis
600 687 831 724 Ecclefiasticis
849 689 999 726 fontibus
1025 701 1094 725 non
1118 698 1211 732 pote-

321 749 394 774 rant
406 736 513 773 lucide
526 738 559 772 δε
570 736 667 782 plene
678 738 814 774 definire
825 764 833 773 .
864 739 930 775 Pro
941 740 1051 776 lucida
1063 739 1210 784 quaestio·

318 801 363 823 ne
373 791 538 824 recursum
550 789 612 826 else
624 800 693 823 non
705 789 896 825 relationem
908 814 920 831 ‚
947 790 1002 827 sed
1012 790 1206 834 superfluam

314 838 491 875 Pontificis
518 839 794 883 inquietationem
815 842 896 875 teste
919 839 1068 876 adfirmat
1088 841 1125 875 in
1155 841 1206 874 lit-

314 891 392 926 teris
401 890 553 925 adversus
563 900 717 934 nepotem
728 891 821 925 suum
834 890 1038 926 Hincmarus
1060 890 1202 926 Remen-

314 940 354 976 sis
369 966 376 973 .
403 941 568 983 Loquitur
592 952 634 975 ex
643 940 752 974 Sansti
764 939 887 976 Leonis
901 941 1048 987 Epistola
1060 940 1101 976 ad
1114 940 1205 975 Ana-

316 991 447 1026 stassum
467 990 796 1026 Thessalonicensem
812 991 1035 1036 Episcopum,
1059 991 1201 1035 Aposto-

312 1040 383 1074 licae
409 1039 500 1075 Sedis
519 1040 554 1075 in
576 1038 711 1084 Illyrico
731 1040 922 1076 Vicarium:
948 1042 1113 1085 sifortein
1125 1041 1200 1076 Pro-

311 1090 454 1126 vinciali
475 1090 615 1134 synodo
637 1092 674 1124 de
694 1091 858 1132 majoribus
873 1099 1004 1134 peccam
1028 1090 1117 1135 causa
1147 1103 1203 1125 na-

308 1139 434 1186 scatur,
459 1152 527 1185 quae
548 1143 735 1177 Provinciali
756 1151 882 1184 nequeat
900 1149 1039 1177 examine
1049 1142 1169 1183 definiri
1191 1165 1201 1181 ,

310 1195 550 1226 fraternitatem
572 1200 656 1224 tuam
676 1193 715 1225 de
734 1198 824 1224 totius
845 1198 954 1236 negotii
975 1194 1123 1235 qualitate
1137 1194 1198 1223 Me-

308 1243 509 1284 tropoltmnus
534 1241 653 1275 curabit
680 1239 817 1281 instruere
838 1266 850 1280 ‚
875 1243 910 1274 <9
927 1240 958 1282 fi
977 1252 1075 1274 coram
1097 1240 1198 1283 pofitis

301 1291 465 1334 partibus,
488 1301 537 1323 nec
558 1300 606 1323 tuo
625 1291 724 1332 fuerit
745 1301 794 1322 res
812 1288 914 1332 sepita
925 1292 1044 1332 judicio
1057 1316 1069 1332 ,
1095 1292 1139 1324 ad
1150 1303 1199 1324 no-

297 1340 395 1383 stram
417 1345 607 1382 cognitionem
622 1363 632 1380 ‚
657 1341 811 1384 quidquid
826 1340 905 1373 illud
923 1341 962 1384 est
985 1364 996 1381 ,
1030 1341 1198 1384 transfera-

302 1398 355 1424 tur
374 1416 382 1425 ‚
420 1389 607 1423 Transferri
629 1389 698 1425 vult
721 1401 789 1424 non
814 1391 944 1433 quasvis
964 1393 1075 1426 causas
1094 1417 1106 1433 ,
1142 1392 1195 1426 sed

302 1440 388 1475 solas
413 1439 508 1479 istas,
533 1451 613 1485 quas
634 1440 788 1475 Vicarius
811 1452 879 1474 non
907 1443 1050 1485 potuerit
1071 1443 1195 1487 sopire.

302 1491 381 1526 Sola
407 1492 527 1533 majora
549 1495 682 1534 negotia,
710 1491 744 1524 (5·
766 1492 898 1533 difficiles
919 1491 1075 1536 causarum
1095 1499 1195 1527 exitus

301 1541 438 1576 mandat
465 1540 596 1581 referti,
623 1538 726 1574 &sub
738 1540 798 1574 suae
809 1541 976 1575 sententiae
987 1545 1195 1585 exspectatio-

302 1602 345 1626 ne
367 1591 518 1635 suspendi
541 1614 548 1623 .
589 1589 631 1623 Et
647 1590 801 1624 Sanc'ium
827 1590 1031 1634 Exuperium
1050 1591 1195 1626 laudavit

300 1641 519 1676 lnnocentius
556 1639 677 1683 primus
696 1662 707 1680 ‚
743 1637 833 1684 quod
869 1635 998 1683 referret
1021 1643 1067 1674 ad
1091 1643 1194 1676 Sedem

300 1691 492 1734 Apostolicam
505 1714 516 1732 ‚
543 1691 621 1732 quid
641 1691 680 1723 de
698 1689 783 1722 rebus
795 1687 897 1723 dubiis
906 1689 1170 1730 custodiredebmt
1181 1714 1193 1732 ,

301 1742 338 1776 «Sc
358 1740 503 1784 depofita
525 1736 720 1773 verecundia
753 1738 868 1773 mallet
899 1739 1020 1774 discere
1044 1764 1056 1782 ,
1095 1740 1195 1782 quam

300 1789 443 1826 omnino
467 1789 609 1824 nescire.
637 1788 682 1823 Et
704 1787 878 1831 adjunxit:
905 1788 984 1823 Mihi
1008 1802 1124 1833 quoque
1144 1788 1200 1832 ipfi

300 1842 339 1876 de
358 1841 508 1876 collatione
531 1841 670 1874 docilitas
694 1841 829 1880 accedit,
854 1840 929 1874 dum
935 1839 1134 1886 perscrutatis
1146 1853 1195 1874 ra-

300 1892 432 1926 tionibus
452 1892 500 1925 ad
514 1888 662 1933 propofita
682 1889 860 1934 respondere
880 1892 1052 1933 compellor.
1089 1895 1194 1934 quue

297 1941 335 1986 fit
360 1951 392 1976 ut
414 1942 534 1985 aliquid
550 1940 666 1986 semper
683 1939 821 1985 addifi‘at
842 1966 854 1983 ‚
889 1947 941 1983 qui
961 1942 1128 1984 postulatur
1162 1948 1194 1974 ut

299 1994 422 2027 doceat.
451 1993 516 2027 Eas
536 1992 641 2031 solas,
668 1991 789 2034 quibus
809 1990 1002 2024 decidendis
1015 1991 1051 2024 ’δε
1064 1990 1131 2034 ipse
1141 2001 1192 2024 co·

299 2053 397 2088 gatur
420 2043 569 2082 studere,
597 2040 788 2084 quaestiones
810 2040 960 2075 adfirmat
986 2039 1194 2073 fibi¹refetew

298 2094 376 2128 das.
406 2093 451 2127 Et
473 2091 515 2126 ad
534 2089 732 2125 diversarum
756 2092 790 2121 in
812 2088 922 2121 Gallia
942 2088 1192 2123 Provinciarum

301 2143 486 2187 Episcopus
505 2141 626 2183 scripsit
651 2138 791 2172 Hilarus
818 2138 929 2183 Papa:
956 2142 1001 2172 In.
1014 2139 1194 2174 dirimendis

121 2203 172 2239 Ep.
202 2211 231 2238 4.
255 2209 272 2232 c
294 2192 490 2239 gravioribus
510 2188 601 2232 caufis
613 2213 624 2229 ,
648 2191 681 2223 ό·
698 2201 768 2232 quae
789 2190 850 2223 illic
870 2200 929 2222 non
950 2198 1112 2232 potuerunt
1137 2201 1195 2225 rer·

122 2252 150 2273 2.

121 2436 172 2471 Ep.
198 2445 208 2464 1
219 2456 226 2464 .
253 2444 280 2465 c·

122 2482 149 2507 7.

128 3017 180 3084 llip.
196 3024 244 3054 79.
256 3024 285 3047 c.

297 2249 431 2284 minari,
459 2240 623 2284 Apostolicae
646 2241 733 2273 Sedis
756 2239 910 2284 sententia
936 2239 1124 2283 consulatur.
1149 2242 1193 2276 Et

298 2294 340 2329 ad
364 2295 518 2328 Sanstum
542 2290 755 2325 Bonifacium
771 2314 781 2329 ,
805 2290 898 2324 suum
922 2290 956 2323 in
983 2287 1119 2325 Francia
1132 2291 1193 2326 Vi·

296 2346 424 2380 carium
447 2342 607 2377 Pontifex
630 2339 807 2375 Zacharias
830 2352 838 2372 ε
865 2343 897 2374 si
919 2345 991 2374 novi
1009 2340 1130 2384 aliquid
1147 2352 1194 2375 ac-

298 2396 404 2430 ciderit
423 2394 506 2438 quod
532 2401 585 2426 tua
608 2395 803 2425 Fraternitas
826 2392 948 2425 minime
968 2400 1025 2433 per
1033 2394 1191 2426 Caunum

296 2446 437 2487 Instituta
459 2442 622 2487 discernere
639 2442 721 2485 poffit
743 2465 754 2481 ‚
779 2441 829 2475 boc
850 2441 933 2475 nobit
957 2453 1016 2476 non
1039 2449 1068 2475 te
1086 2449 1192 2488 pigeat

296 2496 461 2539 infinuare.
489 2493 636 2534 Plurima
647 2495 722 2527 sunt
735 2492 894 2536 ejusmodi
907 2491 1119 2527 testimonia.
1147 2493 1191 2528 Et

297 2546 378 2581 hinc
388 2546 431 2581 ad
442 2543 635 2580 Paschalem
646 2544 825 2578 secundum
838 2555 905 2577 non
920 2542 1005 2576 male
1019 2543 1102 2577 olim
1120 2544 1192 2579 scri-

299 2596 360 2641 psit
370 2597 487 2631 Clerus
499 2593 688 2630 Leodienfis
699 2606 707 2625 ε
737 2595 957 2627 Provincialem
967 2596 987 2626 5
983 2595 1144 2633 ynodorum
1152 2604 1190 2627 ex

298 2653 427 2690 antiqua
437 2647 602 2680 traditione
614 2646 796 2685 tenemus&
806 2645 957 2687 quidquid
964 2644 1006 2677 ibi
1015 2645 1052 2678 de
1063 2647 1192 2687 scriptu-

299 2746 390 2790 usque
417 2748 461 2781 ad
479 2753 626 2792 graviora
652 2751 793 2790 negotia,
817 2746 857 2779 de
880 2744 989 2787 quibus
1017 2757 1075 2777 non
1111 2753 1190 2787 repe-

300 2802 380 2831 ritur
406 2803 440 2830 in
466 2800 628 2839 Scripturt's
653 2795 768 2839 sanffls
782 2794 961 2828 aufforitas.
990 2793 1053 2830 Per
1063 2796 1196 2839 gravio·

301 2856 336 2880 ra
363 2846 499 2890 negotia
526 2856 734 2890 nequaquam
761 2845 1114 2890 majoraintelligunt,
1140 2845 1192 2880 sed

302 2896 404 2930 dubia
431 2897 486 2930 stu
511 2895 682 2937 difficilia,
706 2906 774 2936 quae
800 2906 943 2937 magnam
971 2918 981 2934 ‚
1018 2895 1127 2929 scribit
1154 2894 1194 2930 ad

303 2946 462 2981 Nicetam
499 2944 658 2989 Aquilejae
694 2944 893 2988 Episcopum
931 2946 1065 2979 Sanetus
1100 2945 1198 2986 Leo,

304 2997 510 3039 difficultatem
537 2997 760 3038 dijudicationis
784 2995 929 3028 addentur
939 2994 1064 3035 adferre
1079 3020 1086 3026 .
1114 2995 1195 3029 Haec

304 3047 408 3092 igitur
432 3045 545 3080 omnia
567 3046 643 3081 licet
666 3057 737 3080 non
764 3044 888 3088 majora
909 3069 920 3085 ‚
957 3045 1100 3079 omnino
1127 3047 1193 3081 fue-

304 3106 383 3132 runt
408 3096 594 3131 referenda.
621 3096 695 3131 Nec
718 3095 849 3130 tantum
877 3095 946 3139 post
970 3118 981 3134 ‚
1007 3095 1060 3129 sed
1087 3097 1194 3130 omni-

306 3147 353 3182 no*
375 3156 453 3182 ante
473 3146 622 3190 quamvis
643 3146 856 3181 decisionem.
885 3145 975 3179 Ante
986 3145 1106 3189 Papale
1119 3147 1196 3180 Res-

306 3199 449 3240 ponsum
486 3195 597 3231 nullus
621 3195 840 3239 Metropolita
860 3219 873 3237 ‚
910 3195 1019 3229 nullus
1046 3194 1172 3231 Primas
1188 3221 1198 3237 ,

306 3247 419 3281 nulius
438 3243 649 3286 Patriarcha,
677 3247 784 3279 nullus
813 3245 1027 3290 Apostolicus
1040 3246 1195 3281 Vicarius

306 3306 364 3330 aut
379 3295 546 3342 Legatus,
573 3295 661 3330 nulla
686 3296 828 3339 ipsorum
855 3295 1009 3339 synodus
1030 3297 1137 3341 potuit
1165 3298 1196 3330 se

306 3347 414 3381 relatae
435 3347 537 3381 causae
563 3347 713 3380 miscere.
742 3345 876 3380 Relatio
902 3347 1005 3389 ipsam
1030 3345 1195 3391 Apostoli·

306 3407 354 3432 cae
362 3396 436 3433 Sedi
446 3395 644 3434 devolvebat
652 3396 688 3431 δε
700 3395 879 3434 reservabat
893 3421 899 3430 .
928 3397 975 3431 Ita
991 3397 1095 3441 palam
1108 3397 1194 3432 lucet

299 2704 345 2731 ris
360 2696 478 2741 fandis
502 2695 659 2739 definitum
675 2694 777 2737 fuerit
788 2719 799 2736 ,
828 2698 954 2727 Romam
971 2706 1028 2727 non
1042 2694 1173 2736 refertur

1268 546 1327 581 per
1338 539 1524 572 occidentem
1537 562 1549 579 ‚
1568 536 1621 583 [σι
1626 547 1683 581 per
1695 543 1846 572 Orientem
1858 563 1868 579 ‚
1884 549 1980 572 eorum
1989 537 2160 584 exspeffaes-

1267 586 1302 632 se
1324 589 1446 623 calculos
1465 588 1500 623 6
1512 587 1713 632 sententiam.
1743 589 1811 623 Eos
1831 588 1938 634 arguit
1950 614 1961 630 ‚
1985 588 2077 631 quod
2101 591 2160 624 ser-

1272 640 1471 673 mouessuos
1483 638 1655 682 injudicio
1666 650 1735 673 non
1758 639 2006 682 dispensaffent.
2033 640 2062 673 E
2089 639 2159 675 Ro-

1272 699 1369 723 mana
1383 687 1567 733 Republica
1578 690 1782 734 desumptam
1797 689 1860 725 effe
1883 688 1970 723 hanc
1990 689 2158 736 Regulam

1271 738 1358 774 dixit
1382 740 1442 775 suo
1465 739 1548 774 olim
1570 740 1671 775 Clero
1691 741 1723 775 &
1751 740 1874 784 populo
1894 740 2029 774 Sanctus
2041 741 2158 785 Augu·

1272 788 1374 823 stinus
1386 802 1395 824 ς
1421 792 1530 823 Etiam
1542 796 1574 823 in
1586 797 1707 836 negotiis
1713 789 1906 834 saeculanbus
1915 814 1925 830 ‚
1935 791 2052 834 quando
2061 789 2156 835 causae

1271 839 1421 873 dubitatio
1431 841 1478 873 ad
1484 843 1629 882 majorem
1639 840 1814 881 Potestatem
1834 840 1960 884 refertur
1974 866 1984 882 ,
2004 842 2157 884 pendente

1270 891 1428 931 relatione,
1455 889 1536 925 nibil
1553 893 1664 937 audent
1677 892 1811 937 Judices
1831 900 2022 925 commutare.
2054 889 2156 938 Qod

1269 940 1376 983 ipsum
1396 941 1511 983 repetit
1532 940 1567 975 in
1589 940 1705 976 litteris
1729 942 1771 976 ad
1807 941 1951 977 Felicem
1972 941 2007 975 ὅ(
2033 941 2157 975 Hilari·

1270 1001 1350 1024 num
1372 990 1572 1034 Episcopus,
1597 991 1753 1037 additque
1773 992 1902 1026 causam
1917 1004 1928 1024 .·
1952 996 2006 1025 Ne
2010 989 2155 1035 superiori
2175 1014 2224 1051 Ep·
2246 1014 2309 1047 ¹36·

1268 1045 1417 1085 cognitori
1427 1040 1483 1083 fiat
1493 1044 1608 1082 injuria
1620 1066 1626 1074 .
1659 1040 1880 1076 Christianam
1892 1040 2069 1078 Ecclesiam
2082 1052 2153 1075 non

1268 1091 1394 1124 tantum
1407 1091 1441 1124 in
1452 1090 1609 1135 dogmate
1620 1091 1654 1126 δε
1668 1091 1732 1126 fide
1742 1115 1754 1132 ,
1780 1091 1833 1126 sed
1845 1093 1946 1126 etiam
1958 1091 1994 1126 in
2006 1091 2155 1126 moribus

1267 1141 1301 1174 ὅ(
1315 1138 1487 1182 disciplina
1510 1149 1642 1182 oportet
1663 1142 1726 1176 effe
1746 1140 1948 1176 concordem
1971 1141 2005 1177 &
2028 1152 2153 1182 unam,

1267 1189 1406 1234 ideoque
1426 1189 1543 1223 cuneta
1554 1188 1596 1222 de
1607 1188 1675 1222 illis
1686 1189 1785 1225 dubia
1798 1204 1854 1237 per
1866 1194 2046 1238 supremam
2059 1191 2153 1236 ipsius

1267 1239 1402 1275 unitatis
1413 1237 1613 1274 Cathedram
1626 1240 1660 1274 su
1667 1248 1701 1273 nt
1713 1238 1897 1274 decidenda
1907 1266 1915 1273 .

1315 1289 1461 1334 Majores
1471 1290 1571 1324 causas
1582 1290 1658 1324 sunt
1669 1290 1761 1323 variae
1775 1315 1782 1323 .
1809 1288 1959 1326 Primum
1972 1289 2086 1324 locum
2098 1289 2155 1325 ha·

1265 1339 1317 1374 bet
1338 1339 1462 1384 dogma
1486 1340 1520 1374 δε
1541 1338 1638 1382 fides,
1664 1340 1806 1385 ideoque
1826 1342 1943 1376 cuncta
1967 1340 2008 1375 de
2019 1338 2084 1374 illis
2096 1351 2155 1375 no-

1263 1401 1303 1424 va
1314 1389 1468 1434 quaestio,
1495 1389 1952 1435 omnisqueadversusillam,
1977 1390 2154 1434 autiplius,

1262 1440 1338 1474 licet
1350 1440 1525 1478 dumtaxat
1539 1441 1689 1476 Clericos
1700 1450 1757 1476 aut
1765 1441 1905 1483 Laicos,
1928 1442 2074 1477 auctores
2101 1439 2155 1476 vel

1261 1490 1419 1527 Sestarios
1432 1491 1608 1536 Synodalis
1629 1491 1749 1528 decifio
1770 1493 1835 1527 fuit
1860 1493 1981 1537 semper
2007 1491 2154 1527 Romam

1260 1542 1426 1577 referenda
1439 1567 1447 1577 ,
1473 1541 1523 1576 Ita
1538 1540 1611 1578 Arii
1624 1542 1813 1587 Presbyteri
1827 1543 1875 1578 sui
1885 1542 2015 1577 causam
2029 1565 2040 1582 ,
2058 1542 2154 1575 suum

1260 1590 1301 1625 de
1325 1591 1396 1634 ipso
1414 1591 1578 1638 judicium
1602 1593 1636 1628 ὅ(
1650 1593 1733 1628 Acta
1748 1594 1835 1629 varia
1847 1617 1858 1634 ,
1885 1591 2076 1627 Alexander
2095 1590 2154 1627 1²ae

1259 1640 1666 1676 triarchaAlexandrinus
1701 1644 1815 1677 retulit
1843 1644 1963 1678 Sancto
1984 1639 2150 1684 sylvestro

1260 1689 1441 1730 Pontifici,
1465 1691 1499 1727 ἃ
1519 1689 1575 1724 hic
1588 1690 1629 1724 ad
1651 1689 1711 1726 ista
1722 1690 1954 1735 componenda
1969 1691 2002 1724 in
2017 1689 2149 1734 AEgyp·

1259 1749 1332 1772 tum
1356 1739 1479 1782 legavit
1501 1738 1646 1773 Hofium
1668 1740 1869 1783 Episcopum
1883 1739 2148 1774 cordubensem.

1261 1787 1371 1822 Etiam
1395 1786 1554 1832 Origenis
1579 1785 1762 1831 Presbyteri
1788 1787 1952 1822 novitates
1969 1788 2066 1822 suiffe
2091 1786 2152 1822 Fas·
2178 1824 2187 1830 ,

1259 1837 1359 1873 biano
1382 1837 1539 1872 Pontifici
1560 1837 1699 1877 relatas,
1726 1837 1815 1873 lucet
1845 1849 1887 1872 ex
1901 1838 2011 1872 Sancti
2024 1836 2147 1874 Hiero·
2165 1823 2277 1897 ἔρξ’·

1260 1888 1354 1932 nymi
1376 1887 1524 1931 Epistola
1549 1887 1590 1922 ad
1612 1886 1861 1923 Pammachium
1879 1912 1887 1921 .
1914 1887 2042 1932 Pelagii
2066 1887 2148 1924 item
2183 1883 2190 1891 '

1256 1938 1291 1971 ὅ(
1305 1936 1446 1972 Caelestii
1457 1963 1468 1980 ‚
1494 1936 1664 1974 dumtaxat
1676 1937 1924 1974 Monachorum
1938 1962 1949 1978 ,
1975 1939 2085 1972 causas
2094 1936 2148 1972 In-

1259 1988 1418 2022 nocentio
1441 1988 1548 2033 primo
1570 1988 1749 2024 retulerunt
1786 1988 1938 2032 Episcopi
1974 1987 2144 2023 Africani.

1258 2037 1336 2072 Sine
1355 2037 1564 2084 negligentiae
1574 2038 1669 2082 culpa
1683 2049 1751 2072 non
1762 2039 1900 2081 potuisse
1916 2037 1950 2071 id
1960 2037 1979 2071 ὲ
1989 2038 2023 2071 se
2031 2037 2146 2072 omitti

1259 2088 1396 2130 professa
1407 2089 1471 2121 fuit
1486 2088 1687 2123 Milewitana
1701 2086 1854 2132 Synodus
1865 2110 1876 2128 ,
1901 2087 2045 2131 reposuit
2067 2085 2145 2122 vet&

1257 2135 1419 2171 Pontifex
1431 2135 1590 2171 hanceffe
1602 2137 1772 2182 antiquam
1782 2137 1998 2172 traditionem
2008 2161 2019 2179 ,
2045 2144 2145 2180 atque

1260 2186 1518 2222 Ecclefiasticam
1543 2186 1773 2231 disciplinam
1798 2187 1833 2221 δε
1855 2186 1890 2220 iu
1911 2187 2086 2230 Rescripta
2104 2186 2147 2221 ed
2166 2206 2216 2242 ΕΡ,
2237 2213 2290 2241 9¹·

1259 2236 1553 2283 Carthaginensem
1563 2237 1738 2280 Synodum
1753 2237 1923 2280 adjunxit:
1948 2238 2046 2281 ,ρνὰί
2065 2235 2150 2276 Μί-

1257 2295 1325 2322 ruta
1339 2291 1466 2322 Patriam
1476 2289 1658 2321 Sacerdotali
1666 2287 1857 2329 custodientes
1867 2289 1955 2329 officio
1979 2297 2039 2320 m
2056 2284 2148 2329 tense

1256 2338 1360 2382 tiseffe
1371 2340 1514 2373 calcanda
1524 2363 1535 2379 ‚
1561 2339 1642 2381 quad
1649 2340 1693 2371 illi
1705 2350 1763 2371 non
1773 2337 1908 2371 bumana
1917 2361 1929 2377 ‚
1949 2334 2008 2379 sed
2028 2339 2147 2372 Diam

1257 2389 1414 2423 decrevere
1421 2388 1575 2431 sententia
1584 2411 1596 2428 ,
1621 2398 1655 2422 ut
1666 2389 1819 2431 quidquid
1825 2388 1861 2420 de
1879 2386 2046 2428 disjunc‘lis
2055 2396 2148 2420 remo-

1256 2437 1351 2482 tisque
1362 2441 1530 2473 Provinciis
1540 2447 1676 2483 ageretur
1685 2464 1696 2479 ‚
1722 2450 1780 2471 non
1789 2438 1876 2480 prius
1889 2438 2031 2480 ducerent
2037 2436 2147 2479 finim-

1255 2490 1349 2530 dum,
1375 2488 1483 2531 nisi'ied
1492 2488 1584 2530 hujus
1604 2490 1691 2522 sedis
1713 2492 1854 2523 notitiam
1873 2491 2070 2530 perveniret,
2092 2486 2147 2520 uu

1255 2548 1319 2572 tota
1328 2538 1418 2581 hujus
1427 2539 1606 2574 aucvoritate
1614 2563 1626 2579 ‚
1644 2538 1730 2581 justa
1742 2538 1910 2582 quaefaerit
1916 2539 2147 2579 pronunciatis,

1249 2590 1422 2632 firm-iretur
1434 2614 1442 2622 .
1470 2589 1715 2633 Cuiuscumque
1726 2589 1855 2631 synodi
1863 2587 1907 2623 de
1916 2585 2145 2630 quavishaetcfi

1254 2651 1309 2673 aut
1321 2639 1487 2674 Haeretico
1499 2639 1663 2682 judicium
1674 2637 1822 2671 adfirmat
1835 2649 1904 2671 non
1914 2635 2088 2670 dumtaxat
2098 2646 2145 2669 ro-

1255 2688 1427 2724 ferendum
1437 2689 1620 2729 Pontifici,
1645 2687 1699 2722 sed
1721 2686 1756 2721 &
1780 2686 1822 2721 ab
1848 2686 1919 2729 ipso
1946 2686 2148 2720 confirman-

1256 2740 1355 2774 dum:
1383 2739 1427 2773 Et
1443 2738 1529 2774 hanc
1551 2747 1621 2773 non
1646 2738 1823 2772 humanam
1845 2737 1906 2771 effe
1926 2736 2035 2780 legem
2054 2757 2066 2775 ,
2089 2733 2144 2770 sta

1257 2790 1417 2825 Divinam
1430 2815 1438 2822 .
1466 2790 1509 2824 Et
1522 2788 1667 2833 pluribus
1681 2787 1853 2822 confirmat
1864 2812 1871 2819 .
1897 2787 2143 2821 Omninonm-

1257 2852 1333 2876 nem
1345 2840 1385 2875 de
1406 2840 1473 2874 fide
1495 2840 1675 2874 novitatem
1697 2849 1740 2872 ex
1758 2838 1892 2880 antiqua
1921 2834 2141 2871 Ecciefiuum

1256 2889 1566 2927 consuetudineeffe
1581 2888 1780 2924 referendam
1801 2887 1922 2931 scripfit
1937 2885 1978 2920 ad
1999 2884 2140 2920 Coelest'r

1256 2953 1337 2977 num
1347 2940 1546 2976 Pontificem
1561 2940 1660 2975 etiam
1681 2939 1818 2973 Sanctus
1840 2936 1986 2980 Cyrinus
2005 2934 2140 2969 Patriar-

1257 2992 1320 3028 cha
1330 2990 1575 3026 Alexandrinus
1587 3014 1594 3021 .
1615 2988 1716 3036 Quod
1730 2989 1765 3023 δε
1791 2987 1925 3022 Atticus
1949 2984 2142 3019 Constanti-

1258 3042 1472 3088 nopolitanus
1484 3040 1661 3084 Episcopus
1683 3040 1772 3073 suam
1785 3038 1826 3071 de
1834 3035 1975 3070 Caelestii
1986 3035 2142 3079 dogmate

1257 3095 1291 3128 δε
1304 3102 1430 3128 tentata
1447 3089 1488 3126 ad
1513 3090 1697 3135 generalem
1722 3087 1894 3131 synodum
1920 3084 2142 3129 appellatione

1258 3143 1459 3178 sententiam.
1473 3140 1625 3174 retulisset
1636 3162 1647 3179 ,
1675 3140 1708 3173 in
1722 3138 1837 3173 litteris
1849 3137 1889 3171 ad
1901 3136 1971 3179 ejus
1982 3136 2143 3170 successo·

1257 3205 1325 3228 rem
1338 3191 1525 3227 Nestorium
1538 3189 1715 3225 testatur&
1727 3188 1836 3223 laudat
1860 3186 2005 3221 laudatus
2028 3183 2141 3218 Ponti·-

1258 3246 1311 3279 fex
1323 3242 1510 3278 Caelestinus
1523 3266 1530 3273 .
1559 3239 1699 3275 Exstant
1713 3238 1868 3283 Epistola
1879 3238 1915 3271 in
1926 3235 2019 3269 Astis
2034 3233 2140 3278 Ephe-
2156 3251 2187 3280 L
2210 3259 2233 3279 ¹·
2258 3249 2310 3285 ΕΡ.

1258 3295 1317 3329 fini
1331 3291 1495 3328 Concilii.
1521 3292 1565 3325 Et
1577 3290 1656 3325 hinc
1668 3291 1753 3324 inter
1763 3297 1876 3324 caetera
1886 3287 1967 3320 vitia
1978 3308 1989 3325 ,
2013 3285 2058 3319 ob
2068 3294 2139 3328 quae
2160 3300 2242 3327 1420.

1258 3342 1526 3388 Diospolitanam
1555 3340 1730 3385 synodum
1768 3337 1981 3373 Innocentius
2019 3334 2141 3379 pritnus

1257 3394 1346 3432 dixit
1381 3402 1439 3429 aut
1474 3391 1712 3438 supposititiam
1750 3397 1809 3426 aut
1842 3385 2000 3423 caducam
2028 3407 2040 3424 ‚
2071 3384 2140 3440 ⁷fuit

2006 3445 2093 3468 oml-

2179 819 2226 855 Ep.
2250 827 2310 855 13⁷·
