2366 3756
493 117 548 159 *κ-
631 113 1713 164 ΟοΝεῙιῐυ-Μ.Κ.οΜΑΝυΜ.
1960 130 2027 174 69

236 209 333 280 fimt
368 205 472 255 61εὲἶὶ
504 241 518 266 ,
553 222 615 251 nec
651 201 677 250 εὶ
709 201 876 272 plebibus
909 202 1066 268 expetiti
1100 235 1114 259 ,
1161 215 1224 247 nec
1258 197 1287 246 ai
1321 199 1711 268 Comprovz'net'alibus
1755 197 1954 271 Episcopis
2005 224 2089 253 cum

244 275 540 347 Metropolitani
566 272 709 344 judicio
743 269 945 339 cozficrati
980 305 994 317 .
1071 271 1201 344 Qia
1238 270 1349 321 vero
1384 270 1526 330 Sedes:
1545 270 1802 340 Apostolica
1845 276 2011 323 cunstis
2045 276 2092 328 in

243 350 361 401 orbe.
385 363 594 398 terrarum
628 342 853 411 praefertur
889 340 1108 392 Ecclefiis
1128 367 1159 402 ,τ
1190 358 1328 409 atque
1375 341 1489 392 ideo
1505 347 1508 372 ³
1524 339 1652 410 supra
1705 341 1748 393 se
1769 345 2093 412 *Metropolita-

243 439 351 470 num
387 418 547 468 habere
581 432 671 464 non
707 414 852 483 potest
884 450 898 476 ,
947 412 1209 463 Cardinales
1244 410 1453 481 Episcopi
1502 413 1655 478 procul
1689 411 1827 464 dubio
1863 419 2096 483 Metropo-

244 493 372 541 litani
411 493 509 554 vice
544 485 786 550 funguntur>
818 519 832 546 ‚
866 486 947 554 qui
982 483 1192 538 videlicet
1227 484 1409 551 eleotum
1445 480 1711 550 Episcopum
1757 484 1816 533 ad
1850 485 2097 554 Apostolici

244 563 449 613 culminis
485 560 657 628 apicem
693 557 968 628 provehant.
1146 605 1148 608 ,

316 634 495 695 Eligant
543 645 691 680 autem
712 639 715 642 ’
738 627 797 695 de
825 629 978 698 „ipsius
1013 624 1213 691 Ecclesiae
1261 625 1430 689 gremio
1463 659 1477 685 ,
1528 623 1571 684 st
1608 625 1822 691 reperitur
1868 623 2052 694 idoneus
2078 636 2098 688 ς’

243 704 316 753 vel
351 702 384 752 fi
419 701 475 752 de
510 700 600 771 ipsa
635 718 725 752 non
765 702 994 753 invenitur
1027 736 1041 761 ,
1076 716 1132 749 ex
1169 697 1259 764 alia
1292 694 1525 746 affumatur
1559 731 1574 758 ,
1609 693 1732 745 salvo
1767 694 1924 746 debito
1959 696 2096 747 hono-

244 792 290 823 re
326 778 371 824 &
407 774 653 824 reverentia
686 769 835 824 dilecti
870 770 951 835 filii
986 769 1120 822 nostri
1158 770 1342 828 Henrici
1383 805 1396 829 ,
1445 768 1526 836 qui
1562 769 1609 816 in
1644 765 1965 835 praesentiarum
2001 771 2097 818 Rex

244 843 430 895 habetur
451 881 464 904 ‚
501 847 544 895 &
571 843 739 896 futurus
769 849 1014 913 Imperator
1038 878 1052 905 ,
1089 845 1193 891 Deo
1217 838 1491 891 concedente
1517 875 1530 900 ‚
1567 836 1758 907 speratur
1781 875 1795 900 ,
1833 834 1940 887 fi'cut
1965 842 2098 903 jam-⁴

241 918 286 964 ei
309 914 596 965 eoncessimus
621 953 634 978 ,
672 920 717 966 δι’
741 914 1060 967 Succefforibus
1090 913 1209 962 illius
1233 949 1247 974 ‚
1282 914 1364 980 qui
1393 910 1452 960 ab
1474 910 1730 980 Apostolica
1762 907 1872 969 Sede
1896 908 2096 977 persona-

242 986 343 1035 liter
370 985 455 1035 hoc
483 990 549 1051 Jus
575 989 910 1056 impetraverint
938 1024 953 1037 .
991 981 1133 1058 Qod
1175 982 1208 1033 fi
1238 999 1474 1052 pravorum
1501 991 1638 1050 atque
1664 984 1916 1049 iniquorum
1954 980 2097 1030 homi-

239 1073 347 1105 num
374 1057 632 1124 perversitas
669 1062 735 1110 ita
776 1060 1012 1110 invaluerit
1036 1093 1050 1118 ,
1087 1070 1137 1104 ut
1168 1071 1276 1122 pura
1299 1090 1314 1115 ,
1350 1053 1513 1102 fincera
1537 1090 1550 1115 ‚
1587 1068 1724 1120 atque
1771 1053 1965 1116 gratuita
2002 1050 2098 1101 fieri

240 1129 289 1175 in
329 1127 435 1177 urbe
474 1145 564 1179 non
606 1131 736 1198 possit
776 1132 934 1181 εῐεᾶὶο
958 1166 972 1191 ,
1008 1126 1269 1177 Cardinales
1309 1123 1521 1192 Episcopi
1559 1141 1661 1172 cum
1690 1123 1925 1187 Religiofis
1953 1123 2098 1172 Cleri-

240 1199 303 1246 eis
329 1233 342 1258 ‚
379 1199 715 1262 Catholicisque
750 1198 912 1244 Laicis
947 1230 962 1255 ‚
1000 1200 1105 1244 licet
1142 1197 1294 1264 paucis
1320 1231 1334 1255 ‚
1370 1199 1437 1260 jus
1472 1194 1701 1261 potestatis
1737 1194 1970 1243 obtineant
2019 1194 2100 1242 eli-

241 1286 341 1330 gere
387 1266 653 1336 Apostolicae
678 1264 799 1315 Sedis
828 1261 1092 1315 Pontificem
1121 1301 1134 1325 ‚
1169 1266 1246 1315 ubi
1271 1268 1513 1329 congr'uere
1550 1263 1744 1315 viderint
1766 1301 1780 1313 .
1816 1263 1951 1313 Plane
1985 1263 2101 1331 post-

242 1354 380 1404 quam
434 1338 591 1386 el'efflo
631 1335 764 1387 fuerit
814 1336 963 1397 faeta,
1015 1335 1046 1385 fi
1083 1334 1243 1385 bellica
1282 1336 1517 1403 tempestas
1542 1372 1556 1396 ‚
1604 1337 1678 1385 vel
1731 1333 2102 1402 qualiscumque„

243 1409 475 1457 hominum
514 1421 701 1454 conatus
750 1406 1042 1468 malignitatis
1089 1404 1232 1454 studio
1273 1405 1481 1454 restiterit
1507 1441 1521 1464 ,
1558 1419 1608 1453 ut
1644 1407 1682 1452 is
1720 1407 1800 1470 qui
1825 1405 1984 1453 electus
2012 1404 2101 1465 est,

243 1480 290 1527 in
315 1476 576 1542 Apostolica
604 1472 714 1523 Sede
746 1481 870 1540 quta
893 1473 1251 1522 consuetudinem
1276 1473 1558 1537 authorizari'
1589 1490 1681 1521 non
1706 1475 1853 1522 valeat
1878 1509 1891 1533 ‚
1929 1475 2103 1523 Electus

241 1559 392 1592 tamen
417 1577 432 1603 ,
471 1543 580 1591 ficut
618 1557 742 1590 verus
782 1545 905 1608 Papa
929 1576 942 1601 ,
978 1541 1155 1590 obtinet
1192 1543 1502 1591 amstoritatem
1527 1539 1707 1604 regendi
1731 1544 1985 1591 Romanam
2015 1548 2103 1593 Ec-

242 1613 419 1664 clesiam
457 1647 471 1673 ,
507 1616 550 1661 &
578 1607 842 1679 disponendi
868 1627 1023 1661 omnes
1065 1611 1301 1662 facultates
1325 1613 1443 1661 illius
1468 1649 1482 1660 .
1522 1609 1663 1683 Qod
1702 1617 1888 1663 Beatum
1929 1615 2103 1679 Grego-

242 1686 358 1734 rium
382 1681 486 1732 ante
508 1680 636 1731 'suam
664 1680 1041 1732 consecrationem
1071 1680 1214 1743 seciffe
1252 1685 1543 1746 cognovimus
1561 1719 1576 1730 .

318 1752 462 1827 Qod
491 1753 522 1802 fi
551 1755 654 1821 quis
680 1768 837 1802 contra
868 1753 954 1802 hoc
985 1752 1175 1802 nostrum
1200 1757 1443 1804 Decretum
1469 1790 1483 1816 ,
1522 1753 1735 1822 Synodali
1761 1753 1975 1807 sententia
2002 1775 2102 1825 pro-

244 1826 491 1889 mulgatum
521 1859 535 1884 ,
571 1842 649 1891 per
675 1821 934 1889 seditionem
970 1825 1039 1872 vel
1068 1822 1453 1893 praesumptionem
1486 1825 1690 1892 quolibet
1718 1828 1897 1891 ingenio
1929 1829 2102 1888 electus,

244 1912 321 1945 aut
347 1897 488 1945 etiam
523 1893 754 1943 ordinatus
780 1931 795 1954 ‚
830 1892 902 1943 seu
940 1894 1265 1944 inthronizatus
1303 1894 1471 1956 fuerit,
1508 1900 1770 1947 austoritate
1816 1899 1988 1948 Divina
2010 1935 2024 1960 ,
2060 1903 2104 1948 &

246 1970 501 2016 Sanctorum
533 1963 852 2032 Apostolorum
875 1967 997 2014 Petri
1034 1969 1078 2015 &
1105 1966 1270 2027 Pauli,
1309 1982 1526 2035 perpetuo
1562 1968 1844 2019 anathemate
1878 1987 1979 2019 cum
2018 1968 2103 2020 suis

245 2037 517 2097 auctoribus,
548 2034 792 2085 fautoribus
826 2034 1358 2103 &sequacibus'alimine
1371 2036 1519 2087 sanctae
1535 2041 1627 2089 Dei
1644 2040 1841 2089 Ecclesiae
1866 2039 2102 2109 separatus,

245 2107 479 2172 abjiciatur
505 2106 614 2156 ficut
640 2106 934 2155 Antichristus
963 2143 976 2166 ‚
1012 2104 1206 2166 invasor,
1243 2111 1287 2156 δι
1310 2107 1545 2157 destruetor
1570 2113 1707 2160 totius
1735 2112 2100 2164 Christianitatis.

245 2181 348 2227 Nec
388 2179 538 2243 aliqua
577 2175 701 2242 super
742 2177 826 2223 hoc
861 2175 1086 2222 audientia
1124 2174 1363 2223 reservetur
1392 2211 1405 2235 ‚
1442 2176 1515 2224 sed
1553 2179 1610 2224 ab
1634 2184 1758 2226 omni
1800 2183 2101 2234 Ecclesiastico

250 2245 387 2309 gradu
411 2281 424 2305 ‚
462 2248 509 2293 in
536 2260 820 2311 quocumque
846 2242 987 2291 fuerat
1018 2243 1139 2309 prius
1167 2280 1180 2303 ‚
1219 2243 1307 2292 fine
1333 2250 1640 2295 retraetatione
1676 2247 1923 2315 deponatur
1944 2287 1958 2299 .
2011 2257 2100 2304 Cui

248 2314 445 2381 quisquis
472 2312 697 2362 adhaeserit
726 2348 739 2371 ,
776 2313 847 2361 vel
874 2313 1243 2379 qualemcumque
1268 2328 1497 2381 tamquam
1527 2316 1732 2366 Pontifici
1760 2324 2099 2373 reverentiam..

250 2384 493 2434 exhibuerit
521 2419 534 2445 ‚
570 2397 647 2431 aut
678 2383 725 2430 in
756 2383 910 2450 aliquo
936 2400 1037 2432 eum
1067 2381 1301 2433 defendere
1325 2382 1638 2455 praesumpserit
1661 2425 1676 2451 ‚
1712 2387 1809 2458 pari
1841 2390 2099 2447 sententia„¹

250 2455 303 2505 fit
343 2457 619 2521 mancipatus
639 2488 652 2499 .
1602 2474 1605 2479 ‘

327 2523 540 2596 Qisquis
565 2538 712 2572 autem
752 2523 879 2588 hujus
906 2523 1058 2574 nostrae
1084 2524 1318 2575 decretalis
1347 2523 1571 2579 sententia:
1597 2544 1838 2584 temerator
1860 2536 2095 2601 exstiterit,

251 2600 295 2645 &
330 2599 585 2645 Romanam
627 2593 866 2643 Ecclesiam
904 2593 977 2643 sua
1002 2595 1337 2664 praesumptione
1378 2599 1647 2652 confundere
1667 2640 1681 2664 ‚
1716 2609 1761 2654 δε
1797 2609 2095 2664 conturbare„

253 2682 408 2715 contra
433 2667 517 2715 hoc
545 2670 768 2715 Statutum
795 2670 1030 2716 tentaverit
1050 2704 1063 2728 ,
1101 2683 1316 2736 perpetuo
1337 2670 1642 2733 anathemate,
1678 2691 1814 2743 atque
1844 2696 2094 2728 excommu-

254 2739 477 2787 nicatione
501 2735 732 2786 damnetur
757 2773 770 2796 ,
809 2741 853 2785 &
878 2754 979 2786 cum
1011 2740 1159 2806 impiis
1179 2777 1192 2800 ,
1228 2741 1307 2806 qui
1334 2757 1424 2790 non
1461 2741 1681 2806 resurgent
1719 2748 1765 2794 in
1788 2746 1956 2812 judicio
1979 2787 1992 2811 ‚
2029 2768 2097 2800 re·-

255 2824 433 2875 putetur
460 2845 472 2856 .
508 2810 846 2875 Omnipotentis
873 2810 982 2856 iram
1012 2824 1167 2858 contra
1204 2808 1244 2858 se
1268 2809 1425 2860 sentiat
1450 2849 1463 2872 ‚
1501 2818 1545 2863 &
1575 2819 1828 2865 Sanetorum
1855 2820 2093 2889 Apostolo-

255 2896 353 2926 rum
380 2879 501 2928 Petri
538 2883 580 2927 &
623 2880 787 2938 Pauli,
824 2896 1013 2945 quorum
1058 2880 1292 2930 Ecclesiam
1320 2882 1537 2950 praesumit
1586 2886 1855 2939 confundere
1881 2927 1895 2951 ‚
1931 2894 1978 2940 in
2009 2892 2092 2941 hac

255 2951 352 2997 vita
387 2953 430 2997 &
458 2951 503 2999 in
531 2949 675 2998 futura
698 2949 888 2999 furorem
915 2948 1072 2999 sentiat
1098 2988 1110 2999 .
1151 2954 1247 3001 Fiat
1275 2953 1497 3004 habitatio
1523 2960 1613 3020 ejus
1639 2956 1807 3008 deserta
1838 2996 1851 3021 ,
1888 2965 1931 3010 &
1954 2965 2000 3010 in
2025 2979 2092 3012 ta-

257 3018 498 3090 bernaculis
523 3024 613 3086 ejus
637 3038 727 3069 non
752 3020 803 3069 sit
838 3023 918 3088 qui
946 3021 1205 3071 inhabitet.
1243 3027 1370 3074 Fiant
1408 3025 1486 3074 filii
1525 3031 1614 3092 ejus
1638 3030 1824 3096 orphani
1853 3067 1866 3091 ,
1904 3035 1947 3081 δε
1983 3050 2092 3083 uxor

255 3094 347 3153 ejus
374 3088 507 3137 vidua
532 3126 545 3138 .
582 3096 845 3140 Commotus
871 3110 1203 3142 commoveatur
1227 3093 1314 3161 ipse
1338 3132 1352 3156 ,
1388 3100 1431 3144 δε
1459 3096 1538 3146 filii
1568 3102 1657 3162 ejus
1682 3136 1696 3161 ‚
1733 3104 1777 3149 &
1802 3101 2052 3153 mendicent
2076 3140 2090 3165 ‚

257 3164 301 3208 δε
344 3161 575 3224 ejiciantur
613 3161 669 3210 de
708 3161 1055 3212 habitationibus
1098 3164 1179 3212 suis
1211 3200 1223 3211 .
1270 3170 1492 3217 Scrutetur
1518 3168 1753 3219 foenerator
1788 3190 1964 3221 omnem
1993 3172 2089 3223 sub-

260 3230 463 3279 stantiam
492 3235 582 3295 ejus
606 3267 619 3290 ‚
656 3238 699 3281 &
726 3231 938 3300 diripiant
968 3235 1102 3284 alieni
1132 3234 1303 3284 labores
1334 3242 1424 3302 ejus
1456 3275 1469 3286 .
1518 3239 1656 3289 Orbis
1682 3257 1889 3291 terrarum
1920 3260 2089 3311 pugnet

259 3316 415 3350 contra
442 3319 542 3351 eum
564 3337 576 3360 ‚
615 3304 659 3350 &
680 3307 832 3352 cuncta
859 3306 1082 3355 elementa
1122 3306 1203 3354 sint
1230 3308 1270 3353 ei
1301 3311 1518 3358 contraria
1544 3347 1557 3370 ‚
1593 3315 1637 3360 δε
1675 3316 1873 3362 omnium
1913 3320 2090 3364 Sancto-

260 3389 354 3421 rum
381 3370 701 3441 quiescentium
727 3377 885 3426 merita
909 3377 1034 3426 illum
1061 3375 1368 3439 confundant,
1404 3383 1447 3429 δε
1485 3383 1531 3430 in
1570 3382 1652 3432 hac
1692 3386 1788 3434 vita
1835 3383 1959 3451 super
1989 3402 2090 3433 eum

1822 3470 2020 3521 apertam
