2366 3756
53 1949 140 1991 §sista
149 1960 179 1996 3:³⁷

892 120 1387 171 Drer'nrus,

221 208 323 256 Quod
347 208 452 250 ipsum
494 204 712 248 Symmachus
740 204 951 251 confirmarit
978 229 985 237 .
1028 204 1111 251 Qae

218 259 333 299 omnia
358 256 494 301 Ioannis
515 256 661 290 Launoii
687 255 802 288 oculos
820 252 905 295 adeo
922 252 1004 298 'dum
1018 254 1110 288 serie-

219 320 316 350 runt,
340 308 499 352 *utipsutn
521 304 740 349 compulerint
764 303 804 338 ad
819 300 892 337 hLaec
917 299 1108 340 scribenda:

218 363 284 403 ,Qut
296 358 405 402 scribit
413 367 469 401 pro
479 358 586 396 synodo
603 357 636 390 δ’
648 357 738 399 Papa
751 378 761 394 ‚
782 352 882 401 sueri?
910 354 1051 391 synodum
1075 355 1109 390 (τ

219 413 340 452 Papam
358 409 465 451 sapere
489 419 546 441 non
556 406 656 443 debet.
685 405 849 439 Ennodius
859 401 954 446 supra
967 405 1109 442 synodum

218 461 253 493 ὁ·
267 463 385 502 Papam
405 458 528 502 saperet
539 483 549 498 ,
569 455 695 499 st'prout
716 454 795 487 illius
805 453 950 495 postrema
965 453 1058 488 verba
1064 452 1108 496 [0,-

219 520 295 542 nant
309 535 318 550 ‚
344 510 579 553 intelligeretur..
608 509 690 551 ,Quae
702 506 738 540 de
751 507 840 547 Papa
850 506 921 540 dicit
931 505 1105 545 Ennodius,

218 559 296 602 dese
310 563 399 601 Papa
425 569 483 591 non
495 559 581 591 dicit.
618 555 812 595 Ennodiutn
825 579 835 595 ‚
860 553 940 592 dum
966 554 1024 597 ista
1037 554 1111 587 scri-

223 610 282 653 psit
297 634 307 649 ‚
322 609 412 650 addit
423 609 516 643 fuisse
525 608 676 651 juvenem
688 630 699 645 ,
718 605 751 639 &
763 605 986 648 prosequitur:
1014 606 1111 647 ‚Quin-

219 668 253 692 ta
266 664 402 694 Romana
414 660 572 698 synodus,
597 669 662 691 cum
686 652 951 698 hocprosptceret,
974 655 1110 693 Ennodii

220 708 320 742 honori
333 707 478 751 consulere
489 710 583 743 voluit
593 730 605 746 ,
621 714 710 749 atque
721 714 754 749 ut
767 703 924 747 consuleret
935 730 947 745 ‚
974 707 1004 736 E
1007 705 1111 741 nnodii

218 759 510 801 labellum'probando
528 757 616 800 suum
618 756 696 799 fecit
710 780 717 788 .
744 759 791 788 Et
803 760 848 788 ita
862 756 954 788 noluit
965 778 976 795 ,
1003 765 1037 788 ut
1045 757 1111 790 Ea-

221 811 304 851 nodii
335 809 432 851 libello
438 810 510 850 plus
518 806 590 851 fidei
602 808 691 851 quam
696 804 751 847 fibi}
759 805 937 842 tribueretur
950 829 957 837 .
987 803 1042 847 Ut
1053 804 1112 842 suaej

221 859 443 904 cogitationes
465 857 614 893 adversus
634 856 823 900 Romanum
847 854 1047 902 Episcopum
1060 864 1112 892 va-

222 909 312 954 leant
324 932 335 949 ,
351 906 502 942 adfirmat
512 908 546 946 ὃς
561 906 780 945 Εηηοάἰιιιηὲ
799 915 877 941 vero
891 929 903 945 ,
929 905 961 939 &
974 915 1034 947 pro
1048 903 1113 951 Eu·

222 957 316 1001 nodii
330 957 455 992 ho'norc
467 958 638 1000 Synodum
648 957 689 991 ab
702 967 794 1000 aequo
804 955 838 990 &
850 955 936 995 resto
950 950 1090 988 deviasse
1103 978 1110 985 .

212 1018 214 1024 ’
267 1006 472 1053 Respondet>
494 1006 560 1042 haec
573 1005 823 1042 Commentaria
848 1010 996 1046 patenter
1007 1011 1112 1043 extra-

223 1058 354 1104 vagari.
383 1058 507 1093 Revera
523 1056 617 1090 enim
642 1054 741 1097 nullis
752 1052 1029 1093 Commentariis,
1056 1052 1109 1086 sed

222 1110 298 1150 solis
309 1108 502 1153 oculiseget
518 1105 645 1150 Synodi
659 1104 806 1141 adversus
829 1103 877 1137 sui
890 1105 1006 1137 fastam
1018 1103 1035 1135 a
1049 1102 1113 1136 Re-

222 1170 265 1203 ge
278 1159 556 1193 convocationem
569 1155 752 1197 intercessio
764 1179 771 1186 .
801 1153 957 1195 Pontifices
967 1174 979 1191 ,
1002 1151 1110 1194 quibus

221 1210 374 1253 allegandi
407 1208 583 1244 imminebat
609 1202 710 1245 occafio
737 1227 747 1243 ‚
766 1202 963 1252 suggesserunt
994 1200 1113 1245 ipsum,

219 1265 273 1301 qui
298 1258 448 1294 dicebatur
474 1262 651 1297 impetitus,
679 1252 956 1298 debuiffie‘sfflodum
976 1257 1112 1286 convoca-

219 1320 275 1348 re,
298 1306 426 1350 scientes
450 1310 524 1349 quia
548 1307 612 1347 ejus
634 1306 702 1348 Sedi
722 1304 855 1347 primum
880 1305 968 1338 Petri
991 1301 1113 1344 Apostoli

221 1361 361 1392 meritum
381 1358 433 1392 vel
454 1359 649 1400 Puni-ipatus
673 1379 685 1397 ,
710 1354 819 1389 deinde
841 1352 941 1397 secuta
960 1353 1113 1394 jussionem

221 1411 343 1440 Domini
356 1409 551 1440 conciliorum
576 1406 814 1445 venerandorum
837 1404 1000 1441 auHoritas
1015 1402 1116 1446 fingu-

221 1459 315 1498 larem
327 1463 359 1490 m
371 1456 510 1497 'Ecclefiir
523 1457 656 1491 tradidit
664 1454 839 1497 potestatem
855 1479 866 1494 ,
893 1465 944 1487 nec
956 1453 1115 1491 antedillae

217 1506 299 1551 fi‘dis,
321 1506 485 1548 Antistium
507 1510 653 1540 minorum
659 1503 958 1548 subjdmiff'eJudicio
969 1503 1115 1545 inpropor

214 1556 317 1599 st'tione
332 1556 419 1600 simili
442 1581 453 1598 ,
472 1554 570 1598 facile
581 1555 687 1598 forma
708 1556 815 1598 aliqua
848 1553 1001 1602 testaretur
1023 1576 1038 1601 ·,
1059 1552 1118 1588 Sed

216 1603 432 1650 ‘potentiffimus
455 1603 713 1648 Princepg'ipsuyn,
724 1613 837 1648 quoque
853 1606 979 1643 Papam
997 1606 1030 1635 in
1039 1600 1116 1637 colli}

216 1655 322 1699 genda
342 1655 451 1698 synodo
472 1653 659 1700 voluntalem
678 1650 766 1695 sicam
793 1651 902 1691 (itteris
915 1647 1115 1693 demonstrasse

215 1703 416 1749 significavit.
444 1703 488 1739 Et
511 1702 641 1736 aclero
664 1699 726 1736 &a
747 1701 872 1746 populo
896 1696 938 1734 de
955 1699 1045 1734 vario
1057 1699 1115 1733 cri-

225 1754 316 1794 mine
323 1755 493 1789 accusatus
505 1748 720 1793 Symmachus
746 1750 791 1785 est
804 1751 949 1784 imitatus
963 1751 1036 1783 suos
1047 1746 1116 1782 An-

222 1802 395 1838 ’teceffores
420 1827 430 1843 ‚
455 1802 609 1841 Sansium
630 1800 830 1850 Sylvestrum
857 1799 891 1839 &
914 1799 1113 1838 Damasum.

225 1855 283 1889 De
302 1863 442 1896 quorum
467 1851 568 1896 priori
597 1849 751 1889 Romana
776 1849 932 1895 posterior
958 1848 1115 1893 Synodus

225 1902 347 1948 scripsit
360 1902 401 1937 ad
418 1902 634 1947 Imperatores·
641 1901 837 1936 Gratianum
850 1911 888 1934 ac
907 1898 1116 1934 Valentinia-

226 1965 306 1991 num
320 1951 513 1989 secundum:
545 1954 659 1993 Frater
672 1946 766 1992 noster
782 1948 932 1993 Damasus
943 1974 954 1992 ,
973 1954 1115 1992 quoniam

223 2010 258 2038 in
274 2003 333 2046 sua
356 1999 447 2045 causa
471 1999 561 2043 vestri
580 2002 662 2035 'tenet
687 1999 795 2045 infigne
810 2001 923 2041 „iudicii
942 2023 955 2041 ‚
979 2009 1037 2036 non
1057 1997 1115 2041 fiat

225 2053 349 2095 inferior
360 2052 428 2093 his,
457 2051 567 2095 quibus*
583 2049 769 2093 etfiaequalir
791 2049 828 2091 est
840 2061 960 2093 munere
971 2075 982 2092 ,
1004 2055 1115 2090 praero-

220 2108 335 2149 gativa
356 2113 456 2137 tamen
477 2102 562 2134 sedis
583 2100 749 2141 Apostolrcae
768 2101 885 2139 excellit
897 2123 908 2139 ,
933 2107 967 2131 ur
986 2097 1114 2138 publicis

218 2154 349 2195 judiciis
372 2153 539 2185 videantur
559 2151 612 2194 effe
630 2146 775 2191 subjec'i‘i,
801 2147 908 2188 quibus
929 2145 1114 2179 sacerdotale

226 2209 315 2243 caput
337 2201 386 2232 lex
414 2198 513 2238 vestra
530 2196 702 2240 submovit.
730 2200 766 2228 In
788 2208 844 2238 quo
857 2195 920 2238 post
932 2194 1114 2239 sententiam
1167 2195 1233 2238 fuit
1267 2193 1392 2237 causam.
1427 2195 1521 2228 dicere
1544 2220 1552 2227 .

229 2263 285 2284 non
298 2251 419 2290 videtur
430 2249 576 2286 declinare
578 2245 728 2294 jqdc‘cium
742 2271 753 2287 ,
774 2244 835 2292 sed
851 2247 986 2279 delatam
997 2247 1017 2283 ὰ
1028 2245 1112 2278 vobis

227 2299 473 2343 honorificentiam
495 2298 646 2341 flagitare.
678 2301 764 2330 Nam
778 2296 859 2338 quod
878 2296 921 2329 ad
930 2297 1007 2339 leges
1018 2295 1112 2338 publi·

227 2361 279 2384 cas
299 2354 433 2392 pertinet
442 2373 453 2388 ,
481 2358 547 2390 quae
565 2346 660 2390 potest
680 2346 732 2391 effe
743 2350 811 2384 vita
823 2351 963 2379 munitior
974 2370 986 2387 ‚
1022 2346 1114 2387 quam

228 2399 326 2440 'cestra
347 2400 539 2437 clementia,
563 2407 623 2438 qua
644 2401 773 2429 munitur
793 2420 804 2437 ,
823 2396 996 2437 judicata?
1021 2396 1115 2438 ‚Quod
1144 2426 1146 2428 ,

230 2453 306 2485 ‘verb>
323 2450 368 2481 ad
373 2447 602 2490 praedicandam
612 2445 752 2489 Episcopi
772 2444 975 2489 conscientittm
984 2443 1110 2488 severio-

229 2499 312 2535 ribus
331 2497 365 2542 se
387 2499 471 2531 dedit
491 2494 552 2539 ipse
570 2497 698 2537 judiciis
724 2496 937 2534 sacerdotum,
965 2497 985 2527 a*
1007 2494 1110 2538 quibus

231 2560 288 2582 non
308 2553 458 2587 nominis,
480 2545 540 2589 sed
558 2551 649 2580 etiam
672 2557 784 2583 morum
807 2551 875 2579 vita
882 2542 1047 2587 pensatur,
1074 2555 1111 2579 ne

230 2604 297 2642 quis
313 2598 426 2637 iterum
449 2596 643 2629 calumniator
665 2594 810 2636 existens,
837 2596 909 2628 dum
920 2601 1111 2629 memoratum.

231 2655 352 2682 conatur
373 2653 512 2689 appetere
523 2670 535 2686 ,
561 2649 667 2680 virum.
684 2646 803 2689 quidem
824 2643 920 2688 ipsum
942 2656 998 2678 non
1022 2654 1111 2687 queat

232 2698 341 2731 laedere
354 2721 365 2737 ,
391 2708 477 2740 quem
500 2701 666 2732 innocentia
685 2693 743 2738 sua
766 2701 862 2730 munit
875 2719 885 2736 ,
911 2696 1056 2739 Religioni
1066 2704 1111 2728 ta-

233 2759 301 2780 men
321 2747 378 2789 fiat
389 2748 501 2787 injuria
520 2751 552 2779 in
561 2745 770 2780 vexationibus
795 2743 1013 2786 Ministrorum3
1040 2749 1111 2778 acci·

230 2804 297 2841 pite
309 2797 395 2830 aliud
404 2806 524 2843 quoque,
533 2797 615 2837 quod
623 2801 673 2832 vir
681 2795 802 2839 sandius
814 2800 910 2838 magis
932 2793 1036 2834 vestra·
1048 2805 1114 2828 con·

229 2847 315 2889 ferre
338 2849 450 2885 Pietati
477 2870 488 2891 ,
512 2845 601 2887 quam
627 2845 675 2882 fibi
697 2845 840 2888 praestare
862 2843 1006 2886 defiderat
1028 2869 1038 2886 ,
1060 2855 1111 2883 nec

240 2899 379 2940 derogare
389 2900 524 2938 cuiquam
537 2918 548 2935 ,
569 2893 625 2937 sed
634 2896 822 2939 Principibus
842 2897 1001 2939 adrogare.
1029 2897 1110 2938 ‚Quo-

241 2953 391 2985 niamnon
413 2956 525 2979 novum
538 2945 654 2987 aliquid
657 2952 758 2987 pem,
779 2943 1112 2989 sedsequiturexempla

240 2998 411 3037 Majorum„
435 3000 473 3033 Ur
497 2993 659 3039 Episcopus
679 2997 828 3033 Romanus
841 3019 850 3035 ,
870 2994 901 3037 fi
906 2995 1033 3033 Concilio
1051 2997 1112 3036 ejus.

241 3044 327 3089 causa
349 3056 407 3083 non
435 3045 563 3078 creditur·
584 3069 595 3085 ,
621 3046 704 3086 apud
725 3047 886 3084 Concilium
901 3043 934 3088 se
958 3046 1113 3088 Imperiale

240 3096 386 3138 defendat
413 3119 420 3128 .
460 3098 546 3127 Nam
570 3096 606 3132 6,·
625 3094 760 3136 sylvester
786 3099 872 3138 Papa
908 3098 928 3128 ἃ
960 3093 1113 3138 sacrilegis

240 3144 394 3189 accusatus
418 3168 428 3185 ,
455 3145 540 3187 apud
557 3151 714 3186 parentem
738 3146 864 3187 vestrum
891 3142 1115 3187 Constantinum

241 3194 359 3239 causam
375 3200 529 3237 propriam
544 3192 711 3237 prosecutus,
733 3194 786 3235 est.
814 3196 870 3229 An
884 3194 1115 3233 Clericoruma

242 3247 329 3282 laico
349 3243 525 3282 Tribunali
546 3245 710 3287 exemptio
735 3245 773 3278 fit
800 3245 915 3285 Divini
937 3246 1015 3289 juris
1034 3271 1046 3287 ‚
1070 3245 1114 3281 est

243 3297 342 3342 longa
365 3295 518 3341 quaestioz
546 3294 679 3334 Interim
699 3294 734 3327 in
756 3294 822 3338 ipsa
835 3296 968 3337 Nicaena
980 3295 1115 3339 Synodo

243 3347 412 3382 adversarii
436 3344 587 3389 Episcopi
614 3356 682 3384 non
709 3344 794 3387 apud
820 3345 938 3388 ipsam,
966 3345 1019 3387 sed
1032 3345 1115 3390 apud

1890 120 1986 180 287

1149 217 1155 254 ζ
1172 204 1289 244 libellis
1300 204 1548 238 accusaverunt.
1576 203 1709 248 Utique
1724 216 1788 240 non
1804 203 1844 240 de
1855 203 2054 239 Ecclesiasti-

1152 257 1154 283 ἰ
1171 255 1218 288 cis
1230 279 1240 295 ,
1252 254 1303 289 sed
1315 255 1355 288 de
1366 254 1518 289 civilibus
1528 254 1736 289 criminibus.
1766 256 1860 289 Hinc
1871 252 1959 294 enim
1971 253 2052 296 ¹dum

1152 300 1154 308 ’
1172 303 1300 350 libellos
1322 314 1468 338 exureret
1480 303 1633 349 Princeps
1654 302 1794 349 reposuit
1810 303 1845 339 'se
1856 304 1952 339 malle
1963 305 2052 343 adul-

1172 364 1278 389 terum
1317 353 1519 398 Episcopum
1547 365 1654 400 tegere
1690 356 1817 400 propria
1847 351 2053 401 chlamyde,

1173 405 1270 448 ,quam
1291 401 1432 447 judicare
1444 428 1451 436 .
1479 403 1523 437 Et
1535 405 1620 443 certe
1641 404 1682 441 de
1696 404 1925 442 Ecclefiaflicis
1943 404 2054 439 adver-

1173 454 1226 488 sus
1239 454 1451 495 Caecilianum
1473 452 1763 498 Carthaginensem
1777 456 1974 500 Episcopum.
1996 455 2054 499 cri-7

1174 501 1319 540 minibus
1341 503 1581 547 interpellantes
1592 505 1782 540 Donatist'as
1801 505 1844 539 est
1859 505 2052 546 detestatus,

1174 561 1234 588 nec
1258 554 1364 601 nisiin
1387 556 1481 596 tertia
1502 553 1657 591 instantia
1677 556 1864 599 compulsus
1884 556 2052 590 &invitus

1174 603 1318 638 audivit.
1345 604 1440 650 Qin
1463 604 1771 644 &Christianorum
1792 605 1972 648 persecutor
1985 604 2053 639 Au-

1173 653 1316 693 relianus
1340 652 1509 697 Augustus
1531 654 1571 693 de
1587 653 1744 693 similibus
1764 651 1913 690 adversus
1935 654 2054 691 Antio-

1176 701 1316 738 chenam
1352 703 1527 746 Synodum
1563 705 1755 742 criminibus
1790 704 2054 750 interpellantem

1174 753 1316 791 Paulum
1343 753 1590 787 samosatenum
1621 753 1808 789 Antiochiae
1835 752 2053 789 patriarcham

1174 803 1293 837 remilit
1313 802 1353 837 ad
1368 803 1567 848 Episcopum
1578 801 1770 838 Romanum
1781 830 1788 836 .
1818 805 1928 839 Etiam
1940 803 2054 846 Judaeis

1175 852 1281 887 Sancti
1292 853 1387 900 Pauli
1401 852 1557 897 Apostoli
1568 854 1829 900 pi‘ae'dicationem
1840 853 1880 891 de
1892 852 2055 895 turbulen-

1175 902 1219 936 tia
1241 898 1468 944 accusantibus
1490 902 1654 948 respondit
1677 904 1792 939 Gallio
1820 902 1955 939 Achaiae
1980 903 2060 936 Pro«,

1175 953 1291 988 consul
1306 965 1316 994 ε,
1341 956 1373 987 51·
1396 956 1518 1002 quidem
1539 955 1603 998 esset
1622 960 1755 998 iniquum
1774 956 1894 999 aliquid
1907 979 1918 994 ,
1943 960 1997 987 aut
2001 952 2058 995 fa*
2075 952 2191 989 Act-184

1175 1006 1260 1035 cinus
1274 1004 1427 1044 ‘peffimum
1441 1029 1451 1045 ,
1479 1005 1554 1039 reete
1571 1017 1627 1038 vos
1643 1004 1813 1048 sustinerem
1828 1030 1838 1046 ‚
1860 1003 1887 1046 fi
1894 1006 1966 1038 verb
1978 1015 2059 1047 quae-

1169 1050 1276 1091 stiones
1284 1050 1345 1094 fint
1356 1054 1392 1085 de
1404 1054 1494 1089 verbo
1509 1055 1543 1089 Θ·
1564 1054 1727 1096 nominibus
1749 1057 1826 1100 legis,
1847 1056 1954 1096 vestrae
1965 1078 1976 1094 ,
2001 1065 2057 1089 vos.

1176 1101 1232 1147 ipsi
1249 1103 1393 1144 videritis
1410 1127 1417 1135 .
1437 1105 1550 1152 Judex
1570 1115 1619 1148 ego
1639 1104 1744 1143 borum
1762 1106 1825 1139 nolo
1848 1105 1898 1149 effe
1922 1130 1929 1137 .
1956 1103 2059 1139 Hisce

1177 1151 1255 1196 ergo
1277 1153 1380 1192 caulis¹
1398 1164 1459 1188 nec
1483 1151 1665 1193 Christiani
1686 1166 1745 1188 nec
1767 1155 1918 1189 Gentiles
1939 1153 2062 1188 Roma«.

1178 1205 1295 1244 no'rum
1310 1200 1478 1246 Principes
1501 1213 1557 1237 aut
1577 1202 1707 1247 Judices
1719 1214 1874 1247 umquam
1886 1205 1916 1237 se
1928 1204 2066 1238 miscue-.

1180 1263 1255 1285 runt
1269 1276 1276 1283 .
1303 1250 1424 1289 Nostra
1442 1253 1550 1292 quoad
1563 1253 1692 1296 publica
1715 1254 1855 1289 crimina
1868 1253 2032 1296 exemptio
2043 1253 2062 1286 a

1180 1301 1396 1341 Constantini
1419 1312 1564 1346 tempore
1579 1300 1696 1339 habuit
1707 1303 1829 1338 variam
1843 1305 1983 1338 formam
1993 1328 2004 1343 ‚
2030 1303 2065 1344 ὃς

1179 1352 1213 1385 in
1225 1348 1464 1387 Theodofiano
1486 1352 1601 1391 codice
1614 1351 1715 1394 exstat
1734 1354 1859 1388 famosa
1871 1352 1923 1390 lex
1937 1352 2065 1390 Gratia-

1180 1401 1258 1436 ni&
1274 1401 1508 1442 Valentiniani
1521 1403 1654 1437 secundi
1674 1416 1681 1435 :
1710 1404 1776 1446 ,Qui
1788 1415 1849 1437 mos
1860 1401 2069 1446 estcausarum,

1177 1453 1311 1487 civilium
1325 1477 1335 1492 ‚
1361 1451 1441 1492 idem
1461 1457 1494 1486 in
1513 1457 1641 1495 ‘negotiis
1665 1452 1863 1493 Eccleffirsticis
1887 1453 2065 1487 obtinendus,

1178 1501 1217 1540 est
1226 1525 1238 1540 ‚
1265 1511 1298 1534 ut
1302 1501 1332 1541 fi
1339 1507 1405 1542 quae
1411 1499 1483 1543 siant
1495 1511 1533 1535 ex
1544 1499 1721 1542 quibusdam
1732 1502 1821 1545 diffen
1832 1502 1946 1536 ionibus
1960 1526 1971 1542 ,
1990 1503 2065 1535 Ievi-

1180 1547 1288 1591 busque
1307 1550 1422 1582 delic‘lis
1447 1550 1660 1593 adReligt'onis,
1684 1548 1907 1593 observantiam
1911 1556 2069 1593 pertinem

1180 1604 1224 1634 tia
1236 1620 1246 1637 ‚
1273 1599 1344 1632 locis
1351 1596 1416 1642 suis
1429 1598 1462 1631 (θ’
1474 1601 1493 1630 ἃ
1501 1597 1567 1641 suae
1579 1598 1737 1644 Dloeceseos
1750 1602 1870 1639 synodis
1882 1602 2047 1636 audiantur
2059 1626 2067 1632 .

1179 1651 1326 1690 Exceptis
1338 1660 1405 1690 quae
1417 1646 1492 1681 ac‘lib
1510 1651 1677 1683 criminalis
1702 1649 1741 1683 ab
1753 1652 1913 1685 ordinariis
1927 1676 1938 1692 ,
1963 1659 2064 1685 extra·
2084 1664 2144 1696 Lib,
2164 1669 2207 1696 ,6,

1178 1696 1393 1746 ordinariisque
1400 1702 1433 1748 J
1435 1698 1573 1733 udtctbus
1585 1723 1596 1739 ,
1622 1707 1674 1732 aut
1685 1700 1851 1742 illustribus
1864 1700 2064 1741 potestatibus,
2081 1705 2124 1736 tit.
2138 1717 2163 1735 2.
2180 1714 2250 1749 cap,

1177 1750 1332 1782 audienda
1354 1748 1521 1791 constituit.
1551 1748 1771 1785 Ecclefiastica
1789 1752 1903 1786 omnia
1915 1764 1952 1786 ac
1966 1752 2066 1787 levio·
2085 1754 2119 1783 ²3
2126 1764 2140 1782 ·»
2223 1750 2230 1754 ”

1178 1810 1211 1833 ra
1223 1798 1332 1833 civilia
1345 1808 1400 1842 per
1414 1798 1663 1841 Provinciarum
1684 1811 1740 1842 aut
1750 1800 1947 1844 Dioecefium
1959 1803 2066 1845 Syno-

1177 1849 1263 1889 dos,
1289 1848 1418 1893 publica
1434 1849 1572 1883 crimina
1597 1861 1650 1894 pet
1674 1850 1823 1895 publicos
1840 1877 1852 1893 ,
1879 1850 2064 1887 ordinarios

1177 1908 1232 1932 aut
1244 1898 1413 1943 delegatos
1425 1899 1552 1941 Iudices
1566 1899 1669 1935 audiri
1682 1902 1817 1941 mandat
1830 1912 1926 1947 atque
1937 1903 2062 1946 puniri.

1178 1946 1391 1983 Schismatica
1405 1948 1553 1983 Ursicini
1562 1951 1658 1985 fafflo
1671 1953 1777 1986 Sandii
1790 1952 1923 1989 Damasi
1934 1950 2065 1987 elemo-

1176 2009 1255 2038 nem
1276 1997 1407 2043 publica
1429 1998 1590 2040 seditione
1601 2012 1639 2034 ac
1652 2002 1792 2035 variisin
1811 2003 1953 2045 Ecclesia
1971 2001 2065 2037 caedi-

1176 2048 1236 2086 bus
1256 2048 1474 2082 maculaverat
1494 2074 1504 2089 ,
1530 2049 1565 2087 ὅς.-
1587 2050 1644 2085 illa
1678 2052 1714 2089 in
1741 2051 1846 2095 ipsum
1878 2052 2063 2088 accusando

1175 2096 1412 2139 transcripserat
1426 2120 1437 2136 ‚
1463 2097 1587 2130 addens
1605 2100 1639 2131 &
1661 2101 1811 2134 adulterii
1834 2103 2035 2137 calumniam
2051 2116 2062 2136 .·

1174 2151 1224 2178 Ita
1247 2149 1340 2190 quiin
1366 2146 1582 2187 omnesJudex
1596 2155 1660 2179 erat
1679 2147 1872 2194 constitutus,
1897 2151 2061 2194 compulsus„

1592 2195 1718 2231 Vei-nm
1743 2197 1832 2241 quod
1873 2200 2060 2243 supremum

1174 2243 1435 2282 Christianitatis
1457 2256 1553 2287 caput
1576 2245 1633 2279 sub
1646 2246 1936 2292 Romanilmperii
1957 2249 2061 2283 Mini-

1174 2295 1243 2329 stris
1270 2293 1435 2333 humiliari
1458 2306 1525 2328 non
1550 2293 1675 2330 deceret
1692 2320 1704 2337 ,
1731 2297 1814 2331 dixit
1839 2298 1927 2332 illam
1947 2312 2058 2335 coram

1174 2345 1243 2389 ipso
1270 2343 1424 2390 Augusto
1436 2343 1589 2388 Principe
1602 2345 1842 2387 Valentiniano
1856 2349 1998 2389 seniori,
2023 2350 2058 2383 &

1173 2394 1392 2435 demonstrata
1405 2395 1595 2433 innocentia
1608 2396 1670 2437 fuit
1691 2396 1858 2436 absolutus
1870 2424 1877 2430 .
1908 2399 2057 2434 Eandem

1176 2444 1268 2480 enim
1290 2445 1503 2485 reverentiam
1514 2445 1602 2488 passo
1625 2446 1806 2482 calumnias
1816 2450 1934 2490 Saniio
1947 2451 2057 2493 Sylve-

1176 2495 1240 2529 ssro
1268 2494 1424 2528 detulerat
1448 2495 1593 2540 Magnus
1614 2496 1854 2534 Constantinus
1874 2525 1882 2534 .
1913 2500 2015 2547 Qod
2036 2499 2056 2539 ὲ,

1175 2544 1264 2580 nulla
1288 2544 1426 2588 Synodo
1446 2544 1581 2587 judicari
1604 2548 1729 2590 possent
1743 2573 1754 2589 ‚
1782 2561 1841 2583 nec
1862 2550 1903 2584 de
1918 2550 2056 2593 publicis

1174 2594 1366 2636 criminibus
1387 2596 1485 2638 fetere
1507 2607 1629 2631 nomen
1653 2598 1745 2633 suum
1772 2599 1893 2634 vellent
1907 2600 2054 2636 Romani

1175 2645 1348 2688 Episcopi,
1376 2644 1534 2690 Augustae
1555 2648 1743 2691 cognitioni
1767 2650 1891 2684 Divina
1914 2651 1962 2683 sui
1986 2651 2054 2683 Pri-

1173 2706 1278 2729 matus
1307 2695 1473 2740 privilegia
1501 2694 1639 2737 libenter
1676 2698 1911 2742 supposuerunt
1940 2725 1946 2732 .
1985 2699 2054 2733 Au-

1172 2746 1269 2791 guflae
1293 2746 1438 2785 conferre
1466 2745 1579 2790 pietati
1607 2771 1618 2787 ,
1654 2749 1751 2791 quam
1791 2749 1847 2783 fibi
1884 2749 2053 2793 praestare,

1168 2798 1201 2830 &
1230 2794 1327 2839 quam
1353 2795 1510 2841 derogare
1537 2797 1691 2840 cuiquam
1718 2797 1901 2835 maluerunt
1929 2800 2054 2835 Princi-

1174 2845 1205 2890 pi
1228 2844 1406 2892 adrogare.
1434 2847 1545 2895 Qare
1571 2847 1703 2881 iteratas
1728 2850 1745 2888 a
1773 2846 1982 2884 schismaticis
2003 2861 2053 2883 ca-

1172 2895 1312 2930 lumnias
1338 2896 1440 2940 passus
1464 2921 1475 2938 ‚
1501 2897 1534 2930 &
1555 2896 1596 2931 ad
1618 2896 1747 2942 publica
1767 2897 1887 2940 judicia
1910 2899 2052 2942 postula·

1172 2956 1223 2981 tus
1245 2945 1397 2984 laudatus
1416 2946 1577 2981 Damasus
1596 2970 1607 2986 ‚
1633 2948 1734 2984 totius
1760 2949 1861 2988 ltaliae
1887 2949 2051 2983 contraxit

1173 2996 1344 3039 Synodum
1358 3020 1369 3037 ,
1396 3007 1451 3040 per
1477 2997 1578 3040 ipsam
1601 2996 1762 3034 Gratiano
1787 3009 1824 3031 ac
1847 2996 2053 3035 Valentinia-

1175 3058 1219 3080 no
1245 3046 1432 3090 supplicavit
1460 3045 1683 3089 Apostolicam
1706 3046 1822 3085 Sedem
1851 3059 1917 3082 non
1948 3046 2053 3082 humi-

1174 3097 1243 3130 liari
1271 3095 1312 3129 ad
1337 3096 1467 3140 publica
1493 3096 1612 3139 judicia
1634 3120 1645 3138 ,
1673 3096 1725 3135 sed
1752 3097 1841 3131 suam
1867 3098 1988 3132 rursum
2015 3100 2051 3132 in

1175 3145 1335 3189 imperiali
1364 3145 1519 3186 Concilio
1544 3146 1765 3185 demonstrare
1803 3148 2050 3188 innocentiam,

1175 3206 1272 3240 quarn
1308 3194 1342 3228 &
1369 3195 1450 3231 olim
1487 3195 1655 3236 adversum
1682 3196 1809 3231 eosdem
1837 3197 2051 3237 calumniato-

1176 3257 1224 3280 res
1264 3243 1504 3287 deanstraffet
1549 3246 1634 3290 apud
1674 3257 1835 3290 parentem
1873 3247 2014 3290 ipsorum
2039 3273 2050 3290 ,

1175 3296 1207 3330 &
1233 3306 1330 3339 quam
1357 3297 1458 3331 modo
1493 3296 1703 3332 severioribus
1729 3297 1938 3332 sacerdotum
1970 3299 2054 3341 judi-

1177 3346 1237 3383 ciis¹
1260 3343 1496 3382 discutiendam
1517 3347 1582 3390 ipse
1608 3347 1761 3381 dedisset.
1790 3348 1868 3382 Hoc
1891 3348 1936 3381 est
1958 3371 1968 3387 ‚
1994 3347 2052 3390 qui

243 3396 502 3437 Constantinum
537 3394 769 3441 Imperatorem
803 3395 872 3430 sese
893 3395 1009 3432 mutuo
1037 3396 1118 3438 datis
1180 3397 1211 3430 se
1245 3394 1286 3430 ab
1318 3397 1412 3432 omni
1449 3396 1673 3432 Ecclesiastico
1707 3396 1831 3442 judicio
1863 3407 2054 3440 exemptum

1885 3444 2004 3484 submi-
