2366 3756
87 544 153 578 Aust.
175 554 200 582 5.

87 2940 177 2981 Epist.
201 2949 244 2976 17.

90 3367 129 3398 Ε.

151 3374 197 3404 13.

913 109 1398 155 chrarus.

263 196 322 230 ethi
346 194 493 237 offlrimus
506 200 564 234 pro
577 191 710 235 famulis
735 196 815 233 tuis,
842 192 970 237 pergit.-
999 197 1060 224 Hoc
1085 201 1138 225 ex·

284 248 342 279 leto
354 268 365 285 ‚
389 249 553 277 recitantur
571 249 692 276 nomina
712 244 881 277 Eleelorum
894 265 902 273 .
927 241 1012 288 Qae
1022 241 1136 275 omnia

261 295 363 340 etiam
392 294 478 337 apud
502 292 633 328 Graecos
658 293 750 327 fuisse
775 293 899 325 servata
917 313 929 331 ‚
966 292 1054 323 lucet
1093 302 1136 323 ex

260 345 408 388 ipsorum
429 343 605 388 Liturgiis.
633 342 677 377 Et
698 341 777 376 hinc
797 340 912 374 dicunt
938 338 1019 375 Aeta
1032 341 1134 383 Syno-

260 393 348 429 dalia
374 394 433 428 sub
455 395 581 429 Menna
592 390 779 428 patriarcha
799 390 1138 433 Constantinopolita-

259 455 330 479 no:
353 445 422 484 Posi
440 444 588 478 iem-nem
597 442 700 478 San&
711 444 897 485 Evangelii,
922 452 961 474 ex
983 451 1061 473 more
1084 442 1136 473 Sa·

260 506 311 528 cra
332 496 417 538 Miffa
435 494 547 537 finita,
573 495 608 527 Θ
624 495 731 534 januis
751 489 852 532 claufis
877 513 889 530 ,
911 501 946 523 ac
963 488 1070 534 sanHa
1095 491 1133 524 le-

260 545 354 579 dione
363 547 462 588 juxta
477 541 709 587 consuetudinem
718 541 796 576 leda
809 563 820 580 ,
844 549 973 583 tempore
985 540 1137 583 Dypticho-

261 605 344 635 rum,
369 599 495 628 cucurrit
516 599 614 626 omnis
633 592 788 626 mititudo
808 602 873 624 cum
895 602 1003 637 magno
1023 589 1137 632 filentio

259 650 446 679 circumcirca
467 644 593 683 Altae,
614 644 654 678 o·
677 641 820 675 audiebat
843 666 851 674 .
889 639 1136 685 Dyptichorum

262 695 373 737 itaque
395 704 522 738 tempus
543 703 612 728 erat
634 690 706 737 post
732 691 974 736 Evangefium,
1003 690 1073 735 post
1092 689 1138 725 di·

260 744 375 778 missos
386 743 652 779 Catechumenos
662 765 674 784 ,
698 742 770 785 post
782 741 904 776 clausas
918 741 1030 787 januas
1041 766 1051 783 ,
1066 740 1135 787 post

259 794 401 829 sanctam
423 794 620 834 lethonem,
643 792 679 826 id
699 791 745 825 est
763 814 774 831 ‚
813 791 884 836 post
906 792 1137 826 commendata

258 854 319 889 per
330 844 503 881 Canonem
515 842 626 878 oblata
648 851 724 876 ante
741 842 1038 877 consecrationem.

315 895 404 930 Dico
426 893 518 929 istius
538 892 580 927 de
605 891 830 927 Ecclefiasticis
856 891 975 926 officiis
996 889 1068 926 libri
1084 901 1138 924 au-

256 946 382 982 storem
396 953 463 978 non
476 942 569 976 fuisse
581 942 688 985 ipsum
699 941 836 977 Beatum
849 940 1032 976 Alcuinum
1046 964 1057 980 ,
1083 939 1137 973 sed

247 993 448 1040 quempiam
463 992 523 1027 illo
536 991 700 1034 juniorem
720 1014 729 1022 .
754 988 890 1026 Etenim
902 991 938 1024 in
949 990 1136 1025 Palmarum

258 1044 443 1081 Dominica
479 1041 603 1085 scribitv
624 1041 815 1076 solemniter
850 1041 973 1074 cantari
1013 1040 1138 1074 versum

257 1093 370 1130 hunc:
397 1095 522 1132 Gloria,
544 1092 634 1131 laus,
660 1090 794 1127 &bonor
804 1088 906 1131 tibili't
932 1094 997 1126 Rex
1021 1089 1137 1131 Christe

258 1147 443 1187 Redemptor
465 1166 477 1183 ‚
501 1153 599 1186 quem
623 1141 642 1176 ὲ
659 1139 891 1184 Theodulpho
911 1139 1135 1178 Aurelianenfi

258 1195 428 1239 Episcopo
448 1195 511 1230 esse
529 1190 747 1236 compositum
760 1214 771 1231 ,
798 1191 885 1224 lucet
897 1200 938 1224 ex
951 1190 1060 1224 Saneti
1074 1190 1139 1224 Lu-

234 1281 240 1288 ,
258 1245 294 1291 pi
315 1244 523 1280 Ferrariensis
545 1243 689 1277 Abbatis
711 1240 860 1285 Epistola
883 1239 925 1274 ad
936 1239 1137 1275 Alcuinum.

257 1295 354 1330 Istius
374 1291 454 1337 ergo
476 1291 648 1335 Scriptoris
668 1301 816 1334 tempore
839 1290 990 1325 laudatus
1030 1292 1138 1324 versus

258 1355 329 1379 non
344 1342 558 1379 solummodo
568 1339 716 1376 exstabat
728 1365 739 1382 ‚
764 1339 819 1374 sed
830 1340 959 1384 insuper
973 1341 1007 1374 in
1020 1341 1137 1375 solem-

257 1405 336 1430 nem
358 1394 460 1429 ritum
470 1392 513 1428 ab
522 1391 618 1427 omni
631 1415 642 1431 ,
669 1391 785 1427 saltem
800 1389 975 1425 Gallicana
987 1415 998 1432 ‚
1027 1390 1139 1425 Eccle-

256 1445 303 1479 sia
314 1454 383 1480 erat
395 1452 558 1487 receptus.
585 1440 686 1488 Qod
699 1441 761 1477 esse
773 1440 843 1475 non
855 1440 964 1484 potnit
977 1466 988 1482 ‚
1012 1441 1072 1475 nisi
1082 1440 1140 1474 sub

255 1495 383 1540 Regno
392 1493 508 1529 Caroli
520 1491 616 1526 Calvi
629 1515 640 1532 ‚
656 1490 746 1534 quod
758 1492 866 1535 palam
877 1490 923 1525 est
936 1490 978 1524 ab
991 1489 1139 1526 Alcuino

256 1555 330 1581 non
343 1543 437 1579 fuisse
447 1542 550 1577 visum
563 1566 571 1573 .
594 1541 750 1576 Praeterea
763 1541 864 1574 utitur
877 1550 960 1574 voce
969 1563 984 1579 ,
1009 1544 1142 1573 Canoni-

184 1622 192 1632 .
254 1604 309 1629 eus
319 1592 479 1638 Regulam
490 1615 500 1631 ,
527 1601 631 1636 quam
652 1600 722 1624 non
733 1613 745 1630 ,
769 1600 825 1623 aut
838 1590 1054 1623 vixinvenias
1065 1598 1141 1623 ante

255 1642 452 1677 celebratam
474 1641 533 1674 sub
554 1640 700 1673 Formosi
731 1637 936 1673 Pontificatu
967 1637 1139 1679 Synodum

255 1688 509 1727 Triburiensem
523 1714 531 1723 .
557 1688 602 1723 Et
613 1688 649 1724 iu
671 1686 737 1721 fiiis
747 1687 789 1721 ad
803 1684 1069 1730 Theodulphum
1082 1698 1141 1721 no·

194 1738 202 1747 '
259 1742 304 1777 tis
316 1740 429 1778 scribit
452 1741 503 1774 vir
522 1736 671 1774 eruditus
689 1735 827 1781 Jacobus
846 1737 1038 1770 sirmondus
1055 1749 1062 1769 :
1089 1741 1141 1772 Li-

250 1792 445 1827 brumillum
473 1791 511 1823 de
521 1793 647 1824 Divinis
673 1787 771 1829 officiis
788 1798 847 1821 non
865 1787 917 1830 effe
938 1788 1052 1821 Alcuini
1069 1789 1141 1829 jam

257 1843 315 1876 alii
326 1839 540 1885 observarunt.
569 1838 814 1882 Cuiuscumque
826 1837 863 1872 sit
878 1861 890 1878 ,
906 1837 1055 1871 notanda
1067 1839 1141 1872 sunt

258 1891 331 1926 {mc
339 1890 413 1934 ejus
425 1888 542 1925 verba:
566 1889 651 1924 Illud
658 1888 696 1923 ab
707 1893 843 1930 antiquis
862 1887 903 1928 est
922 1885 1112 1931 observatum
1132 1913 1139 1920 .

257 1941 305 1975 Et
317 1939 404 1976 hoec:
423 1938 506 1982 »Usus
523 1938 593 1981 fuit
612 1943 819 1981 antiquorum.
850 1938 996 1972 Edicunt
1009 1937 1140 1981 vDypti-

256 1988 400 2025 chorum
413 1989 640 2024 recitationem
651 1997 734 2024 tunc
746 1986 870 2031 pridem
880 1988 1004 2022 defiiffe
1017 1988 1052 2021 in
1071 1998 1140 2021 om-

255 2041 295 2075 ni
318 2040 438 2075 Latina
460 2038 604 2073 Ecclesia
625 2048 735 2082 praeter
754 2038 886 2072 unicam
901 2061 912 2078 ,
936 2037 1141 2082 antiquitatis

249 2091 383 2135 semper
414 2089 726 2124 observantissimam
750 2113 762 2129 ,
798 2088 1008 2123 Romanam.
1035 2087 1139 2132 Qod

252 2149 299 2175 nn
324 2135 555 2184 plsneverum
575 2139 615 2170 sit
643 2161 653 2176 ‚
679 2139 799 2181 ignoro
823 2159 830 2167 .
866 2137 1002 2169 Etenim
1022 2135 1139 2178 lapsam

251 2190 441 2223 Gallicana
464 2187 612 2221 Ecclesiae
621 2185 827 2228 disciplinam
840 2193 989 2227 reparans
1001 2183 1140 2219 Carolus

247 2237 405 2284 hingonis
414 2237 527 2270 statuit
540 2236 576 2268 in
589 2236 649 2269 suo
660 2233 844 2278 Capitulari
857 2233 1112 2279 Aquisgranen'fi
1128 2247 1136 2267 ι

251 2290 296 2319 vt
308 2292 429 2320 nonunae
436 2285 556 2328 publice
567 2296 626 2318 non
640 2290 799 2319 recitentur
808 2292 882 2318 ante
888 2292 994 2326 preces
1004 2286 1140 2318 Sacerdo-

259 2338 339 2370 tales
353 2362 361 2369 .
383 2336 575 2370 Confirmat
588 2334 672 2369 istud
684 2346 727 2369 ent
739 2333 869 2368 laudata
882 2358 893 2374 ‚
919 2344 1019 2377 quam
1041 2333 1139 2369 verbo

259 2395 356 2421 tenus
365 2386 501 2421 adducit
512 2409 524 2425 ‚
550 2384 698 2428 Epistola
710 2383 899 2419 Innocentii
912 2384 1009 2427 primi
1021 2383 1061 2418 ad
1073 2385 1139 2419 De-

175 2462 184 2472 .
253 2438 408 2471 centium
420 2435 624 2479 Episcopum
636 2434 876 2479 Eugubinum.
904 2434 1016 2468 Etiam
1040 2435 1136 2469 Fran·

252 2485 471 2521 cofordienfis
483 2482 640 2529 Synodus
649 2482 752 2518 habet
765 2483 857 2518 hunc
867 2483 1063 2519 Cononem:
1084 2487 1139 2520 De

251 2543 317 2569 'teon
322 2532 490 2571 recitandis
502 2535 667 2568 nominibus
677 2543 841 2577 antequam
851 2533 1113 2575 oblatioofferatttr
1127 2560 1133 2566 .

253 2577 403 2630 ⁸‘Videtur
425 2595 469 2619 eo
478 2586 582 2629 usque
594 2585 729 2629 viguiffe
741 2583 871 2628 publiea
882 2583 1033 2619 recitatio
1047 2609 1059 2625 ,
1083 2583 1138 2619 sed

254 2634 507 2670 nofisuoloco:
535 2632 625 2668 hunc
654 2634 761 2667 solum
772 2633 922 2668 videntur
942 2631 1083 2669 Carolus
1104 2635 1137 2669 ὅ(

260 2685 416 2728 synodus
428 2685 484 2728 ipsi
500 2683 671 2718 restituisse
688 2708 695 2716 .
719 2683 767 2717 ·Et
777 2684 818 2718 de
838 2683 1056 2727 pejerantibus
1076 2685 1136 2719 sta-

260 2734 327 2769 tuit
345 2731 484 2769 secunda
496 2734 556 2769 snb
575 2734 691 2769 Caroli
705 2733 807 2767 ‘Calvi
832 2733 956 2779 Regno
976 2734 1135 2769 celebrata

260 2783 430 2818 Tullenfis
451 2783 625 2827 Synodus:
652 2787 759 2826 Neque
783 2784 889 2817 oblatio
908 2790 1058 2818 eorumin
1083 2787 1134 2818 5ae

260 2839 342 2875 eris,
367 2844 462 2876 neque
472 2839 662 2867 nomeninter
684 2834 789 2877 fideles
815 2839 976 2867 recitatur.
1004 2834 1050 2868 Et
1070 2834 1135 2869 Eb-

259 2883 357 2918 bonis
369 2883 538 2918 Remensis
559 2882 712 2927 Episcopi
733 2894 771 2917 ac
793 2883 860 2926 ejus
884 2883 1132 2918 Antecessorum

259 2933 398 2969 nomina
411 2931 608 2967 consuevisse
630 2931 745 2967 eodem
769 2942 916 2977 tempore
938 2933 1064 2968 recitari
1086 2935 1133 2968 so-

260 2983 414 3016 lemniter
436 2984 472 3016 in
498 2983 555 3016 sua
592 2981 736 3016 Ecclesia
761 3007 772 3023 ,
814 2983 948 3017 testatur
966 2983 1132 3019 Successor

259 3033 461 3066 Hincmarus
481 3057 488 3063 .
518 3031 678 3065 Attamen
700 3030 886 3068 Amalarius
909 3035 1107 3068 Fortunatus
1122 3058 1132 3075 ,

259 3081 463 3116 Walafridus
484 3079 621 3120 Strabo,
646 3091 686 3117 ac
705 3081 862 3118 Rabanus
880 3083 1039 3124 Maurus,
1076 3083 1132 3127 qui

257 3131 374 3167 eodem
385 3132 449 3166 fere
471 3140 619 3174 tempore
638 3130 820 3167 docuerunt
839 3133 1049 3168 Gallicanam
1073 3134 1131 3167 Ec-

258 3182 386 3217 clesiam
398 3205 409 3222 ‚
438 3181 527 3215 istius
537 3180 617 3214 ritus
627 3180 749 3215 nullam
759 3180 884 3218 faciunt
904 3183 1108 3218 mentionem
1124 3209 1131 3215 .

257 3231 334 3266 Nec
350 3232 430 3266 item
441 3231 579 3273 septimo
589 3229 699 3263 nostro
722 3230 886 3277 Gregorio
905 3242 1130 3276 contempora-

259 3281 301 3316 lis
315 3279 499 3325 Stephanus
518 3280 675 3314 Eduensis
687 3281 866 3325 Episcopus
880 3307 892 3323 ,
917 3283 959 3318 ad
981 3282 1132 3318 Canonis

259 3332 359 3366 verba
378 3356 389 3373 ,
411 3334 558 3364 Memento
568 3334 692 3364 Domine
693 3329 878 3371 famulorum
900 3340 1038 3374 tuorum,
1064 3332 1132 3366 haec

260 3381 419 3417 scribens:
447 3382 531 3426 ,Quos
543 3379 691 3415 chariores
703 3379 841 3415 babemus
853 3406 865 3424 ,
889 3382 941 3418 hoc
960 3384 1017 3420 loco
1042 3389 1131 3417 nomi-

1968 105 1980 121 f„

1908 126 1934 157 2
1948 126 1964 159 1
1984 129 1999 160 1

1198 204 1271 226 nare
1280 191 1423 236 solemus.
1453 190 1605 235 Ejusdem
1616 192 1765 228 Ecclesiae
1789 192 1979 229 Monachus
1999 196 2073 229 Ho-

1197 244 1308 276 norius
1331 242 1637 287 Augustodunenfis
1659 243 1692 277 in
1719 245 1835 278 animae
1858 245 1999 279 Gemma
2019 258 2074 279 ex-

1199 295 1314 335 ponit:
1341 298 1396 327 Hic
1402 300 1514 334 poteris
1538 292 1657 338 quosvis
1681 300 1831 328 nominare
1847 319 1858 335 ,
1878 294 1939 339 sed
1957 307 2016 330 non
2036 304 2071 328 in

1200 346 1353 376 Dominica
1363 345 1434 376 die.
1464 348 1599 377 Nomina
1609 350 1748 378 vivorum
1759 351 1791 379 in
1812 345 1886 379 libro
1904 344 2074 389 scribeban-

1197 401 1268 432 tur,
1293 404 1360 434 quae
1371 394 1416 425 ad
1439 395 1541 426 altare
1566 393 1651 435 infra
1672 399 1825 429 Canonem
1845 397 2070 429 recitabantur.

1198 446 1244 477 Et
1252 442 1300 475 bic
1308 443 1382 477 liber
1396 447 1568 477 viventium
1580 443 1741 477 vocabatur
1758 468 1765 476 .
1790 447 1929 479 Similiter
1950 452 2073 479 nomina

1197 491 1397 534 defunc‘lorum
1409 493 1445 525 de
1456 492 1529 525 libro
1541 491 1744 525 recitabantur·
1755 518 1765 533 ‚
1786 494 1845 536 sed
1866 495 1917 529 boc
1939 499 2073 531 Domini·

1197 548 1239 574 cis
1251 543 1354 575 diebus
1367 542 1618 576 intermittebatur
1634 566 1644 582 ,
1657 548 1730 584 quia
1744 545 1764 574 a
1776 543 1951 586 quibusdam
1961 551 2074 580 animae

1197 598 1327 634 requiem
1340 592 1374 625 ob
1398 590 1646 635 Resurrec‘lionem
1667 595 1855 628 ,Dominicam
1877 602 1946 627 tunc
1967 596 2074 630 habere
2095 619 2125 649 L
2157 627 2181 647 ι·
2207 625 2234 647 c·

1196 642 1398 678 credebantur.
1412 640 1526 676 Ambo
1538 641 1644 685 p'alam
1659 643 1820 678 affirmant
1837 644 2018 679 solemnem
2029 656 2076 680 re·-
2101 667 2163 693 107,

1199 691 1391 727 citationem
1408 692 1536 728 cessasse
1548 693 1605 725 suo
1618 702 1765 734 ternpore
1776 717 1786 732 ‚
1811 695 1844 728 ἃ
1858 693 1960 728 solam
1973 696 2076 737 super-

1198 742 1292 776 fuisse
1313 742 1465 776 secretam
1482 765 1493 782 ‚
1528 742 1627 785 quam
1645 742 1731 775 solus
1756 743 1841 786 apud
1864 744 2075 789 semetipsum

1198 791 1336 827 faciebat
1358 792 1532 826 Sacerdos.
1561 791 1666 826 Porro
1687 793 1721 825 in
1738 792 1930 827 Lobbienfis
1952 795 2078 828 Coeno-

1200 842 1245 876 bii
1257 841 1487 876 suiChronico
1500 841 1632 882 scribit,
1659 842 1715 885 qui
1742 841 1852 885 floruit
1875 841 2007 877 decimo
2027 845 2076 877 sae-

1198 892 1275 926 culo
1288 916 1299 932 ‚
1310 891 1424 926 Abbas
1435 892 1614 926 Folcuinus
1625 905 1637 927 .-
1665 889 1754 925 Disiit
1769 891 1913 925 adalbero
1925 892 2076 933 Remenfi‘s

1200 940 1362 984 Episcopus
1377 943 1618 986 Praedecefforum
1624 940 1742 985 suorum
1753 942 1844 985 usque
1854 940 1935 985 adse
1958 943 2077 976 ductam

1198 990 1460 1034 consuetudinem,
1486 1002 1520 1026 ut
1543 999 1621 1025 inter
1643 993 1796 1035 Missurum
1820 991 1965 1036 solemnia
1986 998 2019 1025 in
2042 1005 2078 1026 ea

1196 1040 1319 1085 speciali
1340 1048 1606 1076 commemoratione
1630 1042 1836 1084 deflendorum
1856 1068 1866 1084 ‚
1893 1055 1962 1085 quae
1980 1042 2079 1086 supra

1200 1091 1346 1134 Dypticba
1362 1093 1492 1132 dicitur,
1518 1092 1595 1125 &in
1617 1091 1828 1135 consecratione
1857 1098 2001 1126 Dominici
2019 1105 2081 1126 cor·

1195 1148 1279 1185 poris
1285 1140 1456 1185 solemniter
1468 1147 1568 1185 agitur
1580 1165 1591 1181 ,
1612 1144 1745 1182 quotidie
1754 1148 1787 1175 in
1800 1155 1902 1177 aurem
1914 1142 2079 1184 Presbyteri

1201 1197 1344 1227 recitante
1359 1190 1475 1233 filenter
1499 1191 1681 1226 subdiacono
1702 1214 1714 1230 ,
1741 1198 1869 1225 omnium
1889 1192 1975 1234 ipfius
1993 1191 2078 1236 sedis

1200 1247 1320 1275 nomina
1328 1239 1436 1284 scripto
1446 1246 1564 1276 viritim
1578 1246 1735 1275 recitentur
1745 1240 1956 1284 Episcoporum
1968 1268 1975 1275 .
2004 1243 2082 1275 Exi-

1201 1293 1299 1327 stimo
1321 1292 1531 1327 Gallicanam
1555 1291 1614 1325 sub
1636 1291 1788 1325 Carolini
1808 1293 1938 1336 generis
1958 1292 2081 1337 Regno

1202 1342 1381 1377 Ecclesiam
1402 1342 1526 1385 ubique
1542 1353 1611 1374 non
1634 1341 1730 1375 fuisse
1743 1342 1942 1376 uniformem
1956 1366 1968 1382 ,
1994 1341 2082 1376 ideo-

1201 1391 1555 1437 queipsiusScriptores
1569 1391 1707 1424 variare.
1735 1390 1970 1434 Antiquiritus
1994 1401 2083 1425 tena-

1202 1442 1324 1480 ciffima
1337 1442 1458 1485 semper
1468 1441 1531 1475 fuit
1546 1441 1714 1475 Remenfis
1729 1440 1888 1475 Ecclesia:
1917 1442 2010 1476 Hinc
2034 1442 2083 1476 so-

1203 1492 1323 1525 lemnis
1335 1503 1389 1533 per
1404 1491 1599 1525 Diaconum
1611 1490 1679 1523 fieri
1691 1492 1847 1524 consueta
1861 1490 1902 1523 ad
1922 1492 2082 1533 populum

1203 1541 1355 1574 recitatio
1367 1539 1403 1572 in
1416 1538 1503 1571 hanc
1517 1538 1674 1571 secretam
1683 1538 1722 1571 ad
1739 1539 1822 1571 solas
1837 1539 2020 1573 Sacerdotis
2032 1552 2085 1573 au-

1203 1599 1270 1622 reas
1281 1586 1527 1632 suggestionem
1539 1585 1584 1619 est
1597 1587 1799 1629 pedetentim
1815 1587 1885 1622 istic
1898 1589 2087 1622 transmuta-

1202 1648 1235 1672 ta
1249 1663 1256 1670 .
1274 1638 1351 1672 Istas
1362 1638 1475 1676 saltem
1485 1637 1690 1685 antiquitatis
1701 1637 1866 1685 reliquitas
1877 1639 1984 1674 voluit
1995 1639 2080 1686 apud

1203 1689 1235 1724 se
1249 1699 1438 1732 permanere
1448 1711 1457 1721 .

1253 1738 1343 1786 Qus
1354 1739 1504 1782 &qualis
1515 1738 1659 1783 Scriptor
1666 1738 1762 1775 fuerit
1774 1739 1985 1786 Micrologus
1998 1765 2008 1782 ,
2023 1738 2084 1775 dis·

1204 1798 1354 1833 putatur.
1382 1787 1585 1833 Respondeo
1601 1789 1708 1833 plures
1717 1789 1840 1824 exstare
1861 1779 1994 1830 libellds
2017 1791 2084 1825 Mi-

1203 1838 1378 1883 crologos.
1406 1839 1543 1874 Etenim
1558 1840 1662 1874 exstat
1675 1839 1844 1875 Guidonis
1862 1840 1994 1875 Aretini
2010 1841 2086 1876 Mo-

1203 1887 1301 1922 nachi
1314 1889 1357 1923 ad
1371 1887 1611 1925 Theobaldum
1623 1890 1766 1934 ejusdem
1783 1890 1929 1926 civitatis
1953 1891 2087 1935 Episco-

1202 1948 1281 1983 pum
1290 1938 1462 1985 Epistola,
1487 1940 1542 1975 cui
1554 1939 1762 1985 subjungitur
1780 1940 1861 1977 liber
1874 1941 2085 1985 Micrologus

1201 1987 1351 2025 cumhac
1375 1988 1626 2025 subnotatione:
1654 1991 1794 2033 Explicit
1822 1993 1992 2035 micrologus
2014 1996 2086 2025 Gui-

1201 2040 1291 2073 donis
1304 2065 1315 2081 ‚
1336 2038 1403 2083 suae
1412 2046 1517 2075 aetatis
1537 2052 1617 2074 anno
1641 2040 1783 2085 trIgefimo
1808 2050 1936 2084 quarto,
1956 2045 1986 2087 J
1992 2053 2087 2077 canite

1202 2089 1337 2131 vigesimo
1350 2093 1521 2123 Romanam
1529 2090 1716 2134 gubernante
1741 2090 1917 2133 Ecclefiam.
1947 2093 2017 2126 Hic
2041 2091 2086 2126 est

1203 2137 1260 2171 ille
1271 2135 1462 2170 Monachus
1472 2161 1483 2178 ,
1509 2138 1550 2170 de
1559 2148 1626 2180 quo
1638 2139 1748 2172 scribit
1761 2140 1802 2172 ad
1814 2141 1980 2175 undecimi
1992 2143 2088 2176 saecu-

1197 2184 1225 2218 'li
1236 2196 1363 2220 annum
1376 2186 1568 2230 vigesimum
1581 2184 1761 2220 secundum
1775 2187 1962 2223 Cardinalis
1984 2191 2084 2225 Baro-

1200 2236 1275 2271 nius
1298 2248 1307 2267 τ
1331 2236 1454 2275 (faido,
1480 2240 1618 2270 maxima
1639 2241 1768 2270 omnium
1789 2238 2009 2281 admiratione,
2035 2252 2086 2274 no-

1199 2297 1275 2320 vam
1285 2283 1475 2328 addiscendae
1489 2285 1603 2328 Mufioae
1615 2292 1760 2320 rationem
1783 2292 1903 2322 invenit
1914 2313 1925 2329 ,
1951 2291 2023 2324 adeo
2047 2300 2081 2325 ut

1195 2344 1273 2380 puer
1280 2340 1384 2377 paucis
1396 2333 1538 2377 menfibus
1562 2333 1749 2379 addisceret,
1777 2339 1859 2380 quod
1874 2339 2011 2381 pluribus
2029 2352 2082 2374 an-

1200 2391 1249 2419 nu
1268 2391 1326 2419 vix
1333 2384 1419 2418 homo
1441 2386 1565 2428 quilibet
1584 2387 1698 2428 pollens
1722 2392 1840 2431 ingenio
1861 2388 2011 2435 addiscere
2027 2399 2080 2434 po-

1200 2436 1295 2480 tuiffet
1306 2460 1317 2476 ,
1342 2447 1506 2480 magnoque
1525 2438 1670 2470 miraculo
1690 2439 1823 2473 accidere
1843 2441 2018 2482 videretur,
2045 2451 2079 2475 ut

1182 2471 1186 2517 l
1194 2491 1284 2530 pueri
1289 2484 1396 2529 senum
1407 2488 1442 2521 ό*
1457 2485 1663 2532 magistrorum
1678 2487 1812 2533 magistri
1820 2491 1989 2524 evaderent
2006 2517 2012 2526 ,
2039 2492 2081 2527 Ε·

1199 2546 1248 2571 rat
1259 2547 1307 2570 res
1317 2535 1401 2572 adeo
1413 2537 1494 2570 mira
1509 2561 1520 2578 ,
1546 2546 1583 2572 ut
1597 2536 1790 2573 Benedictus
1802 2541 1934 2574 ostavus
1957 2541 1982 2574 P
1991 2543 2081 2576 onti-

1197 2587 1253 2621 fex
1265 2585 1479 2628 Guidmm,
1506 2586 1554 2621 uti
1565 2586 1606 2622 de
1620 2588 1704 2622 mala
1717 2599 1786 2624 arte
1812 2590 1981 2634 delatum,
2009 2592 2078 2625 Ro-

1199 2647 1285 2672 mam
1297 2636 1465 2679 evocarit,
1490 2636 1559 2680 ejus
1584 2638 1788 2681 disciplinam
1812 2639 2012 2681 discusserit,
2039 2653 2077 2675 ac

1199 2687 1328 2721 tandem
1338 2686 1503 2731 probarit.
1528 2687 1631 2733 Qod
1644 2689 1750 2731 ipsum
1762 2689 1838 2723 fecit
1865 2690 2075 2734 Pomposiani

1198 2736 1354 2771 Coenobii
1374 2736 1511 2778 Abbas,
1538 2736 1673 2771 suadens
1689 2740 1710 2771 a
1733 2739 1875 2772 Monacho
1898 2740 2076 2780 monasteria

1196 2786 1248 2830 esse
1260 2785 1487 2829 Episcopatibus
1494 2786 1691 2830 praeferenda
1703 2813 1709 2821 .
1738 2787 1841 2836 Qod
1857 2790 1974 2834 nempe
1986 2789 2075 2824 Pon·

1197 2837 1277 2871 tifex
1290 2837 1441 2872 Guidoni
1451 2836 1620 2872 obtulisset
1631 2837 1864 2882 Episcopatum
1878 2865 1887 2875 .
1917 2841 1961 2874 Et
1976 2840 2075 2875 istum

1196 2884 1345 2921 libellum
1357 2887 1473 2921 Guido
1495 2887 1643 2922 titulavit
1665 2890 1876 2932 Micrologum,
1903 2890 1957 2924 seu
1982 2901 2074 2925 com-

1197 2936 1353 2980 pendium
1365 2962 1372 2970 .
1400 2936 1492 2971 Idem
1504 2937 1614 2981 postea
1627 2937 1684 2972 sub
1697 2938 1851 2984 Gregorii
1868 2940 1995 2982 septimi
2013 2940 2072 2973 Pa-

1194 2996 1271 3029 patu
1288 2986 1395 3021 edidit
1421 2987 1722 3022 Ecclefiasticorum
1749 2988 1890 3022 Rituum
1916 3000 2075 3031 compen-

1193 3035 1286 3071 dium
1298 3061 1309 3076 ,
1321 3037 1487 3080 ipsumque
1499 3038 1577 3072 item
1591 3036 1737 3071 titulavit
1749 3040 1938 3085 Micrologum
1955 3063 1963 3071 .
1991 3040 2073 3074 Fuit

1193 3095 1273 3120 tunc
1285 3087 1382 3120 senex
1392 3087 1620 3132 octogenarius
1630 3111 1639 3119 .
1669 3087 1802 3120 Etenim
1816 3087 1874 3122 sub
1887 3089 2013 3132 Joanne
2027 3090 2070 3122 vi-

1192 3136 1336 3180 gesimo,
1360 3136 1418 3180 qui
1432 3136 1523 3171 istius
1536 3136 1813 3182 saeculivigefimo
1839 3148 1956 3182 quarto
1977 3149 2068 3171 anno

1195 3184 1313 3218 insedit
1325 3184 1552 3229 Apostolicam
1568 3184 1766 3221 Cathedram
1778 3212 1788 3229 ‚
1802 3189 1935 3222 testatur
1946 3189 1977 3221 se
1993 3187 2070 3223 fuis·

1194 3236 1225 3268 se
1236 3245 1398 3269 annorum
1409 3236 1543 3281 triginta
1554 3246 1694 3281 quatuor
1702 3263 1710 3271 .

1242 3284 1287 3318 Et
1299 3283 1339 3318 de
1350 3284 1507 3320 Romano
1523 3287 1737 3330 suitemporis
1748 3286 1864 3321 ordine
1875 3287 1916 3321 sic
1936 3286 2046 3321 scribit
2059 3300 2067 3321 :

1193 3334 1296 3375 Ordo,
1320 3333 1370 3366 ubi
1395 3337 1503 3369 dicitur
1518 3360 1530 3377 ,
1550 3336 1724 3371 Memento
1752 3337 1900 3371 Domine
1930 3337 2068 3371 famulo·

1194 3394 1265 3418 rum
1291 3383 1548 3431 famularumque
1582 3396 1710 3421 tuarum
1735 3411 1747 3427 ,
1784 3387 1869 3420 nobis
1906 3387 2033 3419 concedit
2051 3410 2063 3426 ‚
2082 3371 2159 3411 ‘3²1'-

1981 3443 2016 3467 ut

2158 3376 2162 3381 .
2190 3380 2238 3413 ψ,
