2366 3756
403 90 501 137 324

715 78 758 120 S.
796 77 1119 122 GREGORII
1158 94 1395 138 senum
1432 81 1795 130 Pon-nmen

147 159 179 188 1--
204 168 268 190 2·c·
284 167 307 196 5·
334 161 409 195 bas.
450 163 494 197 Et
511 163 635 197 vocalis
658 162 892 206 Hieronymus
914 161 978 201 hoc
1002 174 1106 198 unum
1133 163 1229 199 scivit
1291 165 1445 200 Canones
1460 167 1476 196 ἓ
1503 167 1546 201 Et
1556 167 1596 201 ad
1610 169 1835 216 Qintianum
1847 172 2078 217 Presbyterum
2102 176 2175 211 seri-

331 223 490 257 xeponere
506 228 516 245 .·
543 218 616 245 Non
634 214 725 254 prius
745 221 802 254 pro
829 225 876 246 me
898 211 1072 256 respondebo
1086 237 1097 254 ,
1133 216 1227 257 quam
1292 215 1339 248 bit
1351 217 1485 250 Sanctus
1499 217 1703 261 Augustinus
1722 231 1729 250 :
1758 221 1846 254 Plebs
1858 224 2073 267 Vegefilitana‚
2092 227 2176 268 ΛΕ-

333 267 373 300 de
394 265 518 297 aliorum
541 264 660 303 injuriis
682 263 804 304 loquarv
832 264 929 303 Cujus
947 263 986 302 est
997 262 1197 299 burnanitatis
1218 288 1229 304 ,

334 311 454 355 cujusve
480 314 663 353 cummim,
691 311 838 356 insultare
863 315 990 348 aliorum
1011 311 1136 356 miseriis
1159 337 1171 354 ,
1195 315 1230 347 Θ

334 366 464 400 vulnera
485 364 599 397 cunc‘lz's
626 364 724 396 aliena
749 362 937 404 monstrare?
962 365 992 396 51
1017 367 1115 405 Papae
1139 363 1229 399 Theo-

331 415 414 461 phili
431 412 592 457 sententiis
615 414 792 453 adeledam,
818 415 853 450 ὼ
880 412 968 454 nefas
989 421 1081 455 putas
1106 413 1231 456 Pontifi-

335 479 402 502 cum
425 468 551 498 Decreta
571 465 716 506 convelli,
742 465 818 507 quid
847 465 885 497 de
895 469 1012 497 caeteris
1035 464 1131 505 dicis,
1157 474 1228 506 quos

334 515 399 560 φῇ
428 515 612 549 damnavit?
638 520 705 549 Nec
728 514 778 547 boc
795 516 881 554 dico,
909 514 991 556 quud
1013 514 1051 549 de
1075 513 1231 557 Episcopo-

336 579 405 602 rum
425 563 586 608 sententiis
600 567 735 606 judicem
747 588 757 604 ,
785 570 837 602 aut
856 574 954 597 eorum
973 569 1090 606 cupiam
1108 567 1230 599 statuta

333 616 463 660 rescindi
481 640 492 657 ,
513 614 569 657 sed
589 617 668 657 quod
690 612 889 658 unusquisque
906 612 960 657 suo
969 614 1099 656 periculo
1106 613 1206 655 faciat
1218 638 1229 654 ‚

332 670 415 711 quod
430 665 486 707 fibi
504 667 624 698 videtur
639 690 647 697 .
668 666 750 699 Haec
773 664 837 699 alte
852 664 996 699 clamant
1010 664 1137 699 nullum
1161 663 1230 698 Au-

330 718 437 762 gustis
454 716 664 758 Principibus
687 715 779 751 fuisse
801 715 871 759 jus:
901 715 1009 749 Fuiffe
1020 715 1229 758 usurpatam,

333 771 367 801 ὅ(
389 766 429 801 ab
450 768 543 801 omni
569 766 710 801 Ecclesia
733 765 921 800 damnatam
935 764 1150 806 violentiam,
1174 776 1233 814 cu·-

332 819 385 861 jus
410 817 618 861 impetrandae
639 816 812 854 confilium
823 826 924 852 nemo
934 815 993 850 nisi
1005 813 1204 857 clandestine
1215 838 1226 855 ‚

328 869 366 904 ὃ(
390 869 449 902 suo
474 868 618 910 periculo
640 876 767 910 poterat
779 866 920 911 agitare.
948 865 1040 900 Nota
1052 863 1106 900 hic
1122 865 1228 899 Dom-

330 929 414 954 num
443 918 635 952 Marianum
662 916 869 957 Vistorium,
895 916 1099 959 Episcopum
1114 915 1225 954 Reati-

325 979 413 1002 -num
426 993 438 1008 ‚
466 969 538 1013 qui=
550 978 605 1011 pet
629 966 772 1002 Paulum
797 966 963 1003 existimat
984 965 1002 1000 a
1015 966 1133 1002 Sancto
1146 965 1229 1000 Hie—

329 1029 478 1061 ronymo
499 1018 640 1063 intelligi
660 1017 838 1061 Paulinum
873 1015 1062 1054 Antiochiae
1088 1015 1227 1054 Pati-iat-

328 1067 453 1107 cham,
482 1068 589 1111 palam
610 1068 741 1104 deviare
766 1092 774 1101 .
815 1067 951 1105 Etenim
980 1065 1226 1104 Alexandrinus

323 1117 522 1152 patriarcha
563 1118 693 1160 nequiit
732 1116 906 1162 degradare
946 1115 1200 1158 Antiochenam
1214 1140 1221 1146 -

321 1167 374 1202 {Et
399 1167 489 1211 quo-1
514 1167 729 1211 Theophilus
753 1166 898 1205 Paulino
923 1170 1103 1208 numquam
1116 1165 1225 1202 adver.-

325 1219 413 1252 satus
434 1218 530 1251 fuerit
552 1241 562 1258 ‚
604 1217 691 1252 lucet
714 1228 756 1251 ex
779 1217 873 1252 Actis
892 1215 1020 1257 Synodi
1043 1214 1223 1257 Capuanae.

321 1268 373 1304 -Et
394 1266 554 1305 Paulinus
566 1292 576 1307 ,
602 1267 693 1308 quod
708 1266 863 1300 Romana
876 1263 1016 1303 Ecclesia
1027 1264 1122 1307 ipsius
1130 1275 1222 1298 com-

322 1318 524 1352 munionem
546 1318 697 1355 foveret,
723 1315 742 1351 a
770 1313 861 1354 nulla
887 1324 1033 1357 unquam
1059 1314 1222 1351 Orientali

324 1367 466 1410 syuodo
489 1365 553 1405 fuit
580 1365 772 1402 damnatus.
799 1364 862 1401 Iste
884 1365 985 1408 igitur-
1013 1363 1134 1403 Paulus
1159 1365 1222 1403 fuit

324 1418 436 1451 nescio
459 1417 531 1460 quis
557 1415 705 1460 AEgypti
731 1414 936 1459 Episcopus.

315 1488 319 1493 ·
375 1467 545 1502 Secundus
558 1477 646 1500 error
666 1464 712 1502 est
727 1489 738 1506 ‚
763 1464 853 1509 quod
865 1464 960 1500 issam
975 1465 1218 1509 Refer-iptorum

321 1519 378 1552 seu
403 1518 571 1551 Sacrarum
606 1515 856 1559 delegationum
889 1514 1084 1549 violentiam
1122 1515 1219 1559 primi

319 1568 535 1610 deposuerint
556 1564 717 1604 Arcadius
736 1565 771 1599 ὃς
797 1565 975 1604 Honorius
988 1589 996 1596 .
1025 1565 1159 1606 Etenim
1173 1564 1224 1607 Ia-

321 1618 426 1653 cobus
445 1616 639 1652 Sirmondus
664 1615 812 1659 vulgavit
839 1614 992 1654 Gratiani
1019 1626 1057 1648 ac
1069 1612 1219 1649 Valenti-

318 1670 414 1702 niani
443 1667 578 1703 fecundi
599 1664 640 1699 ad
667 1660 867 1707 Aquilinum
889 1662 1063 1696 Vicarium
1097 1663 1218 1700 Divale

316 1717 554 1759 Rescriptum,
579 1712 671 1759 quod
702 1713 900 1747 Ursicinum
936 1712 1045 1752 Sansti
1083 1712 1215 1748 Damasi

318 1767 547 1810 Anti-Papam
568 1765 602 1798 in
628 1763 851 1809 Agrippinam
864 1762 1069 1803 Coloniam,
1095 1762 1130 1796 δε
1146 1761 1217 1804 ejus

313 1828 541 1863 congerrones
566 1815 747 1859 Episcopos
768 1813 940 1859 relegatin
954 1812 1033 1847 alias
1045 1811 1217 1854 civitates,

319 1879 455 1902 ornnem
480 1867 637 1909 deinceps
657 1863 872 1910 degradatum
900 1863 1100 1906 Episcopum
1127 1874 1216 1899 man-

315 1919 376 1956 dat
395 1917 528 1952 exulare
553 1916 594 1952 ad
605 1926 739 1953 centum
750 1913 853 1953 millia
866 1914 1010 1957 passuum
1024 1912 1042 1945 a
1055 1914 1109 1946 sun
1122 1912 1216 1946 amis-

315 1971 352 2004 sa
373 1967 537 2005 cathedra
551 1990 564 2009 2
587 1967 620 2001 δε
642 1965 815 2010 adjungit:
843 1964 982 1996 Volumus
995 1967 1215 2003 utquicumque

311 2021 429 2062 judjcio
455 2016 598 2057 Damafi,
635 2016 716 2057 quod
741 2015 790 2046 ille
814 2023 881 2046 cum
905 2011 1014 2054 confilio
1027 2017 1205 2053 quinqueve

314 2069 430 2114 septem
455 2067 595 2100 habuerit
622 2062 853 2107 Episcopornm‚
886 2063 937 2095 ve!
961 2071 1057 2093 eorum
1083 2065 1135 2101 qui
1157 2063 1217 2092 Ca-

317 2118 420 2156 tholici
444 2115 518 2160 sunt
536 2116 654 2156 ,iudicio
679 2114 732 2145 vel
753 2112 874 2143 concilio
906 2110 1121 2146 condemnatus
1149 2107 1215 2150 fue-

318 2174 360 2202 rit
373 2192 382 2206 ,
401 2166 432 2208 ſs
447 2164 554 2207 injufle'.
576 2164 701 2197 voluerit
727 2158 882 2201 Ecclesiam
904 2168 1079 2198 retentare,
1105 2168 1140 2192 ut
1162 2164 1212 2201 qui

315 2226 457 2254 evocatus
486 2215 532 2249 ad
554 2212 737 2250 sacerdotale
755 2210 917 2255 ,Iudicium
935 2218 992 2252 per
1003 2213 1215 2244 contumaciam

314 2280 375 2303 non
403 2266 498 2310 iviffet
511 2289 521 2305 ,
548 2272 601 2300 aut
622 2263 660 2295 ab
684 2261 847 2300 rllustribus
858 2266 936 2296 viris
955 2259 1114 2300 Praefeaeis
1128 2262 1214 2295 Prae-

315 2324 391 2353 torio
404 2317 513 2351 Galliae
524 2323 611 2356 atque
625 2313 723 2345 Italiae
737 2335 746 2350 ,
769 2309 798 2352 fi
799 2322 834 2345 ve
847 2311 868 2346 ἃ
882 2308 1108 2352 P-racanfidibus
1127 2332 1139 2350 ,
1163 2311 1215 2342 vel

316 2373 449 2403 Vicariis
463 2390 474 2406 ,
502 2365 675 2397 anet-oritate
695 2359 854 2401 adbibita,
880 2360 924 2392 ad
948 2357 1211 2402 Episcopalejudt-

317 2425 397 2453 cium
417 2421 589 2451 remittatur
607 2436 617 2453 ‚
642 2421 675 2445 ut
685 2413 729 2445 ad
738 2410 842 2447 urbem
861 2414 988 2443 Romam
1009 2407 1064 2452 sub
1085 2407 1214 2452 prosecu-

319 2477 401 2508 ¹tione
413 2470 577 2510 perveniat
592 2488 603 2504 ‚
631 2472 685 2497 aut
701 2461 731 2504 fi
748 2467 780 2501 itt
800 2460 1051 2504 longinquioribus
1070 2458 1211 2502 partibus

322 2520 452 2559 alicujus
473 2516 618 2559 ferocitas
641 2514 713 2546 talis
724 2510 899 2555 emerserit,
924 2515 1016 2548 omnis
1041 2512 1107 2552 ejus
1117 2508 1212 2552 caeusae

321 2570 416 2604 ‘diffie
438 2569 483 2600 ad
505 2566 700 2607 Metropolitae
726 2569 758 2596 in
784 2563 885 2596 eadem
912 2563 1073 2594 Provincia
1097 2558 1216 2604 Epist-o,-

320 2626 358 2663 ρι’
384 2619 546 2653 deducatur
565 2626 692 2649 examen
713 2638 724 2654 ,
762 2614 812 2652 vel
830 2611 859 2654 fi
879 2610 943 2654 ipse
968 2612 1213 2653 Metropolitanus

325 2670 386 2711 est,
413 2673 538 2706 Romam
563 2666 736 2709 ueceffarid,
763 2664 815 2700 vel
831 2662 951 2701 adeor,
980 2673 1049 2703 quos
1061 2665 1215 2696 Romanus

326 2717 492 2762 ,Episcopus
508 2722 540 2763 J
543 2717 639 2756 udices
667 2715 785 2750 dederit
806 2737 819 2754 ,
850 2711 914 2755 fine
939 2711 1080 2745 dilatione
1100 2718 1216 2746 conten·

328 2757 385 2806 dat
398 2794 405 2801 .
443 2767 643 2802 Criminales
676 2764 914 2808 Episcoporum
934 2762 1043 2797 causas
1063 2760 1215 2805 deinceps

329 2830 399 2854 non
413 2829 464 2861 per
478 2817 609 2854 Ditzalia
622 2815 790 2857 Rescripta
812 2812 955 2857 delegari
978 2812 1132 2851 mandat,
1160 2810 1213 2846 sed

328 2858 407 2913 cogi
432 2867 470 2900 ad
493 2866 677 2899 ordinarios
696 2863 842 2906 Iudices:
874 2861 986 2896 Sancit
1006 2871 1041 2895 ut
1052 2860 1217 2901 Praetorioe

327 2929 405 2957 sum
428 2916 566 2950 Praefecti
583 2939 592 2954 ,
618 2913 836 2948 proconsules
854 2935 865 2951 ‚
890 2911 1075 2954 &ipsorum
1090 2911 1217 2946 Vicarii

329 2968 399 3004 haec
410 2965 539 3006 strenue
556 2965 787 3007 exsequantur.
816 2961 1002 3004 Desumpfit
1017 2962 1112 2995 verba
1126 2974 1166 2995 ex
1177 2962 1219 2996 fa-

333 3019 393 3057 {lis
414 3017 454 3050 ad
478 3018 508 3049 se
529 3016 548 3048 a
571 3015 726 3048 Romana
747 3012 877 3050 Damasi
900 3009 1038 3055 Synodo
1051 3011 1196 3054 precibus
1209 3036 1219 3052 ,

333 3069 403 3111 ipsa
425 3066 561 3099 inseruit
585 3066 641 3098 suo
655 3063 824 3106 Rescripto
838 3086 850 3102 ,
876 3061 1101 3104 &impartivit
1116 3063 1219 3100 austo-

335 3119 432 3153 ritate
454 3114 535 3159 legis
549 3138 556 3145 .
585 3114 710 3149 Verum
731 3125 793 3147 nec
817 3111 998 3152 Arcadius,
1026 3122 1086 3145 nec
1100 3113 1221 3146 Hono-

337 3167 487 3202 riussunt
502 3165 654 3208 pietatem
669 3164 849 3205 prosecuti.
881 3162 966 3208 Quis
978 3161 1066 3195 enim
1079 3163 1221 3203 nesciat,

338 3221 424 3260 quod
441 3212 624 3257 Theophili
636 3211 858 3251 Alexandrini
879 3209 1071 3245 Patriarchae
1093 3214 1220 3247 eausam

337 3268 457 3302 §aristo
477 3263 593 3307 joanni
607 3262 844 3304 Chrysostomo
857 3286 867 3302 ,
882 3262 915 3301 &
928 3259 1023 3305 hujus
1035 3264 1161 3296 causam
1175 3262 1221 3295 illi

338 3314 495 3364 delegarit
523 3314 705 3356 Arcadius,
729 3311 900 3351 manifeste
926 3322 1041 3352 contra
1067 3313 1222 3354 Nicaenos

1287 263 1437 308 piscopum
1448 271 1480 298 in
1488 266 1624 308 plenaria
1634 274 1726 301 totius
1739 269 1849 310 Africae
1876 277 2005 308 concilio
2030 278 2175 321 degrada·
2193 291 2237 330 Ep

1291 313 1509 359 tumsuscipere
1519 319 1660 358 noluerit,
1682 317 1759 361 sano
1769 326 1862 362 capite
1869 322 1988 364 faciet,
2012 326 2173 371 &neccog‘i

1287 365 1377 408 petest
1391 389 1403 406 ,
1428 377 1478 400 nec
1490 368 1593 401 debet.
1616 368 1800 412 Eiquisquis
1810 382 1878 405 eam
1889 374 2174 420 violenter-coegerit,

1289 414 1416 458 ostendet
1427 418 1525 458 qualis
1529 417 1569 458 fit
1582 442 1592 458 ,
1619 421 1764 462 &qualis
1773 421 1946 463 antbfieerit
1957 447 1969 463 ,
1995 428 2113 466 quando
2128 430 2174 462 -de

1285 464 1318 508 se
1340 465 1418 499 nihil
1439 469 1510 500 mali
1522 469 1602 501 credi
1612 469 1752 511 volebat,
1771 470 1871 512 faciet
1885 474 2029 518 intelligi.
2057 478 2172 510 Nullus

1289 520 1367 549 enim
1380 514 1420 558 fic
1436 518 1574 558 proditur
1586 543 1596 558 ,
1623 521 1740 562 qualem
1761 520 1879 564 causam
1898 522 2055 566 habuerit,
2081 527 2174 568 quem

1289 566 1337 598 ille
1364 589 1375 606 ,
1413 571 1463 608 qui
1484 575 1542 609 per
1563 568 1725 612 saeculares
1748 571 1908 612 Potestates
1929 597 1941 614 ‚
1977 576 2031 609 vel
2061 578 2174 618 quasli-

1289 614 1339 649 bet
1365 616 1543 659 violentias,
1571 630 1638 654 cum
1657 621 1878 662 perturbatione
1904 625 1939 657 (δ’
1955 626 2074 667 querela
2085 637 2173 662 cona-

1289 674 1339 697 tur
1365 671 1489 708 recipere
1516 666 1670 711 bonorem,
1696 682 1784 713 quem
1804 674 1943 715 perdidit
1964 699 1970 705 .
2001 679 2076 709 Non
2101 679 2171 710 vult

1289 720 1368 752 enim
1392 719 1503 754 volenti
1527 718 1641 761 cbristo
1663 719 1782 764 servire
1803 747 1814 764 ‚
1835 721 1894 765 sed
1917 723 2095 765 Christianis
2121 737 2173 759 no*

1285 765 1417 802 lentibus
1443 768 1610 804 dominari.
1638 771 1770 815 Nempe
1794 772 1987 818 degradatus
2013 775 2070 809 ille
2097 775 2172 819 Epi,

1287 817 1402 860 scopus
1427 817 1469 852 ab
1495 819 1655 855 Honorio
1682 821 1838 866 Augusto
1862 823 1995 859 Sacrum
2022 824 2172 870 Rescrip-

1287 876 1383 908 tum,
1407 867 1441 904 &
1465 867 1485 907 ὲ
1509 868 1664 915 delegatis
1689 883 1746 916 per
1772 872 1876 917 ipsum
1895 874 2064 917 Judicibus
2074 874 2171 910 visto*

1286 916 1367 951 riam
1392 917 1606 959 obtinuerat,
1630 931 1729 965 atque
1755 921 1800 958 ita
1813 923 1943 958 volebat
1956 925 2116 960 violenter
2126 936 2172 960 re-

1286 966 1355 1001 dire
1380 967 1417 1004 in
1446 969 1536 1005 suam
1563 970 1744 1007 Ecclesiam
1766 999 1774 1006 .
1810 973 1914 1008 Sacrae
1945 974 2171 1020 delegationes

1285 1017 1358 1050 sunt
1383 1016 1542 1054 violentia
1569 1021 1693 1065 semper
1717 1021 1873 1063 damnata
1903 1035 1960 1073 per
1992 1024 2172 1068 Ecclesias,

1284 1066 1318 1104 ὃς
1343 1064 1650 1114 Γεωρεῐςτιίῖιιι,
1972 1092 1974 1094 -

1334 1115 1474 1152 Tertius
1495 1127 1585 1151 error
1609 1120 1679 1161 est,
1703 1121 1792 1166 quod
1805 1124 1973 1168 Zozymus
1998 1125 2087 1170 Papa
2097 1127 2171 1161 Sar·

1283 1163 1428 1206 dicenses
1451 1165 1606 1202 Canones
1619 1171 1792 1212 protulerit
1801 1184 1931 1219 propter
1944 1177 2103 1210 sacrarum
2112 1176 2169 1211 de-

1283 1213 1490 1259 legationum
1515 1218 1633 1258 fastam
1667 1218 1688 1252 a
1721 1222 1838 1263 quovis
1872 1224 2024 1268 Principe
2059 1225 2170 1261 eeffiov

1284 1275 1384 1306 nem,
1407 1264 1443 1301 ἀ
1464 1264 1505 1303 ad
1533 1267 1788 1312 gratificandum
1807 1268 1972 1308 damnatis
1997 1274 2170 1319 Episcopis

1273 1325 1337 1357 ¹per
1358 1314 1493 1360 aliquod
1513 1318 1642 1355 tefiduae
1673 1319 1845 1357 revisionis
1868 1322 2052 1358 remedium
2076 1348 2085 1357 .
2111 1324 2170 1360 1:3st

1283 1364 1417 1411 insignis
1444 1366 1574 1402 fabula.
1606 1368 1687 1404 Istos
1714 1381 1856 1414 namque
1882 1372 2039 1408 Canones
2063 1373 2170 1418 Zmyr

1281 1426 1354 1450 mus
1375 1416 1513 1460 protulit
1534 1429 1576 1452 ex
1596 1420 1768 1456 occasione
1787 1422 1918 1466 Apiarii
1931 1448 1942 1464 ‚
1968 1423 2167 1460 Siccensisin

1281 1466 1484 1509 Mauritania
1496 1466 1682 1513 Presbyteri
1696 1495 1707 1511 ‚
1734 1471 1789 1515 qui
1800 1471 1819 1506 a
1832 1473 1892 1508 suo
1906 1473 2168 1520 Episcopodam·

1281 1526 1374 1555 natus
1401 1516 1546 1562 Romam
1567 1519 1746 1564 appellarat
1762 1546 1775 1564 ,
1799 1522 2171 1568 atqueQZozymofue-

1279 1575 1327 1599 rat
1352 1576 1535 1611 reparatus.
1562 1569 1658 1605 Hinc
1670 1571 1761 1606 enim
1772 1581 1943 1617 tamquam
1961 1574 2082 1610 cicadas
2105 1573 2170 1615 iiii

1277 1625 1429 1660 correptae
1448 1618 1651 1654 ebullierunt
1676 1633 1793 1656 omnes
1815 1622 1974 1659 Afrorum
1987 1623 2140 1668 Episcopi
2152 1647 2165 1664 ‚

1276 1666 1488 1707 protestantes
1511 1667 1626 1703 violari
1645 1669 1904 1713 antiquissimam
1930 1673 1964 1707 &
1987 1672 2167 1716 probatissi-

1277 1725 1366 1749 mam
1395 1714 1558 1749 Africanae
1569 1717 1757 1752 Dioecesoos
1768 1721 2040 1760 consuetudinem
2052 1747 2063 1763 ,
2092 1733 2165 1767 qux

1277 1763 1469 1797 inferiorem
1496 1763 1629 1799 Clerum
1657 1766 1781 1810 semper
1805 1769 1939 1803 exclusit
1964 1769 1983 1803 a
2009 1770 2182 1807 Roman

1275 1812 1495 1857 appellatione
1507 1838 1518 1855 ,
1544 1814 1578 1850 ὃς
1591 1813 1790 1851 primatialis
1801 1818 1930 1861 synodi
1939 1818 2163 1864 judicio'juffit

1275 1863 1337 1897 effe
1362 1872 1559 1910 contentum
1572 1889 1580 1897 .
1607 1865 1701 1903 Hinc
1729 1868 1848 1902 factum
1864 1870 1958 1903 suum
1970 1879 2164 1916 purgaturus

1275 1924 1313 1946 ac
1333 1911 1518 1948 firmaturus
1539 1914 1707 1959 Zozymus
1719 1918 1856 1960 protulit
1878 1919 2034 1955 canones
2060 1921 2164 1956 Sardi·

1283 1964 1413 2002 censa,
1437 1964 1611 2000 adfirmans
1619 1968 1681 2000 effe
1693 1966 1866 2002 Nicaenos:
1894 1968 2083 2004 Adfirmans
2100 1970 2162 2006 hos

1271 2013 1344 2047 leffe
1354 2013 1475 2057 Spiritu
1487 2015 1552 2048 Dei
1563 2015 1740 2058 conditos,
1766 2017 1914 2052 &totius
1935 2019 2051 2063 mundi
2074 2032 2162 2056 reve-

1272 2063 1377 2096 remia
1389 2064 1616 2104 consecratos,
1643 2065 1784 2109 ideoque
1793 2066 1866 2110 ipsis
1890 2067 2055 2103 adversam
2081 2082 2161 2105 con-

1274 2110 1481 2147 suetudinem
1491 2113 1555 2149 asse
1566 2114 1782 2157 corruptelam
1795 2140 1802 2147 .
1829 2116 1904 2151 Nec
1931 2118 2016 2161 ipsos
2029 2131 2070 2154 ex
2081 2119 2160 2154 lato-

1274 2159 1337 2194 bris
1348 2160 1524 2205 produxit,
1553 2162 1608 2197 sed
1633 2174 1674 2197 ex
1700 2164 1858 2199 Romanae
1883 2166 2035 2203 Ecclesiae
2058 2168 2159 2204 archi·

1274 2211 1339 2245 vis.
1367 2211 1479 2246 Etiam
1505 2222 1548 2246 ex
1574 2214 1733 2249 consueto
1758 2214 2009 2252 Antecefforum
2025 2219 2166 2253 moreti*-

1273 2260 1389 2300 tulavit
1415 2261 1583 2296 Nicaenos.
1611 2263 1715 2311 Qod
1728 2263 1965 2311 aprincipibus
1978 2269 2097 2302 cessum
2107 2268 2165 2304 de-

1276 2310 1419 2356 legandas
1431 2312 1599 2346 revisionis
1610 2314 1792 2349 remedium
1804 2327 1871 2350 non
1896 2317 2024 2359 penitus
2044 2318 2163 2353 exstin-

1275 2363 1331 2406 gui
1340 2386 1351 2403 ‚
1380 2361 1446 2404 ejus
1461 2362 1654 2405 potestatem
1665 2366 1833 2400 transferre
1845 2365 1879 2399 in
1892 2365 2007 2401 Sedem
2019 2366 2163 2411 Aposto-

1277 2412 1374 2446 licam
1387 2436 1396 2451 ,
1422 2422 1520 2456 atque
1530 2411 1575 2447 ita
1585 2412 1780 2458 degradatos
1793 2415 1971 2460 Episcopus
1988 2417 2083 2453 solari
2105 2430 2161 2454 νο,

1277 2461 1370 2500 luerit
1381 2461 1539 2497 Pontifex
1549 2487 1560 2503 ,
1585 2463 1692 2499 credat
1704 2465 1831 2508 Judaeus
1844 2465 1960 2511 Apella
1970 2492 1978 2500 .

1323 2512 1468 2560 Qartus
1479 2523 1569 2548 error-
1581 2513 1627 2548 est
1640 2538 1651 2555 ‚
1678 2515 1770 2560 quod
1795 2516 2010 2552 Innocentius
2036 2518 2159 2562 primus

1277 2573 1346 2597 non
1372 2563 1567 2606 agnoverit,
1593 2574 1651 2598 aut
1677 2566 1712 2599 in
1739 2565 1945 2609 suisjudiciis
1957 2579 2023 2601 non
2035 2567 2157 2602 usitarit

1276 2611 1477 2647 Sardicenses
1503 2612 1675 2647 Canones.
1702 2614 1836 2648 Etenim
1864 2614 1952 2658 qudd
1974 2616 2039 2659 ipse
2049 2617 2156 2652 Sancti

1276 2662 1411 2706 Ioannis
1435 2660 1662 2705 Chrysoflomi
1676 2663 1927 2708 appellationem
1937 2665 2090 2700 direxerit
2101 2678 2158 2710 per

1276 2712 1354 2747 istos
1367 2711 1522 2747 Canones
1541 2723 1580 2746 ac
1593 2711 1768 2756 judicarit,
1793 2713 1883 2758 supra
1893 2715 2058 2754 ostensum
2083 2717 2128 2750 est
2144 2741 2157 2758 ,

1276 2774 1314 2797 ac
1329 2773 1376 2797 res
1399 2763 1467 2807 ipsa
1487 2762 1623 2797 clamat.
1648 2762 1874 2807 Appellationi
1890 2765 2102 2808 suspensivum
2112 2768 2158 2802 ef-

1277 2813 1396 2848 festum
1410 2812 1501 2851 dedit
1514 2836 1526 2854 ,
1551 2812 1655 2858 ipsum
1667 2812 1791 2850 admisit
1802 2825 1838 2847 ut
1852 2814 2049 2859 Episcopum
2059 2841 2072 2861 ‚
2100 2827 2159 2852 no.

1277 2874 1356 2898 vum
1383 2863 1439 2907 ipsi
1468 2863 1665 2907 Episcopum
1690 2864 1924 2906 superordinari
1943 2866 2053 2902 noluit
2073 2889 2084 2905 ,
2111 2868 2158 2901 su-

1278 2914 1521 2958 perordinatum
1545 2912 1714 2947 Arsaciurn
1739 2914 1906 2949 damnavit
1931 2916 2159 2957 utintrusum,

1278 2965 1444 3008 Laicaque
1454 2964 1552 3000 etiam
1563 2965 1797 2998 communione
1808 2965 1943 3008 privavit
1954 2989 1964 3006 ‚
1991 2966 2024 2999 &
2037 2967 2158 3009 sapien-

1278 3014 1400 3051 tiffimo
1419 3016 1478 3052 suo
1503 3012 1636 3050 arbitrio
1664 3013 1766 3047 voluit
1795 3015 1921 3048 causam
1951 3016 1986 3048 in
2012 3015 2156 3060 generali

1280 3064 1416 3107 synodo
1442 3063 1617 3099 retractari.
1647 3063 1688 3097 Et
1703 3065 1861 3098 Actorum
1874 3067 2002 3099 suorum
2015 3066 2157 3102 rationes

1280 3117 1432 3152 daturum
1457 3112 1682 3156 Theophilum
1694 3114 1734 3147 eo
1745 3114 1876 3148 citavit.
1907 3116 1948 3149 Et
1963 3113 2001 3149 ad
2013 3116 2156 3152 eundem

1280 3164 1527 3207 Theophilum,
1554 3164 1608 3206 qui
1636 3177 1678 3198 ex
1706 3163 1928 3199 Antiochenis
1961 3165 2156 3202 Canonibus

1281 3215 1446 3250 damnarat
1471 3214 1630 3255 Joannem
1653 3238 1664 3254 ‚
1691 3215 1843 3257 rescripsit
1870 3227 1876 3247 :
1910 3217 1942 3247 si
1977 3211 2154 3256 conscientia

1279 3264 1400 3306 confidIs
1424 3288 1434 3303 ‚
1473 3271 1505 3295 tu
1531 3275 1639 3305 quoque
1658 3265 1772 3303 judicio
1797 3275 1912 3298 accurre
1937 3265 1982 3296 ad
2016 3267 2156 3302 synodum

1273 3316 1412 3360 proxime
1436 3318 1467 3346 in
1494 3312 1608 3355 Christo
1632 3314 1857 3356 celebrandam,
1881 3314 2084 3356 &illicjuxtci
2098 3319 2159 3361 Ni·-

2035 3371 2110 3402 δῶκέ

2238 299 2333 328 ‚235.
