2366 3756
417 154 509 198 332

333 232 449 263 -tatum
469 232 525 257 aut
546 221 730 257 violentum
751 222 938 265 judicium.-
966 222 1101 267 Utpote
1123 224 1225 259 latum

345 272 583 309 extransrniffis
595 272 686 306 Actis
700 296 709 311 ,
735 273 770 306 δε
792 273 1021 316 probatissimis
1044 274 1224 309 multorum

332 323 583 366 ,Episcoporum
602 323 636 356 &
658 322 863 357 Clericorum
891 323 1085 357 testimoniis
1110 347 1121 363 ‚
1160 325 1225 358 lau-

343 372 426 406 datis
450 372 483 406 in
508 372 626 407 eodem
648 371 785 406 Palladii
805 384 842 407 ac
868 372 1042 408 Theodori
1056 373 1223 418 Dialogo.

342 422 415 456 Nec
426 420 598 456 dumtaxat
610 422 893 457 interlocutorium
906 423 970 457 fuit
981 448 991 463 ,
1021 423 1075 456 sed
1086 423 1225 458 omnino

338 471 546 507 definitivum
560 496 570 513 ‚
598 484 635 506 ac
657 471 878 516 independens
902 473 942 507 ab
962 474 1054 507 omni
1080 474 1222 518 generali

338 522 477 565 Synodo
492 547 499 554 .
528 523 602 557 Nec
613 523 647 557 in
665 523 768 556 solam
782 522 1004 565 Episcopalem
1018 525 1222 559 communio-

702 136 744 180 S.
782 132 1107 182 GREGORII
1143 126 1792 183 seprsn1-fP0Nir‘1i'1cxs

1279 224 1378 268 ipfius
1402 224 1688 264 circumferebant,
1712 225 1746 259 δε
1758 236 1811 268 per
1828 236 1964 261 omnem
1984 227 2154 263 Orientem

1282 274 1459 319 vulgabant
1483 273 1692 319 Apostolicas
1711 275 1836 309 litteras
1856 300 1867 316 ,
1903 287 2000 318 atque
2022 289 2063 312 ex
2086 279 2158 322 ipfis

1281 324 1730 369 demonstrabant-Joannem
1753 335 1821 359 non
1842 326 1904 359 effe
1926 325 2134 370 degradatum
2147 353 2158 369 ‚

1281 374 1332 408 sed
1345 386 1457 408 verum
1468 387 1505 409 ac
1517 376 1701 420 legitimum
1711 374 2088 418 Constantinopolitanae
2099 378 2158 418 Ec-

1280 425 1381 458 clefiae
1392 425 1590 468 Episcopum
1602 450 1614 465 ,
1642 424 1756 470 utpote
1768 425 2158 468 Apostolicalnnocentii

1280 474 1471 511 auctoritate
1484 475 1624 510 solutum
1635 475 1675 510 ab
1698 475 1834 520 ingestis
1856 487 1911 519 per
1930 473 2159 519 Theophilum

1279 523 1438 564 vinculis,
1464 525 1574 560 &sedi
1587 526 1768 560 restitutum
1783 551 1790 557 .
1817 525 1860 560 Et
1889 537 1947 569 pro
1968 524 2033 560 hoc
2055 526 2161 560 Evan-

337 582 415 607 nem
429 597 439 612 2
466 572 660 616 sedinsnper
672 573 706 606 in
730 572 1133 616 Constantinopolitanam
1158 575 1222 609 Ca-
1277 575 1366 619 gelio
1388 575 1524 618 plurimi
1543 575 1694 620 Episcopi
1712 574 1846 610 -vlincula
1863 600 1874 616 ,
1900 576 2001 610 exilia
2015 596 2027 618 ·,
2054 587 2159 610 carce)

328 621 486 658 -thedram
509 622 594 665 juffit
618 623 779 665 Joannem
791 624 923 667 reponi.
952 623 1064 657 Palam
1092 623 1156 658 hoe
1174 626 1221 658 lu-

335 682 388 707 cet
401 685 441 707 ex
452 672 638 705 Innocentii
652 672 829 707 Pontificis
842 697 852 713 ,
880 673 1086 717 Imperatoris
1101 676 1218 708 Hono-

328 722 393 762 rii,
422 721 608 756 Chromatii
634 721 875 767 Aquilejenfis,
902 723 1036 757 Venerii
1058 722 1217 758 Mediola-

1278 634 1326 657 τες
1338 649 1348 664 ,
1365 622 1492 669 flagella
1504 650 1514 667 ‚
1540 634 1718 661 extremam
1730 635 1947 670 paupertatem
1959 626 2134 661 tolerarunt
2150 638 2158 657 ε

1277 674 1449 717 Deportati
1471 676 1570 710 etiam
1595 676 1628 710 in
1651 677 1752 711 Oasin
1783 701 1789 708 .
1816 676 1992 717 Omnino,
2017 674 2158 710 omnino

1277 734 1334 766 pro
1356 722 1420 759 hoc
1444 725 1640 770 Evangelio.
1670 726 1771 778 Qod
1783 726 1871 760 enim
1886 725 2058 763 Romanus
2082 726 2161 769 Epi-

334 772 461 810 nenfis,
487 772 630 815 plu-rium
648 773 787 807 aliorum
811 773 1028 813 Antistitum,
1055 784 1091 806 ae
1118 776 1217 808 totius
1278 775 1390 818 scopus
1400 777 1588 819 quorumvis
1599 776 1834 820 Episcoporum
1848 775 2082 819 appellationes
2104 775 2158 808 ad-

330 821 558 855 Occidentalis
580 822 724 857 Concilii
748 823 788 857 ad
812 823 1135 857 Thessalonicensem
1160 825 1216 867 Sy-

331 872 457 905 nodum
482 871 601 906 litteris.
619 882 714 916 atque
735 873 914 907 mandatis:
943 878 1014 906 Non
1028 876 1215 917 oportereJo-

330 933 440 955 annem
456 923 607 962 judicium
634 923 771 965 ingredi,
813 928 862 956 nit
889 923 933 956 illi
953 924 1040 964 prius
1067 922 1214 964 Ecclefia,

327 978 544 1014 communioque
568 973 760 1013 redderetur,
787 982 819 1005 ut
847 979 927 1006 omni
948 974 1213 1016 dilationeoccafio·

328 1026 379 1054 teis
395 1020 536 1063 fitblata,
558 1021 615 1064 sua
630 1021 737 1065 sponte
764 1025 927 1057 Concilium
937 1026 1058 1068 ingredi
1065 1025 1161 1065 poffit.

378 1071 422 1104 Et
434 1073 565 1106 cunstus
578 1073 666 1106 restae
676 1074 796 1108 mentis
807 1074 924 1107 Oriens
937 1073 1039 1107 hocce
1052 1073 1210 1116 judicium

326 1121 562 1165 promptissime
584 1133 680 1166 atque
700 1123 867 1158 fortiffime
890 1123 1019 1157 admisit
1043 1148 1049 1158 .
1081 1124 1209 1157 Etenim

326 1172 508 1214 Cyriacum
532 1172 729 1206 Emesenum
754 1174 787 1206 in
819 1174 956 1207 secunda
983 1171 1156 1206 Phoenicia
1171 1173 1210 1205 E-

1277 825 1405 858 mittere
1430 849 1440 865 ,
1481 827 1669 869 quatumvis
1692 826 1913 862 Orientalium
1941 826 2158 860 Ecclefiarum

1276 874 1453 917 Synodalia
1472 875 1593 918 judicia
1616 879 1782 911 retraetare
1809 888 1847 910 ac
1870 878 2065 915 reformare,
2094 887 2156 908 nec

1276 935 1342 958 non
1356 924 1528 960 damnatos
1539 937 1594 970 per
1607 926 1674 970 ipsa
1687 928 1866 972 Episcopos
1880 937 2020 971 reparare
2032 925 2136 960 valeat
2147 947 2158 963 ‚

1276 985 1341 1007 non
1370 974 1410 1008 ab
1437 973 1628 1010 hominibus
1654 976 1772 1017 habet,
1796 976 1849 1011 sed
1876 976 1916 1010 ab
1944 976 2015 1020 ipso
2044 973 2158 1018 JESU

1276 1023 1395 1058 Christi
1419 1025 1600 1070 Evangelio
1614 1049 1621 1058 .
1654 1027 1727 1060 Nec
1738 1025 1945 1060 solummodo
1957 1025 2065 1070 quoad
2079 1023 2160 1068 dog·

1276 1086 1347 1113 ma,
1373 1074 1532 1116 sedetiam
1545 1076 1652 1118 quoad
1678 1076 1903 1119 disciplinam.
1932 1077 2045 1117 Nemo
2071 1075 2159 1108 restae

1275 1123 1390 1156 mentis
1402 1123 1487 1164 apud
1503 1126 1676 1157 Orientem
1689 1149 1699 1164 ,
1726 1125 1831 1160 immo
1843 1136 1904 1160 nec
1917 1119 2004 1166 ullus
2014 1125 2031 1158 ὲ
2042 1123 2160 1158 Theo-

1275 1170 1353 1214 phili
1367 1171 1507 1205 factione
1519 1171 1700 1216 Episcopus
1710 1182 1819 1211 tantos
1835 1167 2078 1230 virosunq'uam
2094 1184 2156 1207 ,ca-

326 1222 498 1265 piscopum
519 1222 670 1256 adfirmat
694 1223 838 1256 Romam
865 1222 985 1254 venisse
1012 1220 1212 1256 Theodorus
1275 1221 1450 1255 lumniatus
1462 1223 1506 1256 est
1519 1222 1561 1256 de
1573 1222 1693 1257 violata
1721 1224 1898 1257 Orientalis
1925 1225 2075 1258 Ecolefiae
2100 1231 2159 1258 aut

323 1272 499 1306 Diaconus
513 1295 522 1310 ,
549 1282 645 1314 atque
671 1272 887 1314 prosequitur:
921 1271 985 1310 Post
998 1275 1147 1313 Cyriacum
1159 1274 1209 1305 ad·

325 1326 411 1353 venit
428 1319 559 1360 Eulyfius
569 1343 578 1358 ,
608 1325 756 1361 Apameiae
781 1319 929 1358 Bithyniae
941 1323 1104 1366 Episcopus
1121 1347 1131 1362 ‚
1157 1324 1210 1354 ad·

319 1370 427 1411 ferens
447 1372 567 1402 litteras
590 1372 608 1401 ἃ
630 1371 797 1412 quindecim
823 1369 980 1412 Episcopis
1008 1372 1045 1403 a'e
1066 1375 1097 1416 J
1101 1378 1206 1404 oannis

324 1421 472 1460 Concilio,
498 1419 531 1452 (θ’
569 1420 588 1450 ἃ
604 1421 756 1461 praeclaro
777 1423 849 1453 Sene
868 1420 962 1462 Anyfio
984 1421 1214 1464 Theffalonicenfi

321 1469 468 1512 Episcopo
484 1495 494 1510 ,
522 1476 555 1502 in
575 1469 680 1511 quibus
707 1471 752 1503 illi
771 1472 891 1512 quidem
912 1473 945 1504 &³
966 1474 1184 1513 precedentem
1199 1497 1208 1512 ,

322 1521 356 1551 (o‘
379 1532 445 1561 quae
465 1528 533 1552 tunc
556 1529 621 1552 erat
636 1545 646 1560 ‚
671 1519 955 1561 constantinopoleos
978 1527 1071 1554 totius
1096 1525 1206 1563 deprae-

322 1572 473 1602 clationem
486 1593 495 1608 ,
507 1569 731 1611 vastitatemque
737 1568 911 1612 signabant.
940 1570 1052 1611 Anystus
1068 1573 1136 1603 verb
1150 1575 1207 1603 Ro·

322 1630 422 1652 manae
446 1619 582 1660 Ecclefiae
586 1621 734 1659 judicium
753 1618 787 1661 se
804 1618 889 1661 sequi
901 1619 1083 1660 fatebatur.
1115 1623 1207 1653 Porro

321 1669 452 1710 Eulyfius
474 1667 535 1711 ipse
556 1666 679 1710 consona
696 1673 814 1706 cyriaco
821 1676 877 1709 per·
902 1674 1001 1701 omnia
1021 1670 1121 1700 dixit.
1150 1674 1208 1701 Vix

321 1718 424 1759 menfis
434 1719 583 1758 fluxerat,
609 1729 674 1750 cum
692 1718 848 1750 Palladius
859 1729 971 1760 quoque
995 1720 1206 1759 Helenopolim-

321 1780 379 1802 ηιμ
391 1766 555 1810 Episcopus
567 1766 675 1810 absque
684 1769 794 1801 litteris
809 1773 892 1803 venit
908 1792 918 1808 ,
945 1774 994 1810 qui
1007 1770 1041 1802 (y
1050 1767 1208 1810 ipsesefu-

317 1819 388 1865 gfff
398 1818 516 1851 dicebat
539 1815 697 1860 vesaniam
726 1821 916 1860 Principum.
943 1818 1008 1859 Post
1036 1819 1209 1851 Palladium

321 1873 491 1903 Germanus
522 1868 699 1909 Presbyter,
727 1867 929 1911 Caffianusque
941 1871 1090 1902 Diaconus
1107 1869 1139 1911 J
1141 1875 1208 1901 oan-

322 1922 392 1959 nis,
420 1925 483 1953 viri
496 1930 614 1962 magnae
622 1920 768 1963 religionis
781 1943 791 1959 ,
817 1920 935 1953 litteras
961 1919 1000 1951 ab
1021 1924 1099 1951 omni
1126 1919 1209 1951 clero

315 1975 453 2021 Joanm‘s
467 1972 651 2010 attulerunt,
679 1976 860 2002 continentes
875 1966 1030 2007 Ecclefiam
1049 1965 1138 2008 sunm
1157 1966 1209 2009 effe

318 2021 436 2063 paffam
458 2021 670 2058 tyrannidem,
697 2016 841 2059 Episcopo
847 2024 901 2057 per
913 2022 978 2049 vim
999 2016 1127 2052 militum
1151 2018 1209 2054 eje-

322 2070 367 2103 c‘lo
383 2095 390 2108 ‚
401 2071 434 2102 (5
447 2069 614 2101 inexilium
625 2068 703 2109 neisJb
716 2092 722 2098 .
751 2066 945 2104 ostenderunt
962 2067 996 2096 <²9⁶
1008 2064 1208 2103 Breviculum

318 2121 381 2153 athi
392 2127 567 2151 ornamenta
572 2116 627 2158 sub
644 2114 804 2155 judicibus
830 2114 947 2152 testibus
972 2114 1120 2154 tradunt,
1141 2110 1210 2155 sub-

317 2169 462 2214 scriptum
472 2176 560 2199 manu
571 2166 667 2197 studii
683 2188 692 2204 ‚
721 2162 945 2205 Prefec‘liurbis
959 2187 970 2204 ‚
997 2165 1030 2198 (7
1051 2162 1208 2202 Eutychia-

323 2224 355 2252 ni
369 2222 512 2251 Praetoris
527 2241 537 2256 ,
558 2219 590 2260 J
593 2220 698 2247 oannis
710 2219 836 2247 Comitis
849 2212 1064 2257 Thesaurorum
1079 2237 1089 2252 ‚
1103 2215 1136 2248 (θ’
1147 2216 1210 2246 -Eu-

320 2265 598 2312 stachiiQua-sioris
624 2265 845 2303 &Tabularii‚
871 2269 905 2297 in
929 2270 999 2297 auro
1023 2265 1211 2307 &argentm

326 2322 360 2354 (ν
381 2315 459 2358 vafis
485 2341 495 2357 ,
534 2325 568 2348 ut
582 2320 720 2360 Joannis
745 2313 885 2358 Episcopi
910 2314 1091 2347 calumniam
1116 2314 1211 2347 dilue·

294 2378 297 2381 ’
326 2377 416 2404 rent.
444 2366 509 2407 Post
521 2366 585 2406 istos
600 2364 821 2408 venitsecundo
847 2368 1017 2399 Demetrius
1046 2362 1210 2407 Episcopus

326 2420 523 2459 Peffinuntis‚
550 2415 694 2449 secundae
720 2414 859 2449 Galatiae
885 2414 1102 2457 Metropolim.
1124 2438 1136 2455 ,
1160 2419 1211 2456 qui

323 2478 494 2513 pervagato
512 2471 634 2500 Oriente
654 2467 879 2507 praedicaverat
908 2470 1134 2498 communionem
1158 2467 1211 2496 Ro·

329 2531 429 2553 mame
452 2516 584 2558 Ecclefiae
603 2527 667 2549 cum
691 2514 835 2559 Episcopo
840 2520 990 2561 Joanne,
1017 2514 1139 2555 testibus·
1156 2516 1212 2549 Pa-

328 2579 379 2613 pae
393 2573 553 2610 Innocentis·
563 2569 672 2600 litteris
686 2590 696 2605 ‚
724 2565 865 2608 adferens
879 2565 1027 2607 Epistolas
1043 2566 1081 2597 ab
1095 2562 1214 2608 Episco-

327 2625 380 2663 ρι’]
393 2623 517 2658 Cariae,
544 2623 576 2649 in
587 2616 692 2658 quibus
710 2620 742 2661 J
745 2622 848 2648 oannis
870 2615 1121 2657 ampleo‘lebantur
1143 2625 1214 2648 com-

333 2675 493 2703 munionem
505 2693 512 2699 .
540 2666 583 2699 Ab
594 2665 777 2700 Antiochense
787 2667 892 2699 itidem
901 2664 1038 2707 Eeclefiae
1066 2664 1214 2702 Presbyte-

335 2726 380 2753 ris
392 2744 403 2759 ‚
428 2718 477 2752 ubi
488 2722 683 2750 Romanorum
690 2715 849 2759 liquuntur
861 2714 1045 2759 disciplinam
1057 2739 1068 2756 ,
1095 2716 1216 2750 laudan-

336 2779 384 2802 tes
395 2774 596 2812 integritatem
601 2767 710 2809 judicii
727 2791 734 2798 .
765 2766 830 2807 Post
846 2765 897 2798 bos
910 2770 1008 2799 omnes
1019 2770 1101 2798 venit
1114 2768 1216 2798 Domi-

336 2824 438 2852 tianus
449 2819 586 2849 sacerdos
598 2841 607 2856 ,
619 2816 943 2857 Constantinopolitanae
958 2814 1147 2859 Dispensator
1158 2818 1215 2847 Ec-

337 2866 427 2909 clefiae
437 2891 448 2907 ,
473 2867 506 2898 (θ’
519 2866 663 2908 Vallagas
676 2867 797 2906 quidam
811 2863 925 2904 Nisibis
936 2865 1084 2903 Presbyter
1096 2889 1106 2904 ,
1132 2872 1218 2906 expo-

339 2928 411 2952 nens
422 2915 654 2956 Monasteriorum
665 2913 885 2959 Mesopotamiae
893 2921 1037 2958 gemitum
1066 2917 1099 2949 Θ
1124 2917 1219 2956 ejula—

338 2976 423 3004 tum.
453 2964 559 3000 Urbis
580 2965 746 2998 Praefectus
766 2964 898 2998 Studius
917 2965 962 2998 est
984 2965 1040 2997 ille
1065 2963 1219 2998 nobilisfi-

341 3027 416 3050 mus
443 3016 488 3048 vir
511 3039 522 3054 ‚
548 3013 637 3056 cujus
663 3013 771 3058 postea
798 3014 955 3048 successor
979 3014 1014 3049 &
1041 3012 1136 3047 haeres
1163 3013 1220 3047 sub

335 3065 467 3105 -Leonis
488 3064 627 3106 Imperio
648 3061 797 3098 fundavit
817 3063 836 3098 ὲ
853 3064 911 3097 suo
935 3064 1069 3098 nomine
1097 3064 1222 3098 Studia—

345 3126 426 3154 num
439 3113 677 3147 Monasterium
697 3113 788 3147 mille
800 3111 1042 3148 Monachorum
1061 3139 1067 3145 .
1107 3114 1222 3149 Caffia-

347 3177 409 3201 nus
428 3164 600 3198 Diaconus
625 3164 670 3195 est
696 3163 756 3196 toti
778 3163 977 3203 occidenti,
1002 3163 1224 3197 &Gallicanae

351 3213 517 3258 praesertim
541 3212 699 3250 Ecclesiae,
725 3212 849 3255 optime
870 3224 984 3248 notus.
1014 3214 1139 3248 Etcum
1155 3214 1224 3256 ipfis

351 3266 482 3301 fuerunt
504 3262 560 3296 alii
582 3262 712 3306 plurimi
735 3262 910 3307 Episcopi,
936 3263 1078 3304 Clerici,
1104 3263 1224 3296 Mona-

351 3312 429 3353 chi,
455 3312 565 3345 Laici.
593 3312 641 3346 Hi
669 3322 782 3346 omnes
809 3312 1040 3355 profitebantur
1067 3314 1226 3347 Innocen-

352 3366 438 3405 tium
463 3361 614 3406 judicasse
638 3361 680 3396 de
706 3361 830 3408 Joanne
850 3386 862 3404 ,
891 3363 924 3398 &
951 3362 1031 3398 bene
1055 3363 1223 3407 judicasse,

1273 1272 1493 1306 Orientalium
1515 1273 1725 1316 Synodorum
1751 1274 1941 1307 auctoritate
1962 1297 1970 1305 .
2010 1273 2107 1306 Nam
2124 1273 2161 1308 δε

1274 1322 1339 1364 ipse
1361 1321 1419 1356 sub
1430 1322 1546 1365 Syricii
1560 1322 1683 1366 Papatu
1704 1321 1917 1367 Theophilus
1939 1324 1974 1356 in
1999 1322 2160 1365 Capuana

1273 1372 1410 1414 synodo
1427 1373 1608 1407 retractavit
1631 1374 1826 1418 appellatam
1852 1373 1980 1408 causam
2009 1369 2161 1407 Flaviani

1273 1420 1466 1456 Patriarchae
1493 1422 1723 1458 Antiocheni.
2052 1453 2054 1455 .
2138 1450 2155 1453 ..

1324 1470 1425 1506 Porro
1439 1471 1638 1516 Apostolicae
1650 1474 1740 1509 Sedis
1760 1475 1900 1509 Decreta
1928 1485 1983 1518 per
2009 1472 2162 1518 implora-

1273 1533 1338 1555 tam
1354 1524 1495 1567 Augusti
1508 1523 1635 1560 brachii
1649 1524 1840 1559 violentiam
1854 1524 1973 1559 morari
1987 1533 2085 1567 atque
2098 1522 2163 1557 sus·

1274 1572 1412 1613 pendere
1424 1573 1468 1606 est
1481 1575 1613 1617 antiqua
1625 1574 1780 1619 iniquitas
1796 1600 1805 1616 ‚
1832 1574 2010 1618 praesertim
2032 1573 2161 1607 Graecov

1272 1632 1361 1654 rum.
1390 1622 1488 1654 Hanc
1516 1624 1665 1656 adversus
1691 1625 1798 1660 sanasti
1814 1624 1948 1667 Joannis
1970 1621 2161 1666 Chryfivsto-

1273 1671 1316 1702 mi
1345 1670 1532 1704 Romanam
1561 1673 1797 1713 reparationem
1833 1672 2021 1715 imploravit
2058 1672 2159 1705 etiam

1274 1718 1460 1761 Theophili
1472 1719 1583 1756 fastio,
1595 1720 1629 1752 &
1645 1721 1828 1762 impetravit
1840 1723 1900 1754 tria
1913 1721 2025 1754 Edicta
2037 1744 2048 1759 ,
2060 1718 2171 1761 addu·

1272 1770 1320 1802 &a
1343 1767 1379 1800 in
1407 1766 1541 1800 laudato
1563 1767 1703 1801 Palladii
1731 1780 1768 1802 ac
1790 1768 1967 1828 Theodoti
1989 1767 2160 1812 Dialogm

1274 1818 1420 1853 Primum
1434 1816 1496 1851 fuit
1512 1813 1596 1852 hoc:
1623 1819 1653 1850 Si
1663 1823 1728 1861 quis
1739 1829 1797 1851 non
1807 1825 1996 1852 communicat
2019 1817 2164 1859 Theophi-

1270 1870 1315 1907 Io,
1344 1864 1459 1908 Arsacio
1483 1891 1493 1906 ‚
1543 1869 1576 1901 (τ
1597 1868 1774 1910 Porphyrw,
1800 1867 1982 1911 Episcopatu
1998 1877 2157 1902 arceatur.

1277 1921 1404 1948 Amittat
1418 1918 1489 1950 vero
1501 1942 1511 1957 ,
1532 1916 1563 1958 fi
1577 1929 1668 1960 quam
1690 1921 1811 1952 videtur
1821 1918 1922 1952 babere
1934 1943 1944 1958 ,
1965 1916 2160 1960 substantiam

1267 1971 1482 2007 pecuniarum,
1501 1967 1566 2008 five
1575 1969 1758 2008 praediorum
1781 1993 1789 2000 .
1830 1968 1983 2002 Alterum
2004 1968 2049 2001 est
2073 1967 2158 2001 hoc:

1271 2018 1459 2058 ,Quicumque
1481 2019 1674 2050 occultaverit
1706 2017 1886 2059 Episcopum
1917 2027 1971 2050 aut
1993 2018 2160 2058 clericum,

1266 2064 1328 2104 five
1348 2071 1381 2097 in
1405 2067 1523 2098 domum
1544 2065 1633 2108 suam
1640 2065 1819 2108 susceperit,
1847 2071 1898 2107 qui
1900 2071 2158 2112 Joannicommu-

1273 2118 1354 2146 nicat
1368 2136 1378 2153 ,
1403 2115 1470 2154 ejus
1496 2115 1597 2146 domus
1619 2115 1801 2154 publicetur.
1828 2116 1908 2151 Hoc
1933 2116 1978 2151 est
2005 2117 2159 2151 tercium:

1272 2163 1407 2196 Redores
1436 2166 1666 2196 Provinciarum
1691 2173 1863 2199 moneantur
1885 2191 1895 2206 ,
1934 2174 2159 2201 unconvennu

1272 2225 1369 2249 eorum
1395 2223 1550 2248 arceantur
1576 2215 1712 2255 inirem„
1728 2222 1779 2257 qui
1791 2215 2018 2249 orthodoxorum
2031 2216 2161 2259 Religio-

1273 2275 1308 2298 ηε
1315 2262 1430 2307 suffulti
1442 2286 1453 2303 ‚
1473 2261 1584 2306 spretis
1599 2266 1619 2296 5
1620 2263 1796 2307 acrosanfflis
1809 2266 1940 2308 Ecclesiis
1952 2291 1962 2306 ‚
1988 2266 2047 2299 alie)
2056 2275 2162 2299 contre-

1274 2319 1335 2348 nire
1355 2323 1498 2348 conantur·
1510 2338 1520 2354 ,
1547 2313 1595 2346 bis
1608 2320 1659 2357 qui
1671 2314 1709 2347 ab
1723 2314 1856 2357 Arsacii,
1883 2314 2061 2358 Theophili,
2087 2317 2161 2348 Por-

1270 2363 1365 2406 phyrii
1388 2387 1400 2404 ,
1437 2365 1734 2403 reverendtffimorum
1752 2367 1852 2399 Sacrae
1874 2370 1964 2409 Legis
1987 2364 2161 2405 Antistium

1273 2418 1465 2447 communione
1489 2414 1661 2456 diffentiunr
1689 2439 1700 2454 ‚
1734 2414 1774 2447 ab
1798 2414 1924 2457 Ecclesia
1946 2415 2049 2458 precid
2071 2414 2161 2456 dnbio

1273 2466 1471 2506 repellendis,
1502 2463 1584 2497 Haec
1610 2464 1656 2499 est
1677 2463 1906 2499 Theodofiani
1932 2464 2074 2500 Codicis.
2089 2465 2162 2499 fex-

1274 2525 1307 2549 ta
1325 2515 1379 2548 lex
1405 2514 1446 2548 ad
1467 2514 1603 2549 titulum
1626 2514 1674 2549 de'
1693 2512 1750 2548 his
1775 2516 1832 2557 qui
1859 2517 1959 2560 super
1979 2513 2158 2559 Religio-e

1276 2563 1500 2599 contendunt.
1531 2565 1658 2611 Qarta
1683 2563 1805 2599 ibidem
1831 2562 2159 2609 &quintasunt'ejus-

1276 2615 1350 2649 dem
1361 2613 1471 2648 farinae
1485 2637 1491 2646 .
1519 2612 1674 2647 Arsacius
1685 2614 1729 2647 est
1740 2613 1795 2647 ille
1808 2617 1961 2656 profanus
1969 2616 2077 2655 atque}
2087 2611 2160 2646 inu-

1277 2665 1344 2698 tilis
1357 2665 1452 2698 senex
1465 2689 1474 2704 ,
1501 2674 1598 2705 quern
1609 2663 1646 2696 in
1660 2662 1826 2707 degradati
1840 2663 1975 2706 Ioannis
1988 2662 2160 2697 locumrin-

1277 2715 1367 2748 trufit
1389 2712 1621 2756 Theophilus.
1650 2712 1852 2756 Porphyrius
1871 2714 1916 2746 est
1938 2712 2158 2756 ejusdem-geu

1279 2765 1363 2797 neris
1385 2761 1571 2798 Patriarcha
1590 2761 1819 2800 Antiochenus
1841 2788 1847 2795 .
1887 2762 1964 2797 Post
1988 2761 2157 2798 modicum

1278 2824 1405 2857 tempus
1431 2813 1591 2848 exstincto
1627 2811 1759 2846 Arsacio
1780 2812 1925 2846 succeffit
1947 2822 2002 2855 per
2021 2810 2157 2845 similem

1279 2864 1491 2898 intrusionem
1515 2863 1668 2902 Atticus5
1695 2862 1750 2905 qui
1773 2871 1808 2896 ut
1819 2861 2158 2905 Constantinopolita-

1280 2925 1358 2947 num
1376 2914 1510 2948 Clerum
1535 2924 1572 2946 ac
1593 2911 1748 2955 populum
1770 2922 1902 2957 cogeret
1911 2912 1952 2946 ad
1964 2913 2054 2945 suam
2067 2920 2158 2944 com-

1281 2965 1475 2998 munionem
1487 2989 1497 3004 ,
1521 2963 1611 3006 eguit
1621 2961 1741 2995 eisdem
1755 2962 1897 3006 Legibus
1906 2971 2003 3004 atque
2016 2959 2158 2994 Ediffls.

1283 3014 1468 3057 Utriusque
1479 3012 1686 3047 intrusionem
1700 3011 1781 3046 adeo
1796 3011 1969 3045 detestatus
1983 3010 2045 3044 fuit
2058 3009 2160 3043 Inno-

1282 3064 1407 3099 centius
1427 3062 1603 3100 Pontifex,
1629 3071 1665 3096 ut
1684 3062 1781 3095 etiarn
1800 3061 1942 3095 defuncti
1957 3060 2158 3094 Arsaciino-

1285 3126 1358 3148 men
1376 3113 1443 3149 radi
1455 3112 1574 3155 jusserit
1586 3112 1602 3144 ἑ
1615 3111 1716 3145 Sacris
1727 3111 1870 3146 Ecclesiae
1880 3110 2014 3150 tabulis,
2039 3110 2157 3153 ipsum·
2200 3141 2207 3148 ,

1285 3176 1348 3208 que
1360 3163 1546 3199 Christiano
1568 3161 1666 3195 etiarn
1691 3162 1848 3202 nomine,
1875 3163 1929 3195 seu
1951 3160 2049 3194 Laica
2066 3169 2157 3193 icom-

1286 3215 1445 3248 munione
1465 3211 1611 3256 privarit.
1642 3210 1744 3256 Qod
1765 3210 1881 3255 nempe
1891 3222 1959 3245 non
1968 3207 2157 3251 tantumn

1287 3266 1432 3299 Romam
1450 3261 1641 3305 appellantis
1656 3285 1667 3300 ‚
1691 3261 1747 3296 sed
1759 3262 1858 3296 etiam
1877 3261 1911 3294 in
1934 3258 1998 3301 jam
2020 3257 2159 3291 restituti

1284 3313 1422 3357 -Joannis
1443 3311 1606 3345 thronum·
1620 3310 1822 3347 effetcontra
1840 3309 2040 3344 Sardicenses
2053 3307 2161 3342 Cano-

1283 3374 1345 3398 nes
1366 3373 1403 3399 ac
1424 3371 1607 3407 perpetuam
1634 3360 1782 3399 Ecclefiae
1805 3359 2071 3401 consuetudinem
2109 3357 2158 3392 su-

2047 3418 2113 3457 pet·
