2366 3756
105 2203 245 2236 lame-6-

116 3384 180 3418 Seff.
204 3391 248 3418 16.

929 132 1420 182 D1craris's.

272 223 424 263 nanctae
443 218 647 255 celebrandum
671 226 706 254 ut
731 220 897 260 accederet,
921 219 1017 252 dolore
1037 222 1143 252 invita-

271 274 328 308 bat
347 298 356 306 .
381 270 511 314 Nempe
537 280 667 304 noverat
692 270 760 305 fine
784 269 972 304 Praefidente
998 268 1144 302 Romani

270 321 582 368 Episcopi-persona
607 330 662 354 aut
682 320 808 364 Legato
834 318 1018 363 generalem
1045 319 1147 361 Syno-

271 372 355 408 dum
373 383 442 406 non
465 371 552 415 posse
571 368 720 405 celebrari
742 394 749 403 .
791 368 873 414 Qlae
898 370 1012 403 omnia
1033 368 1147 402 iisdem

270 422 338 458 fere
349 421 453 457 verbis
463 419 572 455 scribit
583 420 729 454 laudatus
746 415 1016 453 Bibliothecarius
1030 442 1037 449 .
1066 417 1150 452 Aca-

271 473 362 508 ciani
377 470 554 507 schismatis
563 480 705 504 extrema
715 468 815 502 cauda
825 467 887 502 fuit
900 467 1036 503 schisma
1050 469 1149 502 trium

272 523 526 567 Capitulorum:
553 517 758 563 Etadversus
779 518 881 561 ipsum
904 518 1081 562 Imperator
1101 518 1151 561 Ju-

272 572 434 607 stinianus
453 569 562 614 coegit
583 570 733 614 quintum
764 569 915 613 generale
936 568 1130 603 Concilium
1144 591 1151 598 .

272 622 333 657 Ut
351 622 406 664 ipfi
428 620 624 663 panderet,
650 615 811 654 tractanda
833 619 960 652 referret
982 644 994 659 ‚
1033 619 1067 652 &
1093 618 1154 651 suf-

270 670 368 715 fragii
394 669 604 714 praerogativa
626 671 812 712 fungeretur
824 667 967 711 Vigilius
977 668 1153 706 Pontifex,

271 720 403 764 quantis
426 721 573 763 precibus
594 719 627 753 &
649 719 748 752 minis
773 718 1155 760 institerint&Princeps

272 771 310 805 &
331 769 489 804 primates
513 769 683 812 Episcopi,
710 768 933 802 demonstrant
956 768 1038 802 Acta
1051 768 1155 810 Syno-

274 820 361 855 dalia
386 846 393 853 .
431 820 474 855 Et
497 819 571 862 quia
596 818 708 852 induci
731 817 888 851 Pontifex
932 829 1001 851 non
1030 817 1158 860 potuit,

272 871 393 906 factum
414 870 460 903 est
485 869 571 910 quod
594 869 628 901 in
640 867 809 902 Chronico
821 867 930 902 scribit
942 867 982 902 ad
994 867 1157 901 decimum

272 919 450 962 :septimum
473 918 491 951 a
519 918 628 951 Basilii
667 918 849 952 Consulatu
886 928 1009 951 annum
1046 917 1159 951 Vistor

273 968 515 1003 Tonnonenlis
533 967 730 1010 Episcopus:
757 969 882 1010 Vigilius
896 971 1043 1000 Romanus
1056 972 1089 1000 in
1117 971 1158 998 in·

271 1017 342 1064 sula
365 1019 463 1051 Sicilia
481 1024 602 1051 moritur
623 1041 631 1049 .
663 1017 790 1064 Qinta
819 1018 972 1057 synodus
995 1018 1077 1049 fasta
1099 1016 1159 1048 fuit

274 1069 375 1103 tertio
396 1066 525 1102 decimo
561 1065 631 1111 post
663 1066 784 1099 dicrum
810 1066 1026 1100 Consulatum
1050 1077 1160 1105 anno,

273 1130 334 1163 per
354 1128 404 1153 tot
425 1129 531 1152 annos
542 1116 740 1161 Justinianus
753 1114 960 1159 Vigiliumiii
970 1116 1161 1149 calamitoso

273 1168 381 1202 exilio
394 1167 534 1202 detinuit
547 1191 557 1206 ,
585 1177 682 1210 atque
694 1167 737 1200 ita
750 1165 878 1199 caducae
894 1165 1021 1206 Synodi
1042 1166 1162 1208 supple-

274 1228 389 1253 menta
412 1218 445 1251 &
463 1217 712 1252 ratificationem
725 1214 877 1250 extorsit.
907 1214 1035 1249 Sciebat
1048 1226 1162 1249 ornnes

274 1269 349 1303 suas
380 1266 549 1300 machinas
580 1267 643 1299 esse
679 1266 771 1298 aliter
809 1265 941 1298 frivolas
968 1265 1002 1300 ὃς
1029 1266 1133 1299 nullas
1155 1288 1162 1295 .

273 1316 450 1357 >Trullanae
470 1314 548 1349 item
570 1314 706 1357 Synodo
719 1314 891 1349 Romanus
906 1315 1084 1358 Episcopus
1096 1327 1162 1348 non

275 1365 439 1411 praesedit.
467 1364 561 1399 Hinc
586 1364 821 1406 Subscriptores
844 1364 996 1407 Episcopi
1025 1365 1163 1408 primum

275 1416 391 1450 iocum
414 1415 613 1459 reliquerunt
635 1424 782 1457 apertum
793 1424 867 1448 cum
882 1415 942 1448 hac
957 1413 1162 1459 Epigraphe:

277 1469 373 1500 Locus
392 1465 563 1505 saniliffimi
584 1467 678 1506 Papae
708 1467 858 1498 Romani.
884 1464 1060 1507 Sperabant
1072 1466 1142 1499 fore
1154 1490 1164 1506 ‚

277 1515 315 1549 &
335 1513 489 1549 omnibus
503 1514 612 1557 postea
631 1512 750 1547 viribus
760 1523 918 1558 egerunt,
943 1524 979 1548 ut
992 1515 1164 1549 ratificaret

277 1564 455 1599 Romanus
479 1564 656 1608 Episcopus
668 1588 678 1603 ,
700 1564 734 1598 δε
747 1563 958 1598 Praefidentiae
982 1562 1142 1596 defectum
1154 1587 1165 1601 ‚

274 1614 330 1647 uti
356 1616 390 1647 in
412 1615 556 1649 secundo
579 1613 744 1656 &quinto
758 1613 915 1646 Concilio
929 1614 1070 1652 fecerat,
1096 1613 1164 1653 sup-

274 1661 400 1705 pleret.
428 1662 529 1708 Qiod
551 1663 629 1705 quia
648 1663 747 1703 usque
775 1659 840 1694 huc
865 1660 975 1694 nullus
988 1661 1091 1695 facere
1110 1672 1166 1694 vo-

276 1711 343 1746 luit
365 1710 545 1752 Pontifex,
572 1709 631 1744 ista
654 1708 806 1753 Synodus
827 1710 951 1753 semper
961 1711 1109 1744 titulatur
1120 1722 1165 1743 er-

275 1760 403 1797 catica.
431 1761 542 1795 Etiam
565 1759 837 1795 Iconoclasticum
863 1759 1074 1794 Constantini
1104 1760 1163 1794 Ca—

275 1809 400 1845 ballini
422 1820 622 1845 conventum
643 1821 684 1844 ex
705 1808 821 1844 eodem
839 1810 961 1853 ‚capite
985 1810 1077 1844 fuiffe
1098 1810 1165 1843 nul—

279 1859 348 1894 lius
368 1860 539 1903 ponderis,
565 1858 655 1904 supra.
677 1859 895 1896 audivimusa
908 1861 1023 1894 Sanno
1034 1858 1165 1904 Stepha-

280 1920 330 1944 no
351 1909 499 1952 Martyre
517 1935 524 1942 .
553 1910 597 1944 Et
618 1910 813 1945 confirmant
836 1911 967 1953 Martyr
987 1908 1165 1953 Theopha-

280 1970 363 2000 nes,
387 1958 575 1994 Anastasius
598 1958 873 1995 Bibliothecarius
894 1982 905 1998 ,
945 1970 982 1993 ac
1005 1959 1166 2004 Georgius

278 2008 466 2043 cedrenus.
490 2009 534 2043 Et
553 2010 595 2044 de
628 2011 824 2052 Imperatore
843 2010 1000 2044 Manueie
1024 2010 1166 2043 Comne-

280 2069 349 2100 no,
375 2059 455 2093 dum
479 2058 520 2094 de
542 2058 733 2103 quibusdam
757 2057 968 2104 dogmatibus
990 2058 1163 2103 disputaret

280 2120 360 2144 cum
371 2107 564 2143 Theodosio
575 2107 758 2143 Patriarcha
770 2108 1141 2149 Constantinopolitano
1156 2130 1166 2145 ‚

281 2159 395 2193 scribit
417 2159 552 2191 Nicetas
574 2158 756 2190 Choniates
779 2170 790 2189 .-
818 2157 945 2189 Manuel
961 2155 1108 2197 Theodofio
1133 2157 1167 2188 (ν’

282 2206 477 2246 Pontificibus
511 2206 544 2238 ob
562 2205 774 2248 praeposteram
804 2202 1046 2246 adversationem
1067 2207 1166 2246 majus

285 2257 448 2291 Concilium
468 2255 639 2288 minabatur
662 2280 673 2295 ,
700 2257 736 2290 (5
758 2253 958 2294 controverfiae
984 2253 1165 2298 disceptatu·

283 2317 353 2340 nem
372 2304 433 2347 ipfh
454 2311 565 2339 veteris
578 2309 679 2338 Romae
691 2307 779 2347 Papa
789 2305 926 2339 adhibito
937 2329 948 2344 ‚
967 2306 1168 2346 jurejurando

281 2354 490 2397 tfflificabatur
501 2380 508 2386 .
542 2355 582 2388 Et
604 2355 771 2389 adfomnes
781 2365 832 2397 pei
846 2356 1018 2389 Orientem
1034 2355 1168 2389 Patriar·

282 2404 364 2440 chas
383 2415 480 2448 atque
510 2404 688 2446 Episcopos
712 2404 830 2447 scripsit
854 2405 894 2439 de
916 2403 1021 2438 saneti
1048 2405 1165 2449 Ignatii

279 2453 646 2497 Constantinopolitani
670 2452 862 2488 Patriarchae
888 2456 984 2488 causa
1006 2454 1167 2489 Nicolaus

282 2505 430 2547 primus:
453 2508 511 2537 Vos
522 2512 556 2536 ut
566 2510 723 2546 antiquum
732 2516 840 2537 morem
848 2503 999 2547 servetis,
1024 2515 1114 2547 neque
1119 2507 1167 2546 ju·

281 2555 414 2593 dicetis,
440 2565 531 2597 neque
552 2553 722 2595 approbetis
746 2555 909 2596 quidquam
913 2554 978 2596 fine
1000 2554 1095 2593 nostra
1117 2567 1169 2588 au-

282 2602 436 2635 ffloritate:
469 2609 543 2639 Haec
551 2613 652 2635 autem
663 2614 692 2635 eo
696 2602 805 2645 scripfi
811 2604 915 2644 vobis,
942 2605 1023 2646 quad
1043 2616 1100 2638 non
1123 2611 1168 2638 ita

280 2653 402 2695 pridem
412 2658 530 2686 venerit
542 2653 587 2685 ad
593 2663 642 2685 nos
658 2653 820 2687 Palatinus
833 2653 1015 2696 spatharius
1025 2665 1089 2687 cum
1113 2658 1169 2687 Im·

281 2707 432 2745 peratoris
453 2702 570 2744 epistola
581 2727 591 2742 ,
618 2708 669 2746 qui
677 2703 863 2746 gloriabatur
877 2704 916 2736 ab
933 2709 1112 2745 Imperatore
1124 2707 1170 2743 sy·

286 2751 398 2786 nodum
407 2753 549 2785 adornari
563 2777 574 2792 ,
599 2753 720 2795 eoquod
734 2765 785 2785 nos
795 2755 866 2794 jam
873 2753 1073 2798 perscriptam
1093 2757 1171 2795 inju—

285 2806 368 2835 riam
379 2825 389 2841 ‚
414 2802 656 2844 Ignattofaelam
667 2827 677 2843 ‚
704 2804 877 2836 noluerimus
888 2804 1070 2846 approbare.
1098 2804 1166 2838 Ad-

1921 151 2015 194 243

1259 216 1392 261 Joannis
1412 214 1561 250 Saraceni
1582 210 1769 250 Articulum
1789 239 1801 257 ‚
1837 217 2086 260 ,Quandocumque

1210 272 1241 298 in
1252 268 1349 309 aliquo
1360 266 1488 299 Concilio
1498 267 1600 308 aliqua
1610 265 1799 306 instituuntur
1809 291 1819 306 ,
1844 274 1907 300 tota
1928 265 2088 299 aue‘loritas

1210 318 1287 349 dans
1311 322 1440 359 vIgorem
1463 318 1591 349 Statum
1613 321 1646 349 in
1664 314 1723 358 solo
1744 314 1844 357 residet
1866 320 1998 349 Romano
2013 318 2090 348 Pon-

1211 366 1306 407 tifice,
1335 366 1428 399 fuiffe
1450 364 1467 396 ὲ
1491 367 1573 399 sacra
1586 366 1749 400 Parisieiifi
1763 366 1932 401 Facultate
1945 363 2091 410 legitime

1212 416 1487 458 circumscriptum
1500 439 1510 455 ‚
1527 414 1705 449 libenter&
1716 416 1901 450 constanter
1917 417 2069 458 profiteor
2082 438 2089 446 .

1212 466 1306 500 Licet
1328 466 1418 499 enirn
1441 464 1617 507 synodalia
1637 465 1773 499 Decreta
1797 466 1831 500 in
1853 467 1957 501 solum
1973 467 2094 499 Roma·

1214 516 1413 559 niEpiscopi
1441 525 1560 547 nomen
1584 515 1768 557 conceperit
1790 526 1886 559 atque
1910 514 2094 560 vulgaverit

1213 566 1310 599 etiarn
1334 562 1529 608 quandoque
1552 563 1747 607 antiquitas,
1774 562 1813 597 de
1836 565 1974 599 decifivo
1986 574 2096 599 tamen

1216 612 1449 658 Episcopdfuni
1470 614 1621 658 suffragio
1645 625 1712 648 non
1737 613 1914 648 dubitavit.
1944 614 1987 648 Et
2010 611 2096 648 certe

1217 664 1406 708 Apostolica
1418 663 1571 706 synodus
1590 675 1656 697 non
1673 662 1756 698 dixit
1769 689 1780 704 ,
1806 663 1905 707 Visum
1917 663 1953 703 est
1966 667 2097 705 spiritui

1212 713 1316 758 fando
1327 725 1361 747 ac
1373 716 1480 752 Petro,
1507 713 1560 746 sed
1572 715 1809 755 spirituisaneio
1831 725 1865 747 ac
1887 714 1985 748 nobis:
2019 713 2098 748 Uti·

1217 777 1280 808 que
1302 763 1458 799 omnibus
1479 762 1648 806 Apostolis
1662 789 1669 796 .
1699 763 1753 796 Est
1766 775 1827 797 una
1839 776 1879 797 ex
1892 764 1993 799 motis
2014 764 2099 797 inter

1220 815 1405 859 Eugenium
1441 824 1591 857 quartum
1619 813 1652 846 &
1691 812 1902 847 Basileensem
1927 813 2101 855 Synodum

1218 863 1470 905 quaestionibus,
1496 863 1574 897 alibi
1596 862 1789 897 elucidanda
1814 887 1821 894 .
1861 862 1996 896 Interim
2020 863 2102 895 sum-

1219 925 1271 947 ma
1294 914 1338 948 est
1363 913 1535 948 Pontificis
1560 914 1592 946 in
1616 912 1761 958 generali
1784 913 1883 947 etiam
1897 912 2033 954 Synodo
2049 923 2103 944 au-

1220 963 1363 997 amitas.
1389 964 1511 999 Revera
1536 962 1725 1001 illichabet
1747 962 1887 1008 suffragii
1915 961 2105 1005 Praerogati-

1224 1023 1310 1046 vam.
1338 1013 1389 1045 De
1415 1014 1597 1056 Apostolici
1612 1024 1665 1057 per
1677 1013 1846 1056 Illyricum
1861 1011 1989 1046 Vicarii
2003 1012 2035 1045 in
2052 1022 2106 1055 ge·

1224 1062 1383 1098 neralibus
1407 1063 1496 1096 istius
1521 1064 1697 1097 Dioecefios
1725 1064 1868 1106 Synodis
1910 1062 2104 1096 auctoritate

1225 1112 1344 1155 scripsit
1369 1111 1408 1148 ad
1444 1113 1648 1146 Anastasium
1673 1112 2004 1148 Thessalonicensem
2026 1111 2104 1154 Epi-

1224 1164 1357 1204 scopum
1369 1173 1506 1205 magnus
1519 1163 1590 1195 Leo
1603 1176 1613 1195 :
1625 1165 1670 1194 ‘51
1684 1169 1715 1195 in
1726 1176 1758 1195 eo
1767 1186 1777 1202 ,
1803 1165 1881 1206 quod
1889 1160 2108 1204 cumfratribus

1225 1212 1418 1244 mallandum
1443 1212 1683 1254 definiendumve
1704 1215 1885 1251 credideris,
1920 1211 2042 1254 diversa
2068 1222 2113 1244 eo·

1224 1274 1291 1296 rum
1296 1261 1395 1303 fuerit
1407 1263 1427 1294 ἃ
1440 1271 1491 1294 tua
1503 1264 1657 1296 voluntate
1676 1261 1829 1304 sententia
1842 1288 1851 1302 ,
1878 1263 1923 1294 ad
1941 1273 1993 1294 nos
2014 1266 2111 1293 omm'a

1221 1311 1279 1355 sub
1292 1310 1436 1351 Gestorum
1447 1313 1641 1354 testificatione
1658 1311 1829 1352 referantur
1838 1337 1848 1353 ,
1875 1320 1907 1344 ut
1917 1318 2035 1346 remotis
2050 1322 2112 1343 am·
2129 1292 2229 1363 hp&
2240 1297 2285 1328 84.

1225 1361 1416 1406 biguitatibus
1443 1386 1453 1401 ‚
1489 1364 1570 1404 quad
1591 1366 1651 1395 Deo
1664 1362 1786 1402 placeat
1808 1363 2003 1395 decernatur.
2035 1361 2113 1404 Ejus
2132 1360 2141 1364 “

1225 1413 1361 1445 unicum
1388 1411 1576 1455 suffragium
1599 1412 1736 1445 affirmat
1770 1414 1871 1446 totius
1896 1411 2024 1454 Synodi
2051 1411 2114 1444 sus-

1229 1463 1334 1505 fragio
1359 1462 1566 1503 aequivalere.
1609 1462 1718 1508 Qam
1740 1462 1928 1504 potestatem
1953 1462 2059 1502 etiami
2079 1461 2114 1494 in

1228 1511 1368 1555 generali
1392 1511 1493 1544 totius
1522 1510 1671 1543 Ecclefiae
1698 1512 1836 1551 Synodo
1864 1511 2044 1553 habuerunt
2071 1509 2116 1543 Α-

1229 1557 1379 1601 postolici
1392 1558 1525 1601 Legati.
1555 1558 1602 1590 At
1615 1557 1692 1592 vero
1705 1558 1798 1601 ipiius
1811 1560 1957 1593 Romani
1971 1560 2117 1604 ,Episco-

1229 1610 1260 1650 pi
1273 1609 1306 1641 in
1319 1609 1466 1651 quamvis
1479 1607 1649 1650 Synodum
1684 1609 1820 1651 potestas
1843 1610 1903 1642 suit
1932 1609 2031 1654 longe
2051 1621 2119 1644 am-

1229 1658 1328 1701 plior.
1369 1657 1535 1691 Praesentis
1564 1658 1750 1702 suffragium
1779 1660 1878 1693 totius
1904 1660 2032 1703 Synodi
2057 1661 2118 1693 suf-

1229 1708 1332 1752 fragio
1349 1708 1510 1749 praevaluit
1525 1732 1534 1747 ‚
1560 1709 1600 1742 ad
1615 1709 1777 1742 absentem
1793 1708 1866 1742 vero
1875 1721 1975 1743 omne
1988 1708 2116 1752 Synodi

1229 1768 1303 1793 cum
1325 1756 1463 1791 Vicario
1488 1768 1543 1791 aut
1561 1758 1688 1802 Legato
1711 1769 1875 1793 certamen
1898 1759 2012 1793 debuit
2025 1759 2118 1794 refer-

1230 1809 1256 1842 ri
1281 1832 1292 1848 ,
1329 1809 1438 1841 omnis
1459 1810 1551 1842 causa
1573 1808 1717 1852 suspendi
1743 1808 1783 1843 ad
1809 1810 1876 1852 ejus
1904 1820 2022 1843 nutum
2038 1836 2047 1850 ,
2085 1810 2117 1843 &

1229 1858 1325 1901 ipsius
1349 1856 1552 1901 Rescriptum
1587 1870 1624 1893 ac
1658 1859 1835 1893 decifivum
1872 1860 2119 1903 Beneplacitum

1230 1909 1404 1950 exspectari
1426 1932 1432 1939 .
1474 1907 1600 1943 Lucide
1625 1908 1691 1943 haec
1718 1919 1889 1953 patuerunt
1918 1911 1951 1943 in
1980 1910 2119 1954 Synodo

1230 1956 1512 1996 Chalcedonenfi,
1548 1959 1631 1992 acin
1645 1960 1763 2002 quinto
1774 1960 1951 1994 Concilio.
1982 1962 2118 1994 Etenim

1230 2006 1397 2042 adversum
1426 2007 1578 2051 probatos
1599 2010 1631 2043 ὃ(
1650 2009 1842 2052 subscriptos
1864 2010 1905 2045 ab
1916 2012 2007 2044 omni
2022 2010 2121 2045 Chal-

1230 2058 1404 2091 cedonenfi
1430 2059 1569 2099 synodo
1596 2060 1749 2094 Canones
1772 2059 1954 2095 Lucentius
1977 2063 2119 2105 Legatus

1232 2106 1316 2147 apud
1341 2106 1585 2148 gloriofiffimos
1606 2110 1735 2149 Judices
1758 2111 1931 2145 interceffit
1946 2124 1957 2143 .·
1983 2114 2071 2145 5edes
2085 2114 2122 2142 A·

1226 2154 1361 2196 postolica
1391 2154 1475 2185 nobis
1495 2155 1694 2196 praesentebus
1708 2157 1861 2190 humiliari
1873 2171 1930 2191 non
1942 2160 2043 2193 debet.
2074 2164 2120 2193 Et

1233 2205 1298 2237 ideo
1309 2214 1495 2246 quaecumque
1505 2210 1536 2235 in
1543 2208 1743 2245 prejudicium
1756 2211 1911 2239 Canonum
1921 2208 2055 2248 hesterna
2071 2212 2121 2242 die

1224 2253 1305 2298 gesta
1327 2252 1399 2296 sunt
1427 2254 1511 2286 nobis
1524 2253 1717 2296 absentibus,
1744 2256 1963 2291 Sublimitatem
1989 2259 2120 2300 vestram

1226 2308 1358 2346 petimus
1372 2326 1382 2341 ‚
1406 2312 1440 2335 ut
1462 2306 1640 2337 circumduci
1654 2304 1788 2345 jubeatis
1803 2330 1810 2337 .
1837 2309 1889 2340 sin
1912 2310 1989 2341 alitis
2009 2333 2020 2349 ‚
2058 2320 2121 2343 con-

1231 2352 1370 2386 tradic‘lio
1392 2352 1486 2393 nostra
1509 2353 1558 2386 bIs
1581 2354 1673 2394 Gestis
1700 2355 1869 2396 inhaereat‚
1897 2366 1929 2390 ut
1950 2365 2120 2393 noverimus

1234 2406 1309 2447 quid
1332 2402 1481 2445 apostolico
1505 2410 1571 2438 vtro
1593 2404 1773 2448 universalis
1801 2407 1934 2448 Ecclefiae
1958 2412 2051 2451 Papae
2077 2422 2122 2443 re-

1231 2454 1314 2496 ferre
1333 2454 1491 2487 debeamus
1504 2478 1514 2494 ‚
1541 2463 1575 2487 ut
1596 2464 1651 2489 aut
1669 2455 1729 2498 ipse
1750 2458 1787 2490 de
1807 2455 1874 2500 suae
1885 2460 1970 2492 Sedis
1983 2462 2097 2500 injuria
2110 2484 2120 2501 ,

1214 2494 1218 2559 ξ
1237 2513 1290 2537 aut
1316 2505 1354 2536 de
1380 2508 1532 2536 canonum
1554 2505 1697 2548 eversione
1716 2509 1796 2548 pfft
1812 2507 1898 2549 ferre
1919 2507 2117 2551 sententiam.

1214 2562 1217 2633 Ι
1234 2555 1314 2598 Agit
1345 2554 1512 2597 praesertim
1541 2554 1689 2591 adversus
1701 2559 1888 2602 vigefimum
1901 2561 2045 2593 odiavum
2059 2562 2120 2596 Ca-

1214 2634 1216 2646 ,
1234 2615 1357 2638 nonem
1378 2616 1385 2635 :
1415 2604 1615 2639 protestatur
1638 2606 1678 2642 ab
1698 2607 1768 2651 ipso
1783 2620 1849 2642 non
1866 2608 2035 2643 dumtaxat
2049 2610 2120 2645 vio-

1233 2654 1332 2687 latum
1358 2654 1486 2687 sextum
1509 2653 1675 2698 Nicenum
1690 2681 1700 2696 ,
1729 2658 1779 2692 sed
1804 2659 1902 2692 etiam
1920 2659 2118 2702 Apostolicae

1233 2704 1306 2738 Sedi
1325 2702 1447 2737 illatam
1469 2704 1617 2746 injuriam
1639 2732 1646 2739 .
1685 2707 1786 2754 Qod
1810 2707 1926 2752 nempe
1947 2709 2010 2742 fine
2037 2711 2117 2744 faeta

1213 2739 1288 2813 'per
1311 2753 1522 2797 Apostolicos
1546 2755 1690 2800 Legatos
1714 2756 1870 2792 relatione
1884 2758 2006 2793 Anum
2020 2758 2115 2794 istum

1213 2804 1382 2857 gsynodus
1420 2806 1619 2839 attentasset.
1663 2807 1831 2841 Unanimi
1860 2809 1961 2843 totius
1988 2809 2117 2852 Synodi

286 2850 575 2894 firmatantiquam
586 2851 912 2898 Synodorumlegem
936 2855 1020 2894 effe,
1046 2864 1081 2888 ut
1105 2855 1168 2888 fine
1214 2853 1383 2899 'suffragio
1409 2853 1528 2896 objecit
1554 2856 1644 2889 suum
1670 2858 1824 2895 unicum,
1851 2867 1947 2902 atque
1971 2858 2015 2892 ita
2030 2858 2118 2893 illius

286 2900 448 2935 Romano
472 2900 631 2944 Episcopo
654 2903 742 2936 nulla
764 2904 819 2937 fiat
841 2928 852 2943 ‚
890 2915 949 2938 nec
971 2904 1037 2938 fine
1059 2904 1145 2937 illius
1158 2928 1168 2944 ,

286 2961 359 2991 quae
380 2952 493 2984 cun-sta
505 2949 666 2986 tractanda
687 2954 800 2988 referat
813 2954 844 2987 ὅς
855 2953 994 2999 suffragii
1007 2953 1167 2998 praeroga>

285 3000 392 3034 «ivam
403 3000 442 3033 de
453 3001 523 3043 ipsis
535 3001 622 3035 dicat
635 3025 647 3041 ,
665 3003 853 3038 austeritate
870 3005 923 3038 seu
949 3004 1143 3047 praefidentia
1157 3027 1166 3042 ‚

285 3049 398 3083 nullus
421 3050 596 3094 Episcopus
608 3073 619 3089 ‚
643 3051 855 3096 Metropolita
869 3078 880 3093 ‚
906 3064 961 3087 aut
983 3055 1081 3088 etiam
1112 3054 1169 3086 Pa-

285 3097 427 3134 triarcha
441 3100 619 3142 quidquam
630 3100 770 3142 judicare
779 3127 787 3142 ,
800 3103 977 3147 approbare
986 3128 997 3144 ,
1008 3103 1058 3137 vel
1069 3105 1166 3138 etiam

287 3161 333 3194 qu
339 3149 379 3184 asi
393 3149 593 3192 synodaliter
603 3151 736 3184 traetare
747 3162 883 3188 attentet
895 3180 901 3187 .
932 3154 1166 3197 Exstatepisto-

286 3200 327 3235 1ae
337 3200 573 3243 compendium
585 3200 616 3232 in
631 3198 723 3234 Actis
737 3202 861 3243 Synodi
872 3206 989 3238 ostavae
1000 3228 1007 3236 .
1034 3204 1077 3237 Et
1091 3202 1167 3236 hinc

288 3251 401 3285 omnia
415 3249 493 3293 post*
503 3248 531 3283 A
537 3248 770 3293 postolicorum
785 3253 983 3298 Legatorum
994 3255 1168 3288 revocatio-

286 3312 364 3335 nem
402 3299 591 3336 Basileensia
618 3299 715 3334 Gesta
740 3303 822 3336 reste
846 3305 976 3338 cassavit
1002 3304 1169 3347 Eugenius

286 3358 418 3394 quartus
427 3374 437 3389 ,
449 3353 610 3387 affirmans
620 3349 709 3395 gesta
722 3361 788 3384 non
801 3352 818 3384 a
829 3352 978 3397 legitimo
992 3352 1146 3388 Concilio
1159 3376 1170 3393 ,

287 3400 342 3437 sed
353 3400 394 3436 ab
404 3400 566 3445 acephalis
578 3399 724 3436 locustis.
737 3399 843 3438 Perde
852 3412 976 3448 tempus
987 3403 1021 3438 in
1031 3415 1065 3439 re
1073 3403 1165 3439 clara.

385 3450 488 3492 christ.
493 3455 573 3495 Lupi
583 3453 788 3495 oper.Tom.V.

1233 2904 1352 2938 Astum
1374 2905 1459 2948 apud
1481 2905 1726 2950 gloriofiffimos
1748 2907 1876 2950 Judices
1904 2908 2118 2951 proclamavit

1233 2955 1381 2994 nullum,
1408 2955 1439 2987 ὅ(
1460 2956 1787 2991 drcumducendum.
1819 2957 1861 2989 Et
1882 2958 1986 2999 ipsum
2013 2958 2070 2991 sibi
2097 2958 2117 2991 ὲ

1230 3002 1366 3048 Synodo
1389 3004 1525 3040 relatum
1551 3007 1684 3039 Sanetus
1718 3008 1790 3041 Leo
1814 3008 1955 3040 omnino
1981 3007 2120 3041 circum-

1229 3055 1343 3088 duxit.
1371 3052 1560 3096 Apostolica
1585 3055 1693 3097 itaque
1718 3055 1855 3100 Legatio
1877 3057 1911 3090 in
1933 3058 2035 3091 totius
2057 3058 2117 3091 Ec-

1230 3104 1326 3137 clesiae
1347 3103 1524 3138 Conventu
1548 3102 1687 3138 habebat
1699 3116 1772 3139 eam
1787 3106 1886 3148 ipsam
1901 3107 2090 3150 potestatem
2103 3129 2115 3146 ‚

1230 3164 1326 3195 quam
1349 3152 1381 3185 in
1407 3153 1548 3196 generali
1572 3155 1632 3188 suae
1657 3155 1835 3190 Dioecefios
1858 3157 1994 3199 Synodo
2019 3155 2114 3190 habe-

1232 3202 1285 3236 bat
1310 3201 1520 3245 Apostolicus
1534 3203 1706 3239 Vicarius:
1737 3205 1887 3249 Utraque
1897 3204 2048 3247 synodus
2060 3205 2113 3239 de·

1234 3251 1331 3286 bebat
1354 3252 1468 3287 referre
1487 3254 1600 3288 omnia
1614 3254 1652 3288 ad
1666 3254 1784 3299 Papam
1797 3281 1807 3295 ‚
1833 3256 1866 3288 δε
1879 3255 1946 3298 ejus
1956 3254 2112 3289 decisioni

1230 3302 1446 3346 acquiescere.
1474 3303 1510 3336 In
1525 3303 1642 3347 quinto
1656 3305 1812 3339 Concilio
1828 3305 1957 3349 praesens
1978 3304 2038 3338 fuit
2053 3304 2115 3338 Vi-

1233 3352 1334 3397 gilius
1346 3351 1501 3387 Pontifex
1516 3378 1527 3394 ‚
1555 3356 1744 3397 provocavit
1765 3355 1806 3388 ad
1828 3354 2055 3398 Apostolicum
2066 3364 2111 3386 re-

1236 3402 1368 3438 lationis
1377 3401 1427 3446 jus
1439 3427 1450 3444 ,
1461 3404 1495 3438 &
1508 3403 1548 3438 ad
1560 3404 1690 3448 Papalis
1700 3404 1840 3450 suffragii
1851 3402 2085 3448 Praerogaviam
2095 3425 2109 3445 ,

1685 3453 1719 3486 X
1768 3466 1792 3492 2
1990 3462 2060 3496 pro-

2139 2437 2205 2470 Ast.
2230 2444 2274 2468 ιζ,
