2366 3756
24 405 60 439 Α.
81 406 146 435 8010

21 868 64 902 Α·
82 870 146 905 809.

26 1820 58 1852 1·-
69 1828 114 1852 1¹,
125 1826 181 1848 0¹·

25 1939 57 1970 L
70 1942 147 1968 unc·
159 1944 184 1965 1·

49 3263 180 3296 aasz.

595 159 1061 204 CONC1L1u

191 255 239 282 ret
261 245 400 284 devotio,
425 243 461 277 Θ
480 241 625 285 securitas
646 241 722 284 fidei
745 248 900 283 augeretur·
926 263 933 270 .
959 237 1080 281 ,Quibus

194 295 326 339 pernas:
350 297 437 335 coepit
457 291 564 334 ftstum
589 294 749 326 Trinitatis
772 292 793 322 ἃ
829 288 935 321 multis
970 288 1079 320 claritis

193 344 339 388 mpleae‘li·
355 354 391 376 ac
413 348 539 387 peragi,
563 342 696 376 maxime*
719 341 740 371 ἃ
766 342 929 372 Germanis
955 339 990 372 (θ’
1005 339 1079 371 Gai-

194 396 257 435 Iis,
282 404 405 437 quorum
426 395 600 436 Principum
623 390 797 426 auc‘lonitate
815 388 925 429 fuerat
961 389 1079 423 ordina-

193 454 277 482 tum.
300 444 452 478 Errorem
476 441 518 478 de
537 443 651 477 San-sta
677 438 846 474 Trinitate
865 463 877 479 ‚
917 437 974 481 qui
1001 447 1081 473 tunc

193 494 325 541 grassari
351 504 488 530 conatus
506 493 552 526 est
583 516 595 533 ‚
620 489 719 527 edicit
741 488 777 522 in
803 487 975 523 Chronico
1000 486 1080 522 Ado

196 543 470 589 Archiepiscopus
495 540 704 578 Viennenfis;
730 539 859 577 synodus
879 549 990 582 magna
1004 540 1081 572 Gra-

198 599 231 629 m'
252 599 347 636 Aquis
368 600 584 637 congregatur,
607 595 640 626 in
663 600 722 633 qua
741 589 780 623 de
797 589 963 630 proceffione
987 590 1082 630 spiri-

195 653 248 682 tus
262 643 363 688 sandi
378 642 497 687 questio
521 647 658 686 agitatur
672 664 683 681 ‚
709 640 808 673 utram
823 637 897 680 ficut
917 640 1082 681 procedit&

200 697 295 729 Patre
303 718 315 734 ,
333 699 379 726 ita
386 692 531 735 procedat
543 693 562 726 ἃ
573 693 668 732 Filio.
694 693 782 726 Hanc
793 688 977 739 qiiaeflionem
983 690 1011 732 J
1016 699 1082 724 otm-

196 754 250 778 nes
269 742 429 777 Monachus
455 740 725 785 merosdmmanus
749 749 887 775 moverat
901 764 912 781 ,
937 740 1003 774 ciam
1025 741 1083 776 Re-

193 794 269 838 guia
289 794 323 828 Θ
336 794 416 837 fides
435 791 633 833 Ecclefiastica
650 789 752 833 firmet
773 792 918 832 spiritum
941 786 1082 834 satillum

194 845 219 878 ἃ
239 846 335 878 Patre
356 845 392 878 ἐν
408 843 489 877 Filio
506 843 679 883 procedere.
708 839 771 874 Per
796 839 962 885 Regulam
983 838 1080 875 intel-

195 893 275 939 ligit
293 891 494 939 Symbolum
511 892 621 927 Sancti
645 888 839 928 Athanasii.
865 889 953 927 lllud
974 889 1083 933 ipsum

195 943 310 979 scribit
328 941 463 987 Regino
485 939 601 976 Abbas
622 939 836 979 prumienfis,
861 949 965 983 atque
974 937 1084 981 adjun—

197 992 250 1039 git
271 1005 279 1024 :
307 992 478 1036 ,Questionis
496 990 677 1033 definiendae
697 989 784 1034 causa
804 992 971 1025 Bernarius
991 990 1084 1022 War-

196 1042 346 1085 matienfis
372 1039 536 1085 Episcopus
549 1065 562 1083 ‚
587 1042 622 1078 <r
643 1041 814 1075 adelardus
830 1039 932 1073 Abbas
945 1038 1083 1079 Monafle-

195 1099 236 1129 rii
256 1093 388 1128 Corbeiae
400 1114 412 1132 ‚
435 1095 561 1129 Romam
580 1092 626 1125 ad
643 1094 769 1129 ,Leonem
781 1093 902 1133 Papam
911 1087 1061 1132 miffisunt
1077 1114 1082 1120 .

196 1143 262 1177 Per
281 1142 451 1177 Aaronem
474 1142 707 1177 Saracenorum
722 1141 849 1187 Regem
861 1139 987 1175 afflistae
1005 1149 1084 1179 tunc

198 1192 514 1236 Hierosolymitanae
535 1191 686 1227 Ecclefiae
708 1193 891 1234 frequentes
909 1189 1086 1232 eleemosy-

196 1253 256 1278 nas
274 1242 311 1281 ,δε
333 1241 470 1286 grandia
491 1242 606 1276 solatia
627 1252 708 1276 tunc
730 1241 818 1275 misit
841 1239 1003 1279 Carolus,
1040 1248 1085 1272 at-

197 1303 262 1337 que
284 1293 331 1326 ita
351 1291 442 1325 istius
462 1291 587 1326 Clerici
611 1291 646 1324 &
666 1289 827 1325 Monachi
840 1300 930 1324 erant
940 1291 1087 1333 frequen-

197 1351 247 1376 tes
267 1342 301 1375 lu
314 1341 444 1376 Gallia.
471 1340 620 1385 ipsorum
633 1351 717 1376 unus
728 1351 788 1385 pro
798 1342 977 1386 gratiarum
989 1339 1086 1374 astio-

198 1402 241 1425 ne
260 1390 429 1434 peffimum
450 1401 469 1425 e
500 1400 591 1425 orem
616 1390 687 1425 istic
698 1390 892 1425 seminavit.
919 1388 1091 1424 Grassaba:

197 1452 252 1476 tur
269 1441 305 1474 ὅ(
325 1441 471 1479 Felician
513 1440 636 1480 haeresis
658 1465 670 1482 ,
695 1440 731 1475 id
754 1441 801 1474 est
828 1464 841 1488 ,
870 1452 926 1483 per
945 1439 1087 1481 Felicem

199 1491 441 1536 Urgelitanum
464 1490 664 1534 Episcopum
675 1490 858 1526 resuscitata
870 1489 907 1523 N
908 1489 1068 1526 estoriana
1079 1513 1086 1520 .

198 1541 293 1573 Hinc
313 1539 356 1574 ad
376 1538 595 1574 muniendum
617 1540 651 1573 ὅ(
673 1537 922 1573 custodiendum
950 1538 991 1571 ab
1005 1546 1088 1570 utra-

198 1599 262 1634 que
282 1588 370 1632 peste
403 1587 563 1633 populum
583 1589 709 1624 cantari
746 1585 1087 1629 Constantinopolita-

196 1649 281 1672 num
300 1637 496 1680 Symbolum
521 1637 563 1672 ad
598 1639 770 1677 Miffamm
807 1636 964 1670 solemnia
1001 1633 1087 1677 jussit

197 1687 360 1729 Carolus,
393 1686 429 1721 &
453 1686 496 1724 ab
515 1685 672 1721 omnibus
693 1686 761 1720 coli
784 1685 901 1721 festum
929 1683 1088 1719 Sanffiffi-

197 1747 259 1772 mae
293 1729 471 1772 Trinitatis
493 1763 500 1770 .
537 1737 631 1771 Hinc
652 1735 801 1772 siffridus
836 1735 947 1770 scribit
983 1735 1088 1778 ipsum

197 1787 375 1832 presertim
398 1787 534 1832 viguisse
559 1786 646 1830 apud
670 1787 855 1821 Germanos
888 1785 922 1819 δε
949 1784 1088 1825 Gallos,

198 1837 266 1872 hoc
285 1836 331 1871 est
343 1861 355 1878 ‚
381 1837 417 1871 in
438 1835 642 1875 Monarchia
662 1837 883 1872 Francorum.
910 1836 963 1869 Ex
973 1835 1088 1869 eadem

199 1887 309 1923 radice
329 1887 436 1931 ipsum
455 1886 505 1921 uti
523 1886 868 1922 convenientiffimum
891 1885 1041 1930 praedicat
1052 1883 1087 1917 in

200 1949 301 1982 opere
320 1937 362 1973 de
383 1937 518 1972 Divinis
536 1937 665 1975 Officiis
688 1937 854 1980 Rupertus
868 1935 980 1971 Abbas
1005 1933 1089 1969 Tui-

200 1988 328 2024 tieulis:
355 1985 522 2021 Videlicet
543 1985 648 2022 homo
672 1987 790 2022 Gallus
814 2011 826 2028 ,
860 1986 1016 2021 educatus
1053 1985 1087 2017 in

200 2035 376 2074 Leodienfi
397 2036 540 2072 Ecclesia
560 2059 572 2077 ,
611 2036 668 2071 ubi
688 2035 936 2082 fingulariffime
957 2033 1022 2068 hoc
1046 2035 1087 2068 fe·

200 2088 288 2124 stum
305 2087 464 2133 viguisse,
499 2087 608 2121 statim
629 2085 814 2121 audivimus
834 2086 852 2120 a
873 2085 1086 2129 Micrologo.

200 2136 310 2174 Addit
330 2147 441 2174 tamen
461 2136 568 2181 ipsum
581 2148 649 2171 non
666 2138 701 2170 in
716 2137 839 2178 prima,
863 2136 919 2169 sed
934 2133 1087 2168 celebrari

202 2189 239 2222 in
262 2187 401 2222 secunda
411 2185 593 2220 Dominica
603 2185 672 2228 post
684 2183 904 2217 Pentecosten
916 2207 923 2214 .
952 2181 997 2214 Et
1007 2179 1086 2214 hinc

202 2237 291 2270 lucet
307 2234 400 2279 qudd
424 2234 525 2268 libros
547 2233 625 2267 istos
649 2244 718 2266 non
739 2231 858 2269 Leodii
891 2231 926 2264 in
966 2229 1085 2265 Sank'to

203 2283 404 2322 Laurentio,
429 2281 482 2318 sed
497 2283 610 2317 Tuitii
621 2281 707 2326 apud
718 2282 899 2316 Coloniam
910 2280 1068 2323 scripserit
1078 2305 1088 2320 ‚

204 2343 263 2370 aut
281 2332 368 2368 certe
387 2332 619 2376 compleverit.
646 2332 777 2365 Etenim
796 2331 830 2364 in
855 2330 943 2364 libro
966 2330 1008 2364 de
1032 2327 1089 2364 ob·

206 2383 364 2418 servantia
383 2381 562 2430 §sanonum
581 2380 690 2415 scribit
716 2377 912 2424 Radulphus
933 2380 1089 2413 Decanus

206 2432 429 2478 Tongrensis:
457 2434 549 2475 super
568 2430 689 2466 octava
715 2430 896 2471 Pentecostes
919 2441 1030 2474 magna
1052 2428 1088 2470 est

207 2482 305 2517 adbuc
322 2481 478 2524 diversitas
496 2507 503 2513 .
530 2482 607 2515 Ci'im
625 2486 703 2515 enim
724 2485 853 2514 Romani
873 2485 906 2513 in
929 2479 985 2513 hac
997 2483 1092 2512 Domi-

206 2539 276 2567 nica
297 2544 356 2567 non
373 2530 534 2575 servarent
547 2531 658 2574 festum
668 2535 833 2569 Trinitatis
845 2555 856 2572 ‚
881 2531 989 2573 aliqua
999 2534 1094 2563 natio·

208 2594 284 2623 nes,
309 2590 344 2615 ut
354 2582 532 2620 Alemanni,
555 2582 660 2615 eadem
671 2582 720 2614 die
728 2580 856 2624 servant
865 2579 999 2613 oliavas
1017 2581 1093 2612 Pen-

209 2631 323 2672 tecosses
334 2656 346 2672 ,
370 2636 403 2664 in
422 2630 606 2664 bebdomada
620 2633 654 2665 (θ’
664 2633 817 2664 Dominica
821 2629 959 2674 sequenti
966 2628 1094 2673 servan-

212 2692 259 2717 tes
283 2682 400 2723 officium
413 2683 590 2714 Trinitatis.
619 2682 701 2721 Alii,
726 2689 760 2715 ut
780 2682 909 2721 Gallici,
931 2682 1035 2722 plures
1048 2681 1096 2712 illo

210 2734 335 2776 plenum
346 2730 468 2772 faciunt
489 2732 540 2764 die
552 2730 663 2773 festum
683 2733 841 2764 Trinitatis
862 2742 926 2764 cum
950 2729 1074 2763 octavis
1087 2751 1095 2761 .

213 2781 374 2816 Tuitium
392 2781 438 2815 est
463 2781 497 2814 in
508 2781 706 2816 Germania:
734 2781 768 2815 δε
780 2780 923 2815 Colonia
936 2802 946 2818 ‚
972 2779 1047 2813 licet
1059 2778 1094 2813 in

214 2831 327 2866 Gallia
340 2830 378 2863 fit
389 2855 400 2871 ,
426 2829 491 2872 jam
502 2830 624 2873 pridem
637 2842 745 2866 tamen
759 2830 890 2865 adhaefit
902 2828 1076 2864 Germanis
1087 2853 1094 2861 .

214 2882 309 2919 Hinc
321 2881 354 2914 ὅ(
366 2880 514 2914 Santram
523 2879 726 2916 Trinitatem
741 2892 820 2916 tunc
832 2878 1012 2917 celebrabat
1025 2880 1093 2919 Do-

214 2931 337 2966 minica
358 2929 494 2964 secunda
506 2955 513 2962 .

266 2980 398 3014 Festum
418 2979 571 3023 paulatim
595 2982 733 3023 profecit
752 2982 853 3016 etiam
873 2980 913 3015 ad
926 2980 1006 3017 alias
1017 2990 1095 3025 gen-

216 3040 282 3065 tes.
311 3030 443 3064 Etenim
466 3030 618 3068 Sanstum
630 3030 800 3070 Thomam
825 3031 1094 3066 Cantuariensem

217 3077 385 3116 Sabbatho
407 3078 477 3122 post
499 3078 712 3115 Pentecosten
733 3081 768 3116 in
790 3082 1037 3125 Presbyterum,
1063 3081 1095 3115 &

217 3129 399 3165 Dominica
422 3129 565 3171 sequenti
576 3132 797 3165 consecratum
809 3133 901 3166 fuiffe
914 3133 948 3165 in
965 3131 1096 3175 Episcp·

215 3191 296 3223 purn
319 3178 429 3213 scribit
449 3178 617 3212 Gervafius
640 3180 879 3217 Cantuarienfis
890 3178 1097 3220 Monachus,

218 3233 254 3265 &
274 3227 424 3273 adJungit
446 3242 454 3262 z
494 3226 686 3271 Consecratus
710 3230 837 3265 Thomas
859 3228 1095 3274 Archiepiscopus

217 3278 344 3319 instituit
358 3278 558 3320 festivitatem
573 3280 767 3321 principalem
785 3283 902 3316 Sanc‘iae
913 3285 1074 3315 Trinitatis
1086 3306 1097 3322 ,

219 3329 343 3375 fiisgulis
366 3333 455 3361 anm's
477 3334 509 3361 in
532 3336 707 3373 perpetuum
727 3332 774 3364 die
794 3332 970 3366 mariarum
993 3334 1099 3365 Pente-

221 3380 305 3419 costes
328 3379 551 3412 celebrandam.
589 3379 670 3411 Unde
694 3381 728 3413 (rt
749 3379 808 3423 ipse
831 3383 934 3417 eadem
954 3384 1003 3415 die
1027 3380 1096 3425 Mis-

219 3428 287 3473 Iam
306 3429 481 3464 celebravit.
511 3428 614 3473 Angli
639 3430 713 3462 sunt
736 3429 828 3465 nobis
850 3432 954 3466 Gallis
975 3432 1097 3472 vicini,

323 3477 513 3522 ChristLupi
521 3484 606 3522 Oper.
616 3480 729 3512 TomV.

1098 169 1130 199 M

1201 155 1246 200 R
1281 170 1314 200 o
1350 170 1382 200 M
1418 169 1447 200 A
1482 169 1514 201 N
1546 171 1577 200 υ
1612 172 1669 202 M.

1144 237 1178 271 ὅ(
1203 237 1350 273 moribus
1371 238 1516 276 similes:

1871 170 1965 216 157

1539 239 1634 288 Qin
1655 236 1724 274 imo
1746 248 1834 275 terrae
1854 250 1968 276 motus
1984 239 2032 275 di-

1143 286 1227 322 citur
1246 300 1308 322 nos
1332 289 1504 333 interjesto
1527 289 1610 325 mari
1635 289 1773 325 divififfe
1796 291 1830 324 in
1850 291 1931 325 duas
1953 301 2033 335 gen-

1143 346 1208 371 tes.
1238 339 1330 372 Hinc
1349 340 1485 374 Sanctus
1507 339 1664 375 Thomas
1685 340 1812 375 censuit
1835 340 1953 374 festum
1964 338 2030 374 hoc

1143 387 1260 423 eodem
1283 399 1360 423 cum
1380 387 1487 423 Gallis
1510 387 1566 423 die
1602 389 1768 434 agendum
1791 415 1799 423 .
1836 390 1881 424 Et
1916 389 2031 425 omnia
2048 395 2077 424 L.
2094 403 2114 422 1.
2128 394 2208 427 038·

1143 437 1343 483 Hungaricae
1371 438 1521 472 Ecclefiae
1547 439 1671 474 festain
1682 441 1749 474 suis
1760 439 1887 485 legibus
1899 451 2032 475 enume-

1143 499 1216 521 rans
1238 488 1280 523 ad
1301 486 1466 524 undecimi
1489 488 1593 522 saculi
1613 490 1713 523 finem
1736 489 1871 525 Sanstus
1881 490 1955 524 Rex
1970 491 2030 526 La-

1141 537 1284 578 dislaus,
1311 538 1438 573 nullam
1453 537 1611 581 praesentis
1622 538 1694 571 festi
1714 539 2029 583 fecitmentionem;

1141 586 1210 630 ejus
1230 598 1342 622 autem
1366 587 1537 632 proximus
1558 589 1716 622 successor
1737 587 1967 624 Colomannus
1987 591 2029 624 fic

1143 637 1274 672 statuit:
1307 639 1438 681 offiium
1461 638 1498 670 de
1525 637 1636 671 Sam‘la
1655 640 1804 671 Trinitate
1820 637 1884 681 post
1903 639 2027 674 octavas
2048 627 2138 657 [ὦς’
2156 633 2201 658 ⁷⁰⁸

1145 687 1319 729 Pentecostes
1336 687 1492 722 celebretur
1505 713 1512 720 .
1538 687 1669 723 Festum
1679 688 1824 723 admittit
1836 700 1875 723 ac
1887 688 2030 733 praecipit

1142 737 1233 781 juxta
1252 749 1379 772 morem
1390 738 1630 775 Germanorum
1643 763 1654 770 .,
1676 739 1721 772 Et
1733 738 1818 782 apud
1831 738 2030 784 Gregorium

1144 799 1272 824 nonum
1297 787 1407 823 scribit
1429 787 1619 823 Alexander
1641 789 1755 823 tertius
1776 787 1954 823 Pontifex:
1975 793 2032 823 Fe·

1138 837 1262 878 stivitas
1282 837 1399 872 Sanfflae
1433 841 1596 872 Trinitatis
1621 838 1783 882 sic-undrim
1812 836 2032 881 consuetudines

1145 887 1336 932 diversarum
1358 891 1522 933 Regionum
1533 890 1553 922 ᾶ
1567 887 1746 933 quibusdam
1756 886 1906 931 consuevit
1916 893 1948 920 in
1958 887 2036 920 wta-
2053 898 2080 925 L.
2100 905 2126 922 2.
2143 892 2200 922 Tit.

1144 944 1195 972 vis
1217 937 1415 979 pentecostes,
1442 939 1481 973 ab
1501 938 1570 972 aliis
1590 945 1625 973 in
1663 942 1823 973 Dominica
1838 943 1945 980 prima
1965 945 2037 970 ante
2058 942 2133 964 thc-
2150 943 2178 963 ²-

1146 989 1318 1022 Adventum
1341 990 1462 1022 Domini
1484 989 1640 1024 celebrari.
1677 990 1731 1025 Ex
1751 1000 1815 1034 qua
1836 989 1929 1023 tertia
1957 998 2038 1022 con-

1145 1037 1315 1073 suetudine
1336 1038 1466 1073 videtur
1494 1040 1611 1074 festum
1634 1038 1699 1075 hoc
1724 1049 1805 1076 tunc
1824 1039 1923 1074 etiam
1944 1047 2038 1073 extra

1146 1089 1290 1123 Galliam
1313 1099 1352 1123 ac
1375 1088 1588 1124 Germaniam
1608 1090 1745 1134 viguisse
1759 1116 1766 1123 .

1198 1138 1246 1173 At
1268 1138 1346 1173 vero
1369 1138 1526 1173 Romana
1551 1139 1691 1174 Ecclesia
1710 1166 1721 1182 ‚
1761 1140 1854 1185 quod
1875 1141 2040 1175 novitates

1148 1200 1216 1223 non
1239 1188 1335 1223 facile
1359 1188 1536 1230 admittat,
1559 1189 1822 1230 tardiffimasuit
1847 1191 1888 1225 ad
1913 1199 2039 1224 novum

1146 1239 1245 1273 etiam
1270 1238 1334 1272 hoc
1359 1238 1475 1273 festum
1497 1265 1504 1272 .
1545 1238 1634 1274 Nam
1657 1241 1691 1274 ὅ(
1714 1241 1747 1274 in
1769 1240 1887 1274 animae
1907 1248 2040 1283 gemma

1148 1288 1256 1323 scribit
1276 1289 1453 1323 Honorius
1478 1288 1787 1335 Augustodunenfis
1802 1304 1814 1323 :
1845 1290 1986 1333 ,Quidam
2007 1293 2042 1321 in

1145 1338 1202 1372 hac
1212 1342 1387 1378 Dominica,
1422 1339 1536 1383 utique
1561 1340 1665 1383 prima
1698 1340 1771 1384 post
1793 1338 2040 1378 Pentecosten,
2058 1353 2089 1383 L,
2109 1363 2137 1388 4·
2165 1362 2191 1382 ς,

1149 1389 1281 1431 Officium
1302 1390 1340 1422 de
1364 1389 1475 1422 Sanc‘la
1502 1391 1650 1423 Trinitate
1669 1396 1804 1428 canunt,
1821 1390 1902 1431 quod
1909 1392 2042 1421 Romani
2063 1401 2126 1427 117.

1148 1449 1206 1476 non
1215 1443 1380 1482 recipiunt.
1399 1438 1475 1475 Nec
1487 1438 1575 1477 solus
1586 1438 1778 1476 Alexander
1801 1438 1962 1474 secundus
1983 1437 2045 1478 du-

1149 1489 1201 1523 xit
1223 1499 1293 1521 non
1314 1487 1559 1524 admittendum
1579 1513 1590 1528 ,
1616 1488 1670 1522 sed
1691 1489 1788 1526 etiam
1813 1490 1944 1533 integro
1969 1486 2042 1531 post

1150 1537 1255 1579 ipsum
1268 1536 1384 1569 saeculo
1397 1534 1585 1569 Alexander
1608 1536 1723 1570 tertius
1744 1539 1912 1580 rescripsit:
1943 1538 2044 1571 Eccle-

1143 1583 1189 1626 fia
1202 1587 1339 1616 Romana
1353 1589 1385 1617 in
1397 1582 1450 1627 usu
1463 1595 1521 1617 non
1538 1583 1626 1618 habet
1637 1610 1646 1626 ‚
1669 1588 1751 1627 quod
1760 1592 1794 1618 in
1808 1588 1906 1629 aliquo
1916 1594 2045 1628 tempore
2058 1582 2117 1614 Τῑῑ·
2140 1595 2168 1622 9·
2190 1592 2217 1615 C·

1149 1634 1271 1667 celebret
1285 1632 1457 1676 specialiter
1475 1634 1595 1668 saneiae
1619 1638 1784 1670 Trinitatis
1814 1636 2020 1678 festivitatem
2033 1660 2044 1677 ,
2063 1636 2091 1654 ²·

1151 1695 1216 1718 cum
1223 1681 1344 1728 fingulis
1357 1684 1462 1718 diebus
1474 1686 1578 1724 Gloria
1590 1688 1679 1719 Patri
1690 1687 1725 1720 o·
1739 1687 1820 1719 Filio
1828 1711 1839 1727 ,
1861 1689 1896 1721 ὁ·
1916 1688 2044 1729 Spiritui

1144 1732 1269 1777 sanHo,
1301 1736 1336 1769 Θ
1350 1733 1460 1777 similia
1483 1736 1623 1770 dicantur·
1648 1736 1693 1769 ad
1716 1737 1836 1770 laudem
1853 1741 2045 1778 pertinentia

1150 1788 1329 1817 Trinitatis.
1366 1784 1409 1818 Et
1435 1785 1511 1828 quia
1535 1785 1745 1829 Rescriptum
1770 1785 1837 1821 hoc
1863 1786 2046 1831 Gregorius

1151 1834 1405 1869 nonusinseruit
1418 1835 1481 1869 suis
1505 1835 1756 1876 Decretalibus‚
1780 1838 1905 1871 clarum
1928 1836 1974 1871 est
1994 1837 2046 1879 ip-

1151 1884 1213 1918 sius
1223 1894 1371 1928 tempore
1383 1883 1468 1919 istud
1480 1885 1598 1920 festum
1612 1887 1630 1920 a
1648 1886 1801 1921 Romana
1816 1885 1960 1921 Ecclesia
1971 1897 2049 1921 nec-

1150 1933 1230 1968 dum
1250 1933 1343 1973 fuiffe
1365 1945 1590 1979 acceptatum.
1628 1934 1733 1971 Porro
1758 1936 1815 1981 qui
1838 1936 1909 1981 post
1934 1936 2047 1972 Urba-

1151 1995 1232 2018 num
1245 1985 1372 2020 sextum
1383 1983 1496 2019 floruit
1513 2011 1524 2026 ‚
1557 1987 1591 2020 in
1605 1986 1689 2022 libro
1709 1987 1750 2021 de
1778 1987 1957 2021 Canonum
1977 1986 2048 2022 Ob-

1152 2035 1310 2069 servantia
1331 2034 1442 2069 scribit
1463 2035 1659 2080 Radulphus
1687 2038 1842 2073 Decanus
1868 2036 2049 2082 Tongren-

1151 2084 1210 2117 fis:
1237 2085 1396 2119 Hodiernis
1415 2088 1594 2127 temporibus
1622 2092 1725 2122 Romae
1739 2090 1772 2123 (θ’
1787 2094 1819 2122 in
1832 2092 1926 2121 curia
1935 2090 2048 2120 Roma-

1155 2142 1198 2163 na
1216 2130 1356 2174 fhlemnis
1374 2133 1502 2167 habetur
1514 2136 1672 2176 festivitas
1684 2138 1804 2171 samia·
1826 2141 1991 2171 Trinitatis
2014 2143 2049 2170 in

1150 2180 1258 2214 obiava
1281 2181 1459 2222 pentecostes
1474 2205 1485 2221 ,
1512 2185 1593 2226 quod
1611 2190 1703 2217 etiam
1711 2187 1817 2227 plures
1831 2188 1990 2219 Alemanni
1997 2195 2049 2228 po·
2067 2199 2091 2228 (ζ
2126 2203 2173 2229 16.

1152 2229 1211 2272 steri
1233 2238 1383 2272 coeperunt
1403 2229 1506 2274 sequi.
1535 2231 1641 2268 Addit
1662 2233 1869 2269 festivitatem
1890 2235 1976 2269 hanc
1989 2235 2049 2269 ibi—

1151 2279 1227 2314 dem
1252 2290 1327 2314 cum
1348 2281 1461 2314 ostava
1474 2281 1647 2316 celebrari.
1675 2284 1762 2331 Qis
1776 2284 1934 2319 Pontifex
1945 2284 2048 2328 ipsam

1153 2329 1339 2370 admiserit,
1367 2331 1467 2373 usque
1488 2328 1554 2366 huc
1565 2332 1703 2377 ignoro.
1731 2334 1800 2367 Cur
1822 2334 1857 2368 in
1870 2335 2006 2379 primam
2030 2336 2047 2369 a

1157 2378 1349 2413 Pentecoste
1370 2380 1583 2416 Dominicam
1598 2384 1708 2418 Roma
1719 2381 1884 2419 admiserit
1897 2409 1907 2425 ‚
1932 2385 2047 2430 colligi

1159 2429 1263 2473 potest
1286 2440 1327 2464 ex
1339 2428 1524 2466 Clementis
1535 2433 1624 2466 tertii
1646 2433 1731 2477 apud
1743 2432 1909 2470 laudatum
1923 2437 2049 2480 Grego-

1157 2480 1244 2514 rium
1266 2479 1458 2523 Rescripto:
1495 2481 1614 2523 Festum
1633 2484 1811 2525 Pentecostes
1835 2493 1914 2519 caret
1924 2485 2050 2519 oe‘iava.
2064 2466 2099 2497 ς’
2123 2484 2151 2503 ³'

1159 2530 1227 2564 Die
1241 2529 1422 2565 Dominica
1442 2530 1585 2576 incipit,
1620 2533 1653 2567 &z
1673 2535 1708 2568 in
1727 2533 1894 2570 Sabbatho
1918 2535 2046 2569 finitur.

1160 2579 1226 2614 Uti
1251 2580 1341 2613 euim
1374 2580 1629 2628 Qadragefima
1652 2586 1836 2628 praesentem
1860 2587 2048 2630 temporalis

1160 2629 1379 2674 poenitentiae‚
1407 2632 1452 2665 ita
1469 2632 1752 2680 Qinquagefima
1775 2637 1921 2681 futurum
1937 2648 2046 2680 perpe-

1160 2690 1222 2714 tuae
1239 2680 1351 2724 gloriae
1369 2678 1456 2715 diem
1480 2683 1515 2716 ἀ
1535 2685 1664 2718 cursum
1686 2685 1846 2729 fignificat
1860 2709 1870 2725 ,
1906 2685 2047 2729 ideoque

1160 2732 1278 2764 oslavae
1289 2741 1356 2764 non
1368 2729 1467 2766 habet
1479 2732 1579 2767 finem
1591 2757 1603 2774 ,
1628 2744 1684 2768 aut
1704 2735 1855 2770 occasum
1871 2759 1879 2766 .
1907 2735 1951 2769 Et
1972 2736 2044 2780 glo-

1160 2781 1203 2814 ria
1228 2780 1287 2815 ista
1308 2792 1376 2815 non
1396 2782 1441 2815 est
1463 2781 1552 2817 aliud
1584 2784 1681 2825 quem
1705 2784 1835 2819 Divinae
1866 2784 2048 2820 Trinitatis

1161 2829 1291 2864 fruitio:
1314 2830 1406 2865 Hinc
1427 2830 1515 2867 illius
1538 2832 1656 2868 festum
1680 2834 1833 2869 Romana
1845 2834 1989 2869 Ecclesia
2000 2846 2046 2874 re-

1162 2879 1209 2914 ἃέ
1228 2879 1382 2923 judicavit
1405 2881 1690 2929 Qinquagefimae
1707 2885 1992 2920 continuandum.

1207 2929 1310 2966 Porrd
1332 2932 1452 2966 Graecis
1465 2931 1581 2968 festum
1593 2932 1659 2969 hoc
1668 2935 1714 2970 est
1727 2936 1826 2979 usque
1837 2934 1936 2970 hodie
1950 2936 2048 2980 igno»-

1159 2992 1247 3014 tum.
1280 2981 1415 3017 Etenim
1435 2983 1471 3017 in
1490 2983 1560 3028 jure
1581 2984 1869 3020 Graeco—Romano
1906 2985 2045 3027 Impera-

1159 3030 1239 3065 toris
1261 3031 1427 3067 Manuelis
1460 3033 1630 3069 Comneni
1662 3035 1784 3070 famosa
1804 3035 1846 3069 de
1874 3035 1963 3069 feriis
1988 3035 2044 3070 lex

1158 3091 1325 3116 enumerat
1347 3081 1425 3117 festa
1447 3083 1590 3128 ipsorum
1600 3086 1736 3126 omnia,
1763 3083 1905 3128 &hujus
1916 3085 2044 3120 nullam

1158 3131 1235 3165 facit
1256 3132 1447 3167 memoriam
1473 3159 1481 3171 ,
1520 3134 1564 3169 Et
1599 3135 1634 3169 in
1661 3135 1763 3178 prima
1789 3134 1861 3179 post
1887 3135 2045 3169 Penteco-

1159 3181 1227 3215 sten
1254 3180 1434 3217 Dominica
1460 3183 1563 3219 Graeci
1587 3184 1751 3220 celebrant
1762 3184 1877 3220 festum
1888 3185 2041 3219 omnium

1158 3230 1366 3266 Sanssorum.
1391 3232 1484 3269 Hinc
1506 3236 1547 3269 de
1557 3233 1882 3279 Constantinopolim
1893 3233 2044 3268 obfiden-

1159 3291 1192 3315 te
1213 3279 1397 3316 Turcarum
1420 3282 1571 3328 Principe
1589 3283 1784 3321 Mahomete
1804 3283 1949 3319 secundo
1968 3284 2042 3319 scri-

1158 3330 1205 3365 bit
1227 3329 1444 3367 orthodoxus
1465 3333 1642 3370 Michaelis
1662 3337 1762 3370 Ducae
1772 3334 1904 3379 Nepos:
1932 3335 2044 3373 ‘fnan-

1162 3385 1219 3416 tius
1239 3381 1288 3416 die
1310 3383 1463 3418 Dominica
1483 3385 1589 3420 Urbem
1611 3386 1650 3424 ab
1671 3392 1750 3419 omni
1766 3394 1857 3427 parte
1875 3392 2041 3426 oppugnare
2056 3380 2092 3410 C·
2112 3389 2159 3418 39·

1165 3437 1268 3475 coepit-
1298 3434 1450 3468 Dominica
1470 3442 1568 3469 autem
1592 3436 1644 3469 illa
1662 3444 1728 3470 erat
1743 3435 1899 3476 festivitas
1909 3437 2039 3466 omnium

1583 3484 1619 3518 Ο

2063 2963 2090 2992 F.
2114 2965 2178 2992 160·

1914 3483 1934 3514 5
1935 3492 1988 3514 an-
