2366 3756
616 176 1152 222 Concrrr‘urr

269 256 513 300 ‚rapraedicaebat
526 281 536 297 ‚
560 258 641 299 quod
652 257 927 300 cupimus-&multis
948 254 1017 296 fieri
1029 253 1169 293 Christia-

270 315 347 343 nis.
378 308 527 344 Clericos
540 302 668 342 nostros
679 331 690 351 ,
716 317 783 340 non
797 305 906 345 mimis
917 305 1016 348 quam
1029 305 1171 349 antiquae

281 358 364 404 legis
386 358 575 396 Sacerdotes
596 368 633 391 ac
646 356 778 390 Levitas
799 380 809 395 ‚
834 367 877 389 ex
897 354 1121 391 oblationibus
1136 355 1170 388 δε

282 409 435 446 Decimis
458 408 583 447 vivere,
610 404 719 443 scribit
739 405 772 442 &
793 407 928 443 Sanstus
941 405 1171 448 Hieronymus

281 459 317 494 in
339 458 456 496 litteris
480 458 521 493 ad
551 457 779 500 Nepotianum
801 469 810 500 3
847 457 880 489 &
906 455 1040 500 antiqua
1068 481 1079 497 ,
1117 465 1171 498 per

281 508 539 544 Constantinum
561 507 757 541 Caietanum
780 516 821 541 ex
845 504 1018 544 Vaticana:
1029 505 1170 540 Bafilicae

281 559 437 596 Archivis
455 556 613 600 descripta
637 582 648 598 ,
677 569 714 590 ac
738 567 794 599 per
814 555 975 591 Martium
1001 556 1169 590 Milesium

282 621 386 652 nuper
405 607 588 651 publicata,
617 605 725 642 Sancii
749 604 880 640 Damasi
903 606 1078 646 pontificis
1102 607 1168 644 vita

280 659 323 696 fic
344 656 461 695 habet:
492 655 641 699 Damasus
658 662 804 699 praecepit
814 657 1021 690 Sacerdotibus·
1035 681 1046 697 ,
1074 665 1108 692 ut
1121 667 1170 690 ne-

276 718 387 756 garent
408 707 549 752 fandum
570 714 812 748 communionem,
842 708 875 740 <2¹
907 706 1101 747 Ecclefiarum
1123 712 1167 745 in·

276 759 403 806 greffum
425 759 582 797 omnibus,
606 764 657 800 qui
686 761 826 791 Decimus
851 769 908 791 non
937 756 1142 800 persolverent
1159 780 1169 796 ,

281 820 508 846 commemorans
532 809 610 850 quod
629 812 772 840 Dominus
788 813 819 839 in
830 809 890 850 lege
898 813 1062 850 praecepit,
1090 806 1169 840 DE-

282 858 430 892 CIMAS
458 858 525 890 ET
553 857 804 892 PRlMITlAS
826 857 892 891 NE
913 856 1170 897 TARDAVE÷

280 907 367 944 RIS⁴
380 905 633 943 REDDERE.
660 912 692 943 si
714 914 792 941 emm
812 910 1096 950 tardarepeccatum
1109 906 1170 948 est,

280 958 372 994 multo
397 964 494 1002 magis
522 969 580 993 non
598 955 781 1001 persolvere.
819 958 894 993 Scio
920 956 1000 998 hinc
1028 956 1105 991 inde
1132 957 1170 991 ti-.

276 1005 392 1045 subare
410 1009 564 1054 scriptum
588 1008 673 1042 istud
699 1031 709 1047 ,
735 1009 780 1048 est
804 1019 914 1042 tamen
934 1009 1110 1050 antiquum
1132 1018 1170 1042 ac

279 1058 463 1095 eruditum,
489 1058 584 1107 Qin
605 1059 641 1092 ὅτ,
661 1059 795 1093 Sanctus
822 1059 962 1097 lrenaeus
987 1083 997 1102 ,
1025 1058 1170 1094 secundo

278 1106 405 1141 Christi
428 1109 542 1151 saeculo
566 1109 601 1143 in
627 1109 739 1143 medio
761 1109 951 1144 Gentilium
974 1109 1171 1151 persecutio-

278 1169 360 1193 num
378 1157 454 1192 aestu
467 1158 696 1205 Lugdunensis
708 1156 982 1203 Archiepiscopus
994 1182 1004 1198 ‚
1030 1159 1169 1192 affirmat

278 1206 430 1243 fidelium
449 1209 508 1243 suo
530 1216 678 1253 tempore
698 1209 887 1246 oblationes
909 1210 1003 1245 fuisse
1029 1210 1169 1244 Decima

278 1257 435 1302 majores,
466 1259 518 1295 Ex
540 1259 658 1302 quibus
677 1260 834 1297 omnibus
846 1260 931 1294 lucet
944 1259 1045 1294 tribus
1059 1259 1170 1303 priori-

279 1305 340 1340 bus
361 1307 481 1343 saeculis
498 1308 633 1343 Clerum
657 1309 691 1344 δε
714 1321 868 1354 pauperes
891 1310 1006 1343 vixisse
1032 1321 1072 1343 ex
1095 1309 1170 1342 solis

279 1357 379 1394 ferme
402 1357 653 1398 oblationibus,
680 1371 752 1402 quae
777 1370 887 1393 tamen
909 1357 987 1391 hinc
1014 1358 1094 1392 inde
1114 1359 1171 1395 ali-

279 1416 380 1449 quam
401 1408 617 1445 Decimarum
651 1409 806 1443 referrent
832 1408 1013 1452 imaginem
1036 1431 1044 1439 .
1082 1407 1169 1440 Data

279 1466 336 1498 per
364 1456 622 1494 Constantinum
657 1457 892 1499 Imperatorem
915 1453 995 1499 ‘pax
1034 1456 1082 1490 uti
1122 1467 1172 1490 ac-

279 1506 516 1545 quirendorum
538 1505 743 1543 fundorum,
783 1505 828 1540 ita
849 1506 882 1540 <Sc
903 1504 1168 1544 postulandarum

278 1551 493 1590 Decimarum
519 1551 589 1594 jure
614 1552 794 1595 impartivit
822 1551 998 1585 Ecclesiam
1023 1577 1030 1583 .
1069 1550 1171 1584 Exin-

277 1601 364 1638 de&
387 1602 421 1636 in
447 1600 594 1647 Synodis
615 1602 650 1635 &
676 1602 713 1636 in
738 1602 803 1636 suis
829 1600 871 1634 ad
883 1602 1041 1644 populum
1054 1602 1170 1634 sermo-

279 1652 377 1689 nibus
399 1662 569 1696 coeperunt
591 1651 751 1695 Episcopi
785 1651 865 1694 ipsas
898 1662 965 1685 non
1000 1650 1107 1685 solum
1134 1661 1170 1685 ut

278 1702 438 1747 gratuitas
459 1702 684 1745 eleemosynas
702 1726 713 1743 ,
740 1700 793 1735 sed
817 1712 853 1736 ut
876 1701 986 1736 debita
1009 1701 1170 1746 stipendia

279 1751 336 1786 fibi
372 1765 409 1788 ac
436 1752 629 1796 pauperibus
656 1751 828 1788 vendicare
850 1776 857 1784 .
903 1751 1170 1795 Apostolicarum

280 1802 555 1839 constitutionum
568 1828 578 1843 ,
603 1803 660 1846 qui
680 1802 722 1837 ad
742 1802 847 1846 quarti
878 1803 982 1836 saecnli
996 1802 1169 1838 exordium

280 1862 336 1886 aut
359 1853 506 1888 medium
529 1853 656 1889 videtur
676 1852 829 1896 scripsisse
850 1877 861 1893 ,
898 1855 1010 1890 auctor
1033 1853 1170 1887 affirmat

280 1903 364 1945 ipsas
384 1903 494 1944 deberi
516 1915 557 1937 ex
579 1903 709 1939 Divino
720 1901 895 1943 mandato,
921 1903 1090 1946 antiquam
1104 1902 1170 1936 Dei

280 1952 321 1987 de
342 1953 404 1986 iliis
426 1953 532 1997 legem
560 1965 627 1987 non
655 1952 749 1988 fuisse
761 1953 1018 1989 caeremonialem
1034 1953 1171 1996 ,-autju-

280 2001 432 2037 dicialem
446 2027 456 2043 ,
476 2003 529 2037 sed
549 2003 730 2046 moralem,
756 2002 897 2047 ideoque
920 2003 1063 2037 Domini
1088 2014 1171 2037 mor-

281 2061 312 2087 te
333 2064 402 2088 non
426 2054 630 2088 exsufflatam
643 2055 705 2088 effe
722 2076 732 2092 ,
763 2053 815 2087 sed
836 2053 1000 2087 firmatam
1021 2053 1062 2087 ab
1080 2053 1171 2097 ipso,

278 2102 413 2149 jubente
434 2104 592 2149 justitiam
614 2104 760 2138 nostram
772 2103 835 2137 effe
848 2103 980 2146 Iudaica
993 2103 1149 2145 majorem
1164 2128 1170 2134 .

281 2154 430 2190 Mosaica
454 2154 494 2187 de
516 2154 638 2190 alendo
664 2153 762 2190 Clero
791 2152 947 2189 mandata
973 2154 1079 2186 aflerit
1117 2164 1172 2197 per

283 2203 464 2244 Apostolos
488 2205 551 2235 effe
573 2204 752 2238 innovata.

112 487 195 527 Episl.
218 499 243 520 2.

332 2250 412 2283 Haec
435 2262 545 2285 tamen
567 2249 715 2285 doctrina
739 2250 838 2285 &lex
853 2261 920 2284 non
934 2250 1042 2285 statim
1054 2250 1174 2293 ubique

282 2298 516 2333 obtinuerunt.
549 2300 682 2333 Etenim
704 2300 739 2332 in
754 2299 959 2333 libertatibus
973 2323 982 2338 ‚
1011 2310 1090 2342 quas
1103 2299 1172 2333 An-

282 2350 417 2394 glicanae
439 2349 587 2383 Ecclesiae
623 2348 716 2382 dedit
742 2348 829 2389 apud
864 2349 1037 2392 Rogerum
1059 2349 1171 2383 Hove·

283 2399 413 2434 densem
434 2397 633 2435 Guilielmus
652 2398 729 2433 Rex
752 2398 992 2442 Conquaestor,
1020 2399 1174 2433 Decima-

284 2461 356 2482 rum
379 2449 532 2485 debitum
557 2448 705 2484 admittit
726 2449 788 2482 esse
810 2448 909 2482 stricti
934 2449 1033 2492 juris,
1060 2450 1094 2484 δε
1121 2450 1173 2484 ad-

284 2498 412 2543 jungit:
451 2503 522 2532 Haec
543 2504 622 2533 enim
643 2498 769 2533 Sanc‘lus
795 2498 965 2540 Augustinus
988 2501 1174 2540 praedicavit

286 2550 319 2581 (⁸5
348 2550 446 2582 docuit
458 2573 468 2588 ‚
494 2550 528 2582 (5
550 2548 613 2581 baec
623 2546 823 2591 conceffasunt
836 2550 855 2580 ἃ
871 2552 949 2592 Rege
960 2573 969 2588 ,
997 2551 1031 2582 (θ’
1045 2552 1064 2580 a
1079 2551 1174 2583 Baro-

286 2598 371 2633 m'bus
385 2623 396 2640 ‚
422 2599 627 2640 &aPopulo.
654 2596 818 2640 Sedpostea
841 2598 976 2638 instinctu
1000 2601 1116 2632 Diaboli
1137 2611 1171 2635 ea

287 2649 371 2683 multi
390 2650 579 2682 detinuerunt
602 2673 613 2689 ‚
650 2650 684 2685 Θ
705 2650 875 2683 sacerdotes
900 2651 1075 2692 negligentes
1101 2650 1173 2684 Iocu-

283 2700 376 2740 pletes
397 2710 454 2733 non
475 2699 618 2732 curabant
639 2704 715 2733 inire
737 2698 868 2733 laborem
889 2701 934 2731 ad
952 2702 1171 2741 perquirendas

119 2781 136 2809 F
157 2780 167 2810 1
287 2751 445 2790 Decimus,
472 2761 502 2784 eo
519 2751 602 2793 quiid
620 2748 798 2795 sufficienter
821 2748 970 2782 habebant
993 2749 1059 2792 suae
1079 2750 1172 2794 neces·

138 2791 177 2811 ⁰·
205 2783 271 2812 ⁶⁰¹'
283 2797 368 2841 saria
389 2805 485 2833 vitae.
512 2800 636 2843 Anglia
659 2799 699 2833 ab
723 2797 892 2835 Eleutheri
905 2798 1079 2836 Pontificis
1092 2811 1171 2837 tcm-

286 2859 364 2891 pore
386 2849 448 2882 fuit
471 2847 653 2885 Christiana
676 2875 686 2891 ,
724 2850 756 2884 δε
777 2860 887 2884 tamen
924 2850 1079 2884 Decimas
1102 2863 1169 2885 non

288 2899 440 2939 admisit,
465 2899 523 2934 nisi
544 2899 585 2932 ad
609 2900 871 2942 praedicationem
890 2901 937 2933 sui
960 2900 1113 2944 Apostoli
1138 2903 1169 2936 &

287 2948 494 2991 Reparatoris
530 2950 636 2983 saneti
672 2950 850 2994 Augustini
872 2975 882 2982 .
915 2950 1008 2998 Quin
1032 2951 1100 2984 imo
1130 2953 1170 2986 de

287 2997 501 3041 Edelnulpho
523 2999 616 3043 Rege
642 3000 751 3034 scribit
774 2999 926 3034 Ailrcdus
953 2999 1064 3035 Abbas
1093 3002 1169 3036 Rie-

289 3048 456 3081 vallensrs:
484 3048 678 3092 Eleemosym's
697 3048 772 3092 sam?
786 3050 825 3091 fic
849 3059 967 3093 operam
994 3053 1109 3092 dabat,
1137 3060 1168 3085 ut

289 3107 381 3131 totam
403 3108 513 3131 terram
519 3097 607 3142 suam
629 3108 686 3141 pro
712 3099 825 3143 Christo
850 3103 1030 3143 decimaret,
1057 3104 1169 3144 &par-

288 3157 348 3182 tem
368 3149 511 3181 decimam
530 3156 583 3190 per
606 3149 747 3191 Ecclefias
759 3162 793 3184 ac
806 3151 982 3191 Monafleria
995 3154 1146 3187 divideret
1162 3179 1166 3184 .

291 3197 420 3242 Nempe
441 3199 616 3244 collapsam
637 3224 647 3240 ‚
684 3211 782 3241 quam
802 3202 937 3236 Sanctus
965 3202 1169 3247 Augustinus

290 3249 484 3288 induxerat,
511 3249 665 3292 pietatem
688 3252 860 3293 reparavit.
890 3252 1074 3286 Decimasa
1098 3255 1169 3286 Ma-

291 3297 423 3333 chabaeo
445 3298 540 3344 Rege
562 3300 655 3334 fuiffe
677 3301 822 3335 inductas
839 3302 873 3335 in
888 3302 1054 3344 Scotiam,
1078 3302 1170 3337 &A-

290 3349 367 3382 dam
390 3347 641 3384 Carthanensem
665 3349 885 3395 Episcopum,
924 3354 980 3397 qui
1002 3355 1084 3394 ipsas
1112 3354 1168 3386 sub

290 3399 636 3434 excommunicatione
658 3399 756 3442 coepit
775 3402 926 3444 exigere,
954 3404 1046 3438 fuisse
1072 3404 1166 3438 truci-

289 3447 401 3485 datum
421 3450 438 3484 a
462 3449 627 3491 Rusticis,
656 3450 763 3487 scribit
776 3451 811 3486 in
825 3451 997 3488 Scotorum
1017 3454 1166 3489 Historia

1183 1005 1187 1074 ἱ

1224 173 1691 223 Romanum.
1986 190 2049 231 93

1235 255 1356 289 Hector
1367 256 1522 290 Boetius.
1549 257 1588 290 In
1599 254 1943 290 Hiberniaminduxit
1954 265 2010 299 per
2023 256 2116 290 Hen-
2167 297 2169 300 Ι

1233 305 1337 339 ticum
1358 306 1538 341 secundum
1562 306 1694 351 Angliae
1715 305 1844 349 Regem
1865 315 2047 341 convocata
2059 306 2116 352 Sy·
2137 294 2167 324 L·
2201 307 2245 331 ¹²*
2266 306 2297 331 c:

1235 356 1339 389 nodus
1364 355 1568 390 Caffeienfis.
1598 356 1711 390 Exstat
1731 356 1815 399 apud
1826 356 1993 390 laudatum
2006 355 2117 400 Rege*
2139 345 2169 402 Ι)
2195 384 2238 410 ¹5·
2265 387 2293 408 c·

1233 416 1304 438 rum
1330 404 1585 442 Hovedensem.
1608 407 1689 439 Non
1712 406 1784 440 lites
1806 405 1937 440 tantum
1960 429 1971 445 ,
2009 407 2064 447 sed
2081 406 2116 445 ὃς
2141 423 2185 442 22.
2215 425 2263 452 33·

1232 455 1372 489 crudelia
1384 453 1467 494 bella
1481 478 1491 494 ,
1512 466 1582 498 quae
1594 465 1653 497 pro
1667 454 1862 504 Thuringiae
1883 456 2029 489 Dccimis
2051 455 2117 501 gess
2140 453 2185 483 FO·
2206 459 2275 492 5²3⁴

1233 506 1341 539 serunt
1365 517 1442 539 cum
1458 503 1692 542 Erfurtensibus
1713 504 1909 547 Moguntini
1933 505 2117 549 Episcopi,

1234 555 1297 589 late
1326 554 1423 588 habes
1445 555 1529 596 apud
1542 554 1753 588 Lambertum
1766 551 2114 601 Schafnaburgensetm
2138 575 2171 603 A,
2192 578 2278 610 1059,

1235 605 1276 638 Et
1298 604 1445 639 Geroldo
1468 604 1645 639 Lubecensi
1659 603 1841 647 Episcopo,
1873 605 2027 639 Decimas
2037 615 2118 644 tame
2141 623 2226 651 1073·
2273 606 2278 610 ’

1231 666 1329 698 quam
1353 655 1370 688 a
1395 655 1472 689 Deo
1506 656 1539 689 ὅς
1566 655 1737 698 Apostolis
1752 654 1890 689 donatas
1912 655 2060 698 exigenti
2081 656 2118 689 in

1231 715 1311 745 terra
1334 704 1517 749 Wagirenfi
1541 729 1553 745 ,
1594 704 1827 748 responderunt
1848 704 1933 749 apud
1956 704 2119 740 Hembol·

1231 757 1311 790 dum
1335 755 1564 798 Presbyterum
1586 756 1621 789 in
1650 755 1838 790 Sclavorum
1851 754 2022 796 Chronico
2034 753 2120 789 Hol-

1232 806 1313 846 sati,
1339 817 1499 848 numquam
1515 804 1547 849 se
1565 807 1689 839 daturos
1717 808 1856 838 Decimus
1870 830 1879 845 ‚
1905 817 1983 849 quas
2008 808 2120 839 Patres

1225 854 1275 899 sui
1298 867 1358 889 non
1368 857 1527 900 dedissent,
1554 858 1643 890 malle
1658 854 1690 899 se
1710 856 1812 897 potins
1837 850 1974 898 succensis·
2002 857 2119 895 adibus
2138 847 2296 882 L'¹'‘³'3¹'

1226 911 1361 949 propriis
1389 908 1489 951 egredi
1513 915 1650 947 terram,
1677 907 1767 949 qudm
1793 915 1889 940 tantae
1902 903 2061 948 servitutis
2070 908 2121 947 ju-

1226 968 1299 1003 gum
1320 955 1442 1000 subire.
1470 957 1713 995 Consultabant
1725 955 1886 991 trucidare
1898 956 2119 1000 Episcopum,

1230 1016 1347 1047 terram
1370 1008 1546 1046 incendere
1560 1033 1571 1049 ,
1598 1009 1632 1042 ὅ(
1656 1008 1769 1053 fugere
1790 1007 1830 1041 ad
1858 1007 1986 1051 Regem
2008 1007 2122 1043 Dano-

1230 1067 1301 1091 rum
1323 1081 1332 1089 .
1371 1058 1483 1091 Etiam
1505 1059 1638 1093 Sclavos
1657 1083 1669 1102 ,
1708 1059 1787 1097 dum
1811 1059 1974 1102 suscepere
1999 1057 2098 1091 fidem
2113 1081 2124 1097 ,

1230 1107 1387 1142 adversus
1409 1108 1583 1142 Decimam
1605 1108 1819 1151 expostulasse
1843 1133 1855 1149 ,
1891 1109 1926 1142 ὃς
1947 1107 2121 1151 stipulatos

1231 1158 1322 1192 fuiss'e
1337 1170 1414 1192 cum
1429 1158 1692 1203 Aldenburgensi
1712 1158 1899 1203 Episcopo,
1926 1159 2022 1198 refert
2033 1157 2122 1192 idem

1235 1207 1443 1243 Hemboldus
1491 1209 1682 1253 Litigarunt
1709 1208 1788 1242 item
1814 1218 1958 1245 recentes
1979 1207 2124 1242 converfi
2170 1208 2176 1214 ‘

1231 1259 1374 1297 Saxones
1397 1284 1407 1299 ,
1448 1258 1589 1303 ideoque
1607 1258 1643 1293 in
1663 1257 1745 1293 dato
1767 1257 1807 1291 ad
1834 1258 1919 1300 ipsos
1942 1256 2124 1301 Capitulari

1232 1309 1342 1342 statuit
1364 1308 1503 1343 Carolus
1524 1310 1694 1353 Magnus:
1723 1309 1888 1341 Secundam
1910 1310 1966 1341 Det
1996 1308 2125 1341 manda-

1233 1368 1294 1395 tum
1303 1363 1520 1398 praecipimu‘s,
1545 1368 1578 1391 ut
1602 1369 1700 1390 omnes
1714 1360 1860 1391 decimam
1868 1365 1987 1400 partem
1991 1357 2126 1401 substan·
2144 1380 2170 1410 c
2204 1385 2239 1410 16

1231 1412 1285 1440 tiae
1308 1408 1342 1440 1&
1362 1406 1470 1439 laboris
1490 1406 1537 1450 fiii
1563 1406 1696 1448 Ecclcffls
1724 1407 1974 1440 &sacerdotibus
1993 1409 2123 1448 donent,
2164 1402 2178 1408 ’”
2245 1401 2252 1409 ’

1231 1464 1294 1488 tam
1316 1456 1424 1494 nobiles
1450 1458 1542 1499 quam
1568 1462 1711 1498 ingenui,
1730 1454 1866 1496 fimiliter
1880 1457 1992 1491 (aliti.
2021 1458 2124 1506 Qod

1231 1505 1265 1536 &
1288 1505 1356 1544 ipse
1379 1505 1532 1536 omniurn
1554 1505 1738 1546 Regiorum
1776 1515 1995 1547 proventuum
2034 1509 2124 1542 daret
2143 1497 2214 1535 0²1³·
2239 1505 2283 1534 ¹5'

1232 1551 1405 1585 Decimam
1427 1574 1438 1591 ‚
1464 1550 1588 1586 ibidem
1616 1552 1750 1586 testatur
1770 1578 1777 1585 .
1814 1555 1980 1589 Omnium
2008 1557 2125 1600 spolio-

1232 1612 1303 1634 rum
1326 1602 1505 1635 Decimam
1532 1602 1626 1636 fuisse
1653 1602 1763 1637 datam
1790 1601 1809 1636 a
1845 1604 1951 1639 Cruce
1989 1606 2125 1650 signatis

1232 1651 1264 1684 in
1292 1662 1374 1686 terra
1399 1651 1512 1686 Sancta
1539 1652 1698 1687 militibus
1724 1654 1862 1689 affirmat
1889 1656 1924 1690 in
1950 1656 2039 1691 Sacri
2053 1658 2127 1692 Bel-

1234 1702 1256 1735 li
1285 1702 1435 1736 Historia
1462 1702 1670 1738 Raimondus
1696 1702 1738 1738 de
1777 1704 1894 1750 Agiles
1930 1707 2127 1743 Canonicus

1231 1750 1431 1789 Podienfis.
1462 1753 1557 1800 Qin
1586 1754 1621 1788 &
1644 1754 1746 1789 totius
1771 1756 1831 1789 suae
1859 1767 2000 1795 moneta:
2027 1759 2127 1793 Deci-

1230 1813 1319 1837 mam
1359 1804 1517 1848 Hungari
1555 1804 1664 1849 Reges
1701 1803 1824 1843 dabant
1863 1806 2126 1853 Archiepiscopo

1230 1853 1466 1897 Strigonienfi.
1494 1854 1613 1889 Fateor
1639 1855 1704 1889 esse
1729 1867 1827 1900 grave
1852 1868 1958 1891 onus:
1985 1859 2127 1893 Etinte-

1232 1903 1294 1937 rim
1322 1904 1429 1948 ipsum
1455 1905 1567 1938 omnis
1593 1904 1661 1939 fere
1688 1905 1747 1939 sub
1768 1906 1853 1941 eoelo
1880 1907 2024 1942 Ecclesia
2051 1910 2124 1951 post

1230 1965 1368 1998 magnas
1396 1954 1497 1988 luctas
1524 1956 1674 1996 admisit,
1712 1957 1758 1991 ita
1785 1967 1896 1992 tamen
1924 1969 1960 1992 ut
1986 1959 2124 1994 infidam

1230 2002 1548 2039 administrationem
1569 2017 1748 2051 numquam
1774 2008 1839 2042 fere
1865 2010 2030 2044 cessaverit
2057 2011 2126 2045 cul-

1230 2065 1305 2098 pare
1331 2056 1470 2099 populus
1485 2082 1495 2097 ‚
1522 2057 1555 2091 δε
1576 2056 1841 2102 adversusipsam
1869 2070 2070 2095 murmurare
2090 2062 2124 2095 δε

1229 2105 1430 2141 recalcitrare
1457 2130 1464 2137 .
1503 2108 1684 2142 Rationem
1710 2109 1850 2153 exponit
1876 2110 1911 2144 in
1938 2111 2054 2146 litteris
2081 2112 2124 2146 ad

1232 2152 1461 2187 Alexandrum
1486 2155 1665 2189 secundum
1692 2158 1890 2193 Pontificem
1916 2162 2051 2195 Sandius
2063 2162 2124 2196 Pe-

1231 2212 1298 2237 trus
1322 2202 1480 2237 Damiani
1504 2228 1516 2243 ,
1552 2204 1855 2242 Ecclefiasticorum
1893 2210 1951 2242 suo
1974 2220 2122 2254 tempore

1232 2251 1377 2286 militum
1407 2253 1641 2294 insolentiam,
1678 2256 1711 2292 δε
1737 2255 1852 2291 duram
1880 2257 2121 2303 Episcoporum

1229 2299 1289 2333 sub
1318 2300 1390 2343 lpsls
1417 2302 1603 2336 servitutem
1627 2303 1799 2346 deplorans
1820 2331 1830 2346 ,
1859 2308 1894 2341 &
1916 2309 2119 2355 adjungens:

1232 2348 1391 2392 Pensemus
1415 2357 1528 2391 etiam,
1551 2353 1637 2395 quale
1663 2353 1713 2387 boc
1732 2353 1796 2395 fit,
1822 2363 1893 2399 qula
1918 2358 1981 2393 haec
1999 2364 2122 2396 nonnul-

1229 2401 1251 2436 li
1274 2402 1308 2434 (¹5
1330 2406 1421 2434 inviti
1438 2402 1616 2444 perferunt,
1643 2405 1677 2438 Θ
1699 2413 1803 2442 tamen
1823 2418 1869 2440 eos
1891 2433 1902 2449 ‚
1939 2422 2010 2453 quos
2052 2414 2119 2447 tole-

1234 2459 1328 2492 rant,
1350 2453 1479 2493 praediis
1502 2454 1536 2486 (5
1551 2453 1753 2497 facultatibus
1773 2457 1906 2497 Ecclefiae
1919 2484 1929 2500 ,
1957 2465 2055 2495 velint
2073 2475 2121 2495 no-

1231 2502 1288 2535 lint
1302 2525 1312 2540 ‚
1339 2503 1437 2536 cariics
1448 2512 1568 2538 emunt.
1595 2507 1738 2547 ‚Quotidie
1760 2510 1887 2551 Regales
1907 2513 2002 2552 epulae
2016 2538 2026 2554 ‚
2053 2526 2121 2556 quo-

1231 2553 1304 2584 tidie³
1324 2560 1509 2594 apparatus,
1536 2556 1667 2595 quotidie
1693 2561 1826 2599 nuptiale
1852 2567 2042 2598 convivium:
2073 2567 2119 2597 Et

1235 2603 1315 2634 und?
1335 2601 1507 2646 refrigerari
1528 2604 1689 2638 debuerant
1713 2609 1881 2654 indigentes
1901 2635 1911 2650 ‚
1950 2613 2118 2647 rubentium

1234 2651 1406 2684 tabularum
1424 2663 1557 2687 recreant
1575 2655 1753 2698 gestatores.
1792 2663 1839 2692 Et
1861 2662 1925 2692 carn
1947 2663 2117 2707 Eplscopus

1233 2699 1416 2745 dispensator
1439 2705 1472 2737 (ς’
1492 2712 1640 2746 patronus
1660 2707 1765 2741 debeat
1789 2709 1841 2751 esst
1855 2718 2048 2753 pauperum,
2073 2717 2119 2750 ad

1233 2763 1330 2785 eorum
1352 2753 1484 2796 mensam
1507 2754 1701 2796 affluentibus
1722 2759 1837 2791 deliciis
1859 2762 1950 2793 alieni
1971 2763 2091 2798 ructant
2104 2791 2116 2805 ‚

1232 2803 1297 2835 cnm
1315 2804 1350 2836 <w
1371 2805 1415 2837 illi
1435 2828 1445 2844 ,
1473 2815 1593 2846 quorum
1630 2805 1667 2846 est
1691 2814 1753 2840 tota
1787 2807 1954 2851 substantia
1973 2838 1983 2854 ‚
2016 2817 2118 2856 procul

1233 2852 1342 2894 exclusi
1351 2853 1450 2895 famis
1469 2860 1573 2896 inopia
1596 2857 1814 2901 contabescant.
1842 2864 1924 2894 Inter
1941 2869 2040 2897 omnia
2046 2875 2115 2906 por-

1233 2906 1264 2936 νό
1286 2903 1349 2937 haec
1371 2906 1452 2938 mala
1473 2906 1550 2938 illud
1569 2908 1706 2951 excedit,
1733 2909 2115 2956 &Drabolaampropemo-

1233 2955 1303 2986 dum
1323 2966 1441 2996 aequare
1463 2957 1583 2990 videtur
1605 2963 1771 2999 nequitiam
1796 2985 1807 3000 ‚
1844 2968 1916 3003 quia
1931 2967 2060 3003 praediis
2082 2973 2113 2999 in

1231 3005 1373 3038 militiam
1389 3006 1559 3050 profligatis
1574 3031 1584 3046 ,
1620 3015 1753 3051 omnique
1769 3011 1926 3053 poffefflone
1946 3022 2112 3056 terrarum,

1231 3053 1349 3097 insuper
1369 3063 1460 3090 etiam
1479 3059 1513 3090 &
1535 3061 1664 3091 Decimae
1687 3061 1721 3092 (θ’
1737 3059 1839 3101 plebes
1860 3063 2013 3096 adduntur
2018 3065 2112 3108 saecu-

1229 3105 1343 3139 laribus
1366 3112 1397 3138 in
1419 3105 1605 3148 beneficium.
1636 3110 1717 3151 ,ραι
1735 3109 1868 3151 profedlb
1888 3113 2055 3147 liberalitas
2065 3122 2111 3147 in-

1232 3153 1344 3194 honesta
1378 3158 1411 3189 <5
1434 3158 1633 3200 indigentibus
1656 3161 1769 3194 adimit
1789 3163 1869 3195 unde
1890 3169 2004 3196 vivant
2025 3189 2035 3204 ,
2075 3167 2110 3199 (⁴5

1233 3204 1414 3248 Dioecesanes
1436 3213 1526 3240 etiam
1548 3209 1678 3241 deterret
1695 3219 1727 3243 ut
1754 3213 1891 3244 Decimus
1926 3225 1985 3245 non
2000 3213 2110 3258 persol-

1232 3263 1331 3286 vant.
1358 3257 1505 3290 Eandem
1531 3259 1563 3290 in
1587 3259 1735 3293 Ecclefiae
1750 3262 1868 3294 milites
1888 3264 2108 3305 profusionem

1231 3306 1344 3338 acriter
1366 3306 1501 3340 damnat
1522 3308 1555 3340 in
1569 3307 1683 3356 litteris
1693 3310 1733 3344 ad
1745 3311 1854 3344 nescio
1867 3323 1964 3355 quem
1982 3313 2110 3356 Episco-

1232 3366 1306 3396 pum
1321 3379 1330 3393 ,
1354 3355 1388 3388 ὅς
1409 3358 1535 3401 pergit:
1561 3360 1651 3400 ,Quid
1671 3359 1708 3399 est
1734 3364 1870 3394 Decimus
1884 3361 2109 3405 inusumsaecu·

1230 3406 1338 3436 larIum
1361 3416 1477 3440 vertere
1502 3431 1512 3447 ,
1549 3408 1605 3449 nifi
1632 3410 1816 3450 mortiferum
1835 3418 1875 3443 eis
1897 3416 1980 3443 virus
2003 3436 2013 3451 ,
2052 3425 2108 3454 quo

1217 3438 1350 3523 [pereant
1371 3455 1534 3491 exhibere?
1563 3462 1628 3493 Huc
1648 3461 1759 3493 accedit
1771 3484 1782 3502 ,
1807 3461 2106 3504 quoderPlebesanis
2133 3450 2287 3490 [5⁴31stsp

1978 3511 2061 3553 justa

2210 1191 2255 1217 12:

2142 2443 2203 2500 pist.
2226 2436 2298 2494 1⁸0--¹
