2366 3756
86 460 141 491 Pol.
157 463 218 497 198·

87 726 143 756 Fol.
157 736 221 761 ufir

86 1113 150 1145 1³05.
161 1121 221 1149 203.

97 2414 166 2445 Dist.
195 2425 238 2453 93.

553 141 1090 183 CONCILIUM
1160 129 1808 178 TuorosANUM.

445 266 951 311 Senozron.

320 372 484 408 Imoniam
513 369 578 406 hoc
599 366 715 402 saeculo
729 365 823 402 fuiffe
843 367 957 400 acriter
968 365 1138 409 grassatam

343 425 379 458 in
401 422 510 456 Gallia
521 446 531 461 ,
557 417 728 462 profitetur
750 417 785 450 in
810 415 1008 451 Virdunenfi
1033 413 1136 449 Chro-

258 475 336 508 nico
347 473 452 517 Hugo
465 470 575 505 Abbas
597 467 867 502 Flaviniacenfis:
893 469 1033 499 Simoniae
1050 464 1140 507 pestis

257 530 362 566 iniqua
369 521 529 565 plurimam
535 517 675 562 serpebat
689 523 722 550 in
738 518 842 550 Gallia
853 542 863 558 ‚
889 522 961 559 qula
969 520 1057 557 pauci
1080 516 1139 548 illic

259 581 346 607 erant
356 597 368 613 ,
392 576 444 615 qut
456 581 514 604 non
524 569 612 612 essent
622 575 675 601 aut
686 570 844 600 simoniaci
856 591 866 605 ‚
894 574 946 599 aut
970 568 990 597 ἂ
999 568 1141 598 simonia-

257 629 299 657 cis
325 623 467 655 ordinati
481 645 487 652 .
515 619 610 653 Hinc
633 618 819 661 Hugonem
840 616 972 652 Dienfis
993 615 1139 649 Ecclefiae

256 672 406 707 Electum
429 672 566 705 affirmat
585 667 670 712 apud
693 667 932 712 Lugdunenses
943 666 1038 700 fuiffe
1049 665 1141 698 dum-

255 732 350 756 taxat
366 721 475 764 primae
487 720 646 754 Tonsurae
656 717 824 752 Clericum
837 743 849 759 ‚
875 718 969 761 ,Quod
987 715 1142 755 detestare-

257 781 311 805 tur·
331 773 558 805 simoniacorum
579 770 809 803 ordinationes.
837 767 889 800 Ex
901 779 969 811 quo
992 766 1079 799 lucet
1100 764 1141 798 le-

258 832 349 865 pram
362 820 518 864 Lugduni
530 820 630 854 etiam
641 819 735 853 fuisse
754 819 943 862 grassatam.
970 817 1024 850 De
1048 815 1139 850 Flan-

258 870 328 905 dria
341 871 419 904 item
432 869 539 905 nostra
566 869 715 904 laudatus
728 868 905 911 Episcopus
930 878 968 901 ac
981 866 1141 900 Romana»,

257 919 410 954 Ecclesiae
419 920 454 953 in
469 919 577 956 Gallia
591 919 734 963 Legatus
747 918 854 962 Hugo
867 918 885 951 ὲ
898 918 951 951 sua
962 879 1155 951 Pistavien·!

258 971 283 1004 fi
296 970 435 1013 Synodo
462 970 573 1003 retulit
596 970 636 1003 ad
649 968 848 1011 Gregorium
860 968 1055 1012 septimum:
1084 965 1140 998 Ab·

256 1020 314 1054 bas
327 1019 478 1064 Bergenfis
491 1018 623 1061 Ecclefiae
636 1020 675 1052 de
690 1021 718 1050 F
719 1020 841 1051 londria
852 1020 1033 1051 simoniacus
1052 1016 1141 1059 fuisse

258 1070 458 1111 comprobatus
471 1069 510 1110 est
520 1093 531 1109 ‚
556 1081 590 1102 ac
605 1068 750 1110 depofitus
761 1093 769 1102 .
799 1068 914 1103 Exstat
927 1068 1041 1101 relatio
1053 1064 1139 1109 apud

259 1120 384 1155 dietum
396 1121 580 1166 Hugonem
591 1120 873 1155 Flaviniacensem
887 1144 894 1151 .
921 1117 1059 1153 Nullam
1074 1115 1139 1151 hoc

491 1327 1404 1415 CANON

1962 151 1978 180 1
1995 152 2016 192 3

1207 214 1320 249 saeculo
1334 215 1368 248 in
1384 215 1495 250 Gallia
1508 216 1623 250 fastam
1633 218 1769 259 reperias
1791 216 1985 259 synodum,
2013 230 2084 261 quae

1207 265 1413 300 Simoniacos
1440 278 1509 300 non
1535 266 1719 310 degradarit
1746 293 1752 299 .
1791 269 1834 302 Et
1867 268 1950 302 inter
1976 269 2084 301 Sancti

1207 315 1425 350 Adelberonis
1435 316 1589 351 Mete-nfis
1603 316 1757 359 Episcopi
1781 318 1937 358 palmares
1952 317 2060 351 laudes
2074 341 2086 357 ‚

1205 363 1293 408 quod
1316 366 1349 397 in
1373 363 1488 397 dandis
1506 366 1650 399 Ecclesiae
1661 366 1843 401 Ordinibus
1866 365 1951 400 nihil
1973 378 2086 411 exege-

1204 415 1269 454 rit,
1296 413 1430 447 adducit
1452 415 1520 456 ejus
1539 415 1624 456 apud
1647 416 1839 459 Philippum
1868 416 1982 450 Labbe
2002 417 2087 452 anti-

1206 474 1269 506 qua
1281 464 1362 499 vita.
1392 464 1514 497 Omnis
1526 464 1595 497 illic
1607 476 1681 496 caro
1694 466 1777 498 adeo
1788 477 1974 510 corruperat
1995 468 2089 503 suam

1207 515 1294 547 viam
1320 539 1326 546 .
1355 512 1503 547 Eandem
1525 514 1770 555 corruptionem
1799 514 1932 551 damnat
1957 517 1990 551 &
2013 528 2089 559 prae-

1208 565 1277 597 sens
1311 564 1455 603 Canon,
1482 564 1641 598 mandans
1669 563 1876 597 ordinantem
1903 565 2086 609 degradari,

1204 613 1394 648 ordinatum
1405 614 1471 647 fine
1481 613 1694 657 reparationis
1708 616 1761 658 spe
1773 612 1867 657 dejici
1891 615 1930 648 ad
1945 615 2063 651 Laicos
2074 640 2087 656 ‚

1205 676 1243 697 ac
1266 665 1379 698 datum
1401 664 1457 706 ipsi
1482 664 1635 698 ordinem
1656 665 1718 698 effe
1740 665 1867 699 irritum
1892 663 2084 701 &nullum.
2128 670 2131 672 “

1207 713 1336 753 Verba,
1364 715 1492 747 Nullum
1511 714 1621 748 habeat
1635 714 1797 756 stadum,
1823 715 1858 749 &
1878 713 1919 748 ad
1944 714 2087 749 substan-

1205 765 1257 798 tiae
1279 764 1313 798 ὅ(
1325 764 1365 798 ad
1379 764 1690 799 soliusexecutionis
1700 766 1898 799 vacuitatem
1907 765 2088 809 significan-

1204 813 1279 847 dam
1298 815 1373 848 sunt
1395 815 1549 860 ambigua
1575 815 1845 853 &ambidextra;
1873 815 2004 858 Nempe
2027 816 2087 850 fer-

1205 864 1301 899 vebat
1313 875 1391 898 tunc
1402 866 1461 900 ista
1472 867 1621 909 quaestio,
1634 864 1774 909 ideoque
1787 867 1926 899 Decreta
1940 866 1995 899 sua
2008 875 2087 911 tunc

1206 914 1314 958 paffim
1329 915 1456 958 Synodi
1471 917 1513 950 ita
1526 915 1697 956 librabant,
1710 927 1745 950 ut
1758 917 1863 951 neutri
1875 916 2088 959 quaerentium

1204 966 1288 1008 parti
1314 966 1571 1008 praejudicarent.
1602 967 1685 1011 Agit
1708 967 1742 1000 in
1771 968 1872 1001 solam
1888 967 2025 1010 primam
2052 967 2088 1000 ὅτ.

1205 1015 1378 1049 secundam
1402 1018 1556 1051 Simoniae
1577 1017 1715 1061 speciem
1741 1030 1748 1050 :
1786 1018 1920 1055 Fastam
1944 1016 2045 1053 tertiae
2069 1018 2088 1052 a

1205 1066 1321 1103 Leone
1331 1076 1424 1102 nono
1437 1068 1576 1112 gratiam
1601 1079 1670 1103 non
1683 1067 1787 1105 laedit.

1649 1331 1859 1411 II.

259 1493 427 1613 ITem
462 1492 631 1555 placuit
669 1489 952 1544 confirmare,
988 1490 1099 1535 ficut
1135 1488 1345 1552 scriptum
1382 1487 1445 1533 est
1455 1522 1470 1546 ‚
1507 1502 1557 1534 ut
1591 1488 1834 1555 Episcopus
1860 1524 1873 1548 ‚
1910 1507 1959 1539 ut
1994 1495 2090 1542 Ab„

346 1559 424 1607 bas
467 1556 704 1624 Presbyter
752 1572 853 1604 ante
889 1557 1072 1617 triginta
1107 1573 1241 1605 annos
1276 1592 1290 1616 ‚
1339 1557 1571 1604 Diaconus
1620 1556 1725 1607 vero
1776 1574 1880 1608 ante
1930 1563 2091 1625 viginti

259 1632 459 1698 quinque
495 1645 583 1676 non
618 1626 842 1675 ordinetur
878 1662 892 1686 ‚
926 1626 1005 1674 nifi
1040 1642 1116 1675 aut
1154 1625 1294 1675 studio
1330 1624 1567 1676 sanffltatis
1602 1664 1614 1688 ‚
1650 1643 1726 1677 aut
1762 1627 1985 1698 sapientiae
2020 1652 2090 1683 or-

258 1702 353 1749 nati
388 1736 400 1759 ‚
436 1695 713 1766 providentia
750 1695 957 1764 Episcopi
994 1697 1116 1746 fimul
1153 1702 1196 1746 δε
1232 1698 1351 1746 Cleri
1386 1714 1729 1765 promoveantur
1764 1735 1778 1747 .

259 1768 481 1818 ordinatio
515 1787 571 1817 ne
607 1766 683 1815 fiat
715 1804 727 1827 ‚
768 1767 846 1815 nisi
882 1768 1154 1835 temporibus

261 1854 330 1890 ter
363 1838 545 1908 quidem
581 1840 703 1887 irrita
737 1836 814 1886 fiat
849 1836 1106 1894 ordinatio,

457 1968 949 2016 SCHOLION.

355 2118 471 2154 Bbates
482 2119 565 2154 olim
592 2119 626 2153 δε
641 2118 725 2162 apud
742 2118 870 2153 Graecos
894 2120 927 2154 &
946 2118 1032 2163 apud
1053 2119 1143 2153 Lati-

379 2181 439 2203 nos
455 2169 593 2214 potuisse
603 2170 666 2203 effe
679 2194 690 2209 ,
716 2180 753 2203 ac
765 2171 874 2212 passim
887 2170 979 2203 fuiss‘e
999 2171 1117 2202 Laicos
1131 2192 1142 2206 ‚

260 2220 374 2251 notius
398 2219 443 2251 est
464 2230 561 2261 quarn
593 2230 630 2250 ut
651 2218 888 2250 demonstretur
907 2241 915 2248 .
954 2216 1029 2249 Nec
1054 2215 1142 2248 solus

262 2265 436 2308 Presbyter
460 2290 471 2305 ,
509 2265 562 2299 sed
599 2266 633 2299 &
666 2262 862 2297 Monaster'ii
896 2265 1067 2297 Diaconus
1102 2275 1140 2296 ac

261 2315 368 2358 quivis
381 2315 528 2348 Clericus
539 2311 678 2345 habebat
691 2311 812 2356 ubique
832 2312 946 2346 locum
972 2322 1048 2346 ante
1071 2310 1141 2346 Ab·

259 2364 367 2398 batem
380 2387 387 2395 .
416 2362 515 2405 Apud
531 2362 724 2402 Gratianum
738 2362 840 2396 exstat
864 2361 929 2396 hoc
941 2363 1138 2396 Decretum:

257 2413 383 2455 ostiario
409 2412 508 2445 Abbas
534 2418 567 2445 in
588 2417 666 2444 omni
695 2413 754 2444 Ioco
772 2411 962 2455 repraefhntet
973 2410 1139 2454 obsequium

95 2464 156 2492 εειΡ·
179 2465 203 2492 5·
254 2462 342 2508 suum
355 2486 365 2502 ‚
384 2462 448 2504 five
462 2461 614 2503 inpubltco
625 2487 635 2502 ‚
656 2459 762 2502 sivein
772 2469 886 2504 gremio
906 2461 1039 2504 Ecclefiae
1051 2488 1059 2494 .
1086 2462 1139 2495 In·

98 2911 181 2956 Epist·
199 2922 244 2950 43.

259 2512 447 2548 commodis
458 2522 526 2546 erat
553 2510 618 2545 hoc
633 2512 818 2545 obnoxium
832 2538 843 2553 ,
869 2512 1008 2555 ideoque
1030 2511 1137 2546 statim

1838 1705 1896 1750 Et
1932 1703 2090 1754 eadem

1190 1766 1428 1821 secundum
1467 1774 1671 1822 Canones
1705 1769 1877 1821 statutis
1912 1808 1926 1819 .
1991 1777 2090 1825 Ali-

1207 1967 1385 2007 charactere
1411 1973 1445 2007 ὃ(
1467 1972 1582 2009 officio
1609 1975 1684 2008 suos
1695 1972 1883 2010 Monachos
1893 1976 2021 2018 poffent
2038 1978 2089 2012 in-

1206 2020 1346 2064 signire.
1376 2023 1420 2056 Et
1458 2022 1538 2057 hinc
1574 2025 1615 2059 ad
1649 2026 1822 2060 Canonem
1851 2026 1950 2061 istum
1976 2028 2085 2064 scribit

1204 2070 1404 2106 Theodorus
1417 2072 1590 2109 Balsamon
1604 2087 1611 2107 ι
1642 2076 1818 2109 Dubitatum
1834 2075 1872 2116 est
1884 2099 1895 2114 ‚
1921 2079 1968 2110 An
1979 2081 2083 2112 Momr

1203 2119 1321 2154 cborum
1333 2123 1474 2164 Praefet‘li
1480 2124 1560 2164 fiant
1572 2149 1582 2164 ‚
1609 2125 1762 2169 quisae-ris
1774 2138 1831 2159 non
1851 2125 1923 2169 fient
1943 2131 2082 2164 initiati?

1204 2170 1265 2201 Seu
1279 2182 1321 2202 an
1332 2173 1406 2211 quis
1417 2184 1485 2203 non
1500 2173 1671 2214 Presbyter
1698 2177 1801 2217 posset
1822 2177 1976 2220 deinceps
1987 2178 2083 2214 bene-

1203 2215 1269 2249 dici
1306 2217 1341 2250 in
1380 2218 1546 2253 Abbatem
1573 2221 1590 2251 ,ἓ
1617 2221 1659 2254 Et
1695 2224 1829 2266 quidam
1868 2228 2080 2262 censuerunt:

1202 2266 1295 2306 ,Quod
1302 2275 1367 2297 cum
1378 2269 1486 2299 Canon
1507 2269 1644 2300 decernat
1662 2269 1714 2302 boc
1732 2271 2081 2312 donandiLestoratus

1194 2315 1249 2353 jus
1289 2312 1396 2348 habere
1434 2317 1674 2356 Monasteriorum
1718 2320 1879 2360 Praefec‘los
1918 2347 1929 2363 ,
1963 2333 2015 2367 qui
2040 2328 2079 2361 ab

1202 2362 1348 2406 Episcopo
1358 2364 1568 2401 characterem
1580 2375 1743 2410 acceperint
1755 2394 1766 2410 ,
1776 2373 1946 2407 sacerdotes
1953 2374 2077 2418 stilicet,

1200 2421 1327 2455 apparet
1346 2414 1555 2451 characterem
1568 2419 1763 2460 Praefec‘lurae
1772 2432 1829 2454 non
1836 2421 1978 2465 suscipere
1996 2434 2075 2468 prae-

1193 2463 1280 2505 fatos
1292 2487 1304 2502 ‚
1329 2464 1443 2506 mfifint
1457 2468 1626 2502 Sacerdotes
1639 2494 1647 2501 .
1676 2469 1881 2506 Censuerunt
1905 2473 2076 2520 Presbyte-

1199 2515 1297 2548 ralem
1319 2515 1503 2557 Ordinem,
1534 2530 1601 2553 non
1627 2519 1668 2553 ad
1686 2520 1830 2555 dandum
1843 2523 2073 2568 Leaoratum,

261 2563 301 2598 ad
313 2563 418 2606 quarti
434 2562 538 2596 saeculi
548 2561 720 2596 exordium
733 2572 900 2605 coeperunt
912 2561 1059 2596 Abbates
1073 2563 1138 2605 pas-
1198 2564 1250 2598 sed
1274 2562 1314 2610 3d
1326 2565 1560 2608 suscipiendam
1582 2567 1790 2605 Abbatialem
1815 2572 2073 2612 benedictionem

260 2615 318 2647 [ιη]
340 2612 523 2656 promoveri
558 2612 592 2646 in
620 2610 830 2654 Presbyteros
869 2623 925 2646 aut
946 2612 1138 2653 Diaconos,

1195 2614 1313 2658 requiri
1326 2615 1345 2649 a
1358 2614 1521 2664 Canone,
1546 2618 1686 2664 ideoque
1707 2622 1835 2656 nullum
1856 2626 1915 2658 nist
1940 2626 2074 2670 Presby-

262 2662 330 2697 imd
355 2664 501 2706 &plures
513 2662 586 2696 suos
597 2659 785 2696 Monachos
807 2661 895 2697 hisce
914 2662 1068 2707 gradibus
1091 2674 1142 2697 or·
1196 2673 1300 2698 terum
1320 2665 1472 2710 deinceps
1505 2669 1591 2711 poffe
1612 2669 1763 2705 benedici
1787 2698 1793 2704 .
1833 2673 1958 2710 Verum
1985 2676 2072 2712 hanc

262 2725 338 2747 nare
364 2738 370 2744 .
408 2712 540 2747 Etenim
564 2712 622 2746 sub
645 2713 752 2746 Sane'ii
775 2712 896 2755 Cyrilli
918 2712 1136 2747 Alexandrini

1183 2711 1391 2777 'sententiam
1415 2717 1476 2750 effe
1498 2719 1516 2750 ὲ
1539 2719 1686 2753 Canonis
1717 2723 1818 2764 scopo
1843 2725 1970 2765 penitus
1995 2728 2072 2762 alie-

262 2762 482 2797 Patriatchatu
496 2774 611 2797 omnes
626 2762 726 2796 ferme
737 2762 1044 2807 AEgypriAbbates
1066 2763 1139 2796 fuis·
1183 2775 1294 2806 mam,
1320 2765 1353 2799 &
1377 2766 1636 2810 Presbyteratum
1658 2780 1728 2803 non
1750 2782 1880 2815 propter
1902 2776 2073 2820 suscipien-

262 2814 295 2847 se
308 2812 514 2856 Presbyteros
525 2822 580 2847 aut
593 2812 765 2846 Diaconos
777 2837 787 2854 ,
813 2811 909 2847 docet
920 2813 988 2856 ejus
998 2813 1038 2847 ad
1051 2813 1138 2857 ipsos

263 2863 304 2897 de
327 2862 486 2905 Symbolo
519 2862 668 2906 Epistola
691 2887 702 2903 ,
737 2863 867 2897 exstans
888 2864 922 2896 in
946 2863 1138 2906 Appendice

263 2912 412 2947 Concilii
431 2911 604 2957 Ephefini.
632 2913 743 2946 Etiam
764 2913 850 2947 sicin
863 2914 956 2955 Syria
982 2913 1016 2947 ὅ(
1029 2914 1135 2957 Regia

263 2964 408 2996 Civitate
417 2962 525 3003 fuisse,
551 2960 651 2997 habes
664 2963 697 2996 in
709 2974 820 3005 quarta
847 2964 975 2997 actione
997 2961 1134 2998 Chalce-

263 3012 411 3046 donenfis
421 3011 544 3055 Synodi
558 3037 568 3052 ,
594 3012 627 3045 in
643 3013 1014 3057 Constantinopolitana
1025 3014 1132 3047 Sancti

263 3062 412 3096 Flaviani
434 3061 579 3096 adversus
601 3062 819 3104 Eutychetem
841 3062 979 3106 synodo
997 3088 1008 3105 ‚
1034 3076 1071 3098 ac
1095 3075 1135 3098 ex

263 3112 421 3157 trigesima
445 3122 553 3154 quarta
574 3111 721 3155 Epistola
742 3113 848 3147 Sanffi
863 3114 1004 3148 Leonis.
1035 3113 1136 3148 Etin-

263 3172 311 3197 ter
327 3160 536 3200 Monachos‚
564 3163 620 3204 qui
642 3174 701 3205 pro
722 3163 779 3196 suo
791 3163 922 3198 Abbate
947 3163 1136 3207 Eutychete

263 3211 480 3255 supplicarunt
494 3208 655 3253 Ephefino
666 3213 858 3247 Latrocinio
871 3236 881 3252 ‚
907 3215 1039 3248 fuerunt
1050 3225 1134 3248 unus

262 3261 454 3304 Presbyter,
479 3260 591 3294 decem
605 3262 768 3303 Diaconi‚
799 3275 836 3297 ac
849 3274 912 3298 tres
925 3262 1132 3299 Subdiaconi.

264 3310 433 3345 Abbatum
459 3311 653 3354 dignitatem
679 3312 849 3357 insigniter
886 3314 976 3348 auxit
1001 3314 1133 3356 septima

264 3359 415 3404 synodus
450 3373 459 3392 t.
496 3358 678 3395 Abbatibus
714 3362 912 3406 Presbyteris
947 3364 1100 3398 conceffit
1124 3389 1135 3405 ,

264 3422 300 3446 ut
348 3410 491 3444 Lenoris
539 3410 622 3445 intra
668 3410 905 3449 Monasterium
951 3414 1134 3449 exercendo

362 3460 469 3501 christ.
484 3464 563 3505 Lupi
573 3465 658 3505 oper.
672 3463 748 3495 Tom.
759 3465 792 3496 V.

1182 2815 1270 2853 {dam
1294 2814 1500 2851 Praelaturam
1514 2842 1524 2857 ‚
1554 2819 1606 2852 sed
1618 2819 1791 2855 dumtaxat
1813 2833 1944 2867 propter
1964 2827 2072 2871 impri-

1181 2861 1348 2919 Jmendum
1373 2867 1516 2901 Lestoris
1535 2867 1696 2904 Ordinem
1725 2873 1843 2916 requiri
1868 2898 1879 2914 ‚
1917 2877 1999 2910 reste
2019 2878 2072 2913 de-

1196 2916 1354 2950 monstrat
1375 2917 1549 2952 Balsamon
1564 2943 1576 2959 ,
1602 2921 1758 2962 additque
1779 2923 1878 2957 etiam
1892 2926 1978 2959 mere
1997 2928 2072 2962 Lai-

1181 2962 1269 3000 'cum
1295 2967 1383 3010 poffe
1408 2966 1505 3002 evehi
1531 2970 1566 3002 in
1585 2968 1750 3005 Abbatem
1776 2972 1809 3007 ὃς
1840 2973 2003 3010 benedici.
2032 2978 2071 3011 In

1194 3017 1275 3050 sexti
1314 3015 1577 3065 Carthaginensis
1622 3019 1773 3056 Canonis
1819 3023 2069 3061 Commentario

1193 3066 1306 3100 eadem
1327 3068 1442 3110 repetit
1465 3093 1477 3108 ,
1501 3077 1599 3112 atque
1619 3069 1770 3116 adjungit
1791 3086 1802 3105 .·
1843 3076 1995 3113 synodalis
2020 3080 2070 3112 de-

1193 3117 1312 3149 claratio
1326 3117 1418 3159 sabla
1440 3117 1477 3157 est
1488 3131 1525 3151 ex
1538 3118 1749 3162 ficpplicattone
1770 3124 1875 3157 Patris
1889 3127 2068 3161 venerabilis

1196 3166 1362 3207 monasterti
1382 3171 1577 3211 Evergettdts
1599 3194 1611 3210 ,
1652 3174 1733 3213 quod
1753 3180 1893 3214 quoniam
1915 3179 2068 3211 statutum

1195 3216 1362 3256 Monaesterii
1382 3219 1509 3251 decernit
1537 3221 1602 3260 ejus
1642 3222 1824 3264 Praefec‘lum
1861 3227 2068 3261 Monachorum

1195 3264 1415 3308 supputationes
1450 3270 1622 3303 auditurum
1653 3296 1664 3311 ‚
1705 3273 1832 3313 Profano
1873 3285 1972 3310 autem
2010 3289 2066 3311 non

1192 3321 1378 3356 permittitur
1393 3315 1620 3360 supputationes
1640 3320 1786 3364 suscipere
1809 3346 1819 3362 ‚
1847 3327 1999 3368 necessarto
2021 3328 2068 3368 ft-

1195 3371 1297 3408 quitur
1310 3367 1490 3408 Praefec‘tum
1498 3369 1548 3412 effe
1562 3372 1745 3407 Sacerdotem
1756 3397 1764 3405 .
1794 3373 1933 3409 Laudari
1947 3376 2067 3409 Mona-

1197 3415 1281 3450 sterii
1289 3417 1452 3453 statutum
1462 3419 1636 3458 mandabat
1646 3420 1808 3459 Abbatem
1818 3425 1986 3460 audiendis
1997 3425 2068 3470 ssiog

1673 3473 1702 3507 B
1946 3483 2017 3508 rum
