2366 3756
351 130 448 177 340

274 201 316 234 {is
329 199 543 245 .Respondeo
556 197 677 231 dieiam
688 196 861 238 Synodum
879 195 975 241 longe
986 197 1078 232 aliter
1090 207 1164 230 cen·

274 251 367 285 fuisse
390 248 550 293 &egiffe.
580 250 627 280 De
646 246 789 280 Rotbala't
816 248 1008 281 damnatione
1022 270 1032 286 ‚
1057 247 1165 290 inquit

274 302 310 336 in
339 303 396 335 suo
421 300 461 332 ad
483 299 586 342 ipsam
609 297 783 342 Rescripto
810 298 960 332 laudatus
983 297 1166 338 Pontifex,

275 350 439 393 Apostolicae
463 349 533 382 sedi·
546 351 619 390 jure
646 347 757 391 referre
773 347 927 388 studentes
948 373 960 390 ,
995 347 1112 391 petistis
1134 355 1167 381 ut

274 400 370 441 nostra
391 405 480 432 etiam
495 400 672 434 audloritate
687 407 758 431 rata
780 398 832 444 effe
848 399 1048 442 probarentur
1062 423 1072 438 ‚
1098 409 1166 440 quae

275 453 313 485 de
333 461 363 483 eo
387 451 471 492 apud
490 461 543 483 vos
579 455 612 483 in
639 451 769 483 Concilio
793 450 860 483 ac‘la
884 450 936 493 effe
957 448 1146 491 perhibuistis
1159 475 1166 483 ,

277 499 443 535 Rothaldi
466 499 716 535 damnationem
736 511 804 534 non
824 500 864 534 ab
879 501 937 534 illo
960 499 1162 543 appellante,

274 550 331 584 sed
352 551 469 595 abipsa
495 551 608 585 statim
623 550 762 595 Synodo
786 550 897 585 laudat
907 550 1000 586 fuisse
1011 550 1163 584 relatam.

274 601 330 634 De
341 601 518 647 majoribus
529 603 629 637 caufis
640 601 814 635 referendis
824 601 970 636 notanda
982 601 1057 634 sunt
1069 599 1163 634 verba

274 652 465 687 innocentii
478 651 575 695 primi
588 665 598 685 :
617 651 684 692 Post
694 649 1022 696 Episcopalejtcdicium
1033 650 1164 692 referan-

273 711 322 734 rur
337 727 344 734 .
373 703 496 736 Talem
527 702 768 746 Episcopalium
791 703 1065 748 degradationum
1083 701 1164 735 rela-

270 752 401 786 tionem
417 753 540 796 semper
553 752 681 787 admisit
694 753 865 787 Gallicana
879 752 1023 787 Ecclesia
1033 777 1044 792 ,
1058 761 1164 796 neque

273 802 316 835 de
340 802 406 845 ipsa
428 801 578 837 adversus
603 803 835 847 Apostolicam
861 803 978 838 Sedem
1004 812 1163 846 umquam

274 852 467 896 disceptavit
489 879 496 886 .
525 854 728 898 Disceptavit
749 853 791 888 de
825 855 892 888 sola
914 851 1065 888 facienda
1087 862 1164 887 ante

273 901 639 947 Episcopalejudicium
655 929 662 937 .
689 904 722 938 A
734 904 947 948 supposititiis
958 928 970 946 ‚
996 915 1052 948 per
1065 902 1164 938 Ifido-

271 964 347 986 rum
369 953 588 988 Mercatorem
609 954 793 998 deportatis
816 955 851 989 in
875 952 1021 990 Galliam
1041 979 1053 996 ‚
1078 954 1163 988 anti-

269 1014 415 1045 quorum
437 1004 642 1039 Pontificum
666 1005 896 1040 Decretalibus
919 1004 1077 1049 Epistolis
1095 1014 1161 1049 per-

270 1053 379 1087 suasus
393 1053 555 1089 Nicolaus
582 1055 704 1099 primus
715 1055 844 1090 nullum
866 1057 931 1090 fine
951 1055 1065 1100 praevia
1077 1054 1117 1089 ad
1130 1055 1161 1088 se

267 1103 429 1137 relatione
460 1103 495 1138 &
518 1106 633 1148 praevia
658 1107 713 1142 sua
748 1106 842 1141 venia
866 1105 971 1140 voluit
993 1104 1160 1148 degradari

267 1153 358 1195 posse
372 1153 572 1198 Episcopum
583 1178 594 1194 ,
622 1156 765 1199 ideoque
780 1155 942 1191 Rothaldi
956 1179 967 1196 ‚
993 1155 1075 1189 licet
1090 1166 1158 1188 non

266 1204 462 1246 appellasset
474 1228 485 1244 ‚
506 1204 754 1241 damnationem
767 1207 829 1240 effe
840 1206 964 1239 irritam
978 1205 1013 1237 &
1025 1203 1159 1237 nullam.

265 1252 467 1289 Constanter
490 1254 525 1288 iel
544 1266 619 1289 cum
641 1255 726 1289 dista
740 1255 880 1297 Synodo
908 1252 1044 1298 negavit
1055 1254 1160 1288 Hinc-

265 1313 376 1336 marus
387 1328 398 1344 ‚
425 1304 603 1337 asseverans
616 1313 707 1337 tanta
721 1314 868 1346 paratura
880 1302 923 1338 ad
938 1303 1024 1338 solos
1035 1303 1159 1338 Metro·

265 1353 386 1395 politas
400 1378 410 1393 ,
439 1363 646 1397 nequaquam
658 1353 698 1388 ad
710 1353 939 1388 provinciales
952 1353 1136 1398 Episcopos
1148 1379 1158 1396 ,

264 1402 329 1436 suis
343 1402 487 1446 synodis
500 1403 668 1446 permissos
682 1404 700 1438 a
715 1404 834 1446 quinto
846 1405 987 1439 Nicaeno
995 1403 1136 1441 Canone
1148 1429 1159 1445 ‚

264 1452 473 1489 damnandos
484 1455 547 1489 effe
567 1465 670 1498 opus.
699 1455 812 1490 Firmo
835 1455 1056 1491 fundamento
1076 1455 1157 1490 nite·

265 1501 384 1543 batur,
410 1506 539 1539 causam
562 1515 672 1541 tamen
695 1504 845 1540 obtinuit
870 1506 1026 1540 Romana
1044 1506 1157 1540 Eccle-

263 1553 306 1587 fia
331 1579 345 1596 ,
378 1564 477 1597 atque
505 1555 550 1588 ita
577 1566 619 1588 ex
647 1554 708 1588 illo
735 1564 884 1598 tempore
913 1555 1025 1588 nullus
1046 1555 1156 1588 etiam

263 1602 485 1638 Provincialis
510 1605 693 1648 Episcopus
703 1603 770 1638 sine
791 1604 907 1648 praevia
930 1604 1089 1639 relatione
1101 1615 1157 1648 po—

262 1653 325 1686 test
337 1652 526 1698 degradari.
554 1654 658 1700 Qud
670 1664 781 1687 autem
797 1654 1062 1687 provincialium
1079 1651 1157 1697 Epi-

263 1705 444 1745 scoporum
469 1702 643 1737 damnatio
668 1703 739 1745 post
767 1703 960 1746 Episcopale
995 1701 1158 1744 judicium

263 1753 363 1786 fuerit
386 1754 509 1796 semper
537 1752 636 1787 relata
651 1777 662 1793 ‚
689 1752 778 1786 lucet
791 1763 832 1787 ex
845 1752 968 1797 Vigilii
981 1751 1159 1787 Pontificis

263 1801 305 1837 ad
329 1802 530 1838 Eutherium
544 1804 744 1846 Episcopum
758 1802 930 1847 Rescripto
945 1816 956 1837 .-
985 1802 1035 1836 Ad
1052 1805 1157 1835 Roma·

260 1865 335 1886 atam
347 1852 506 1895 Ecclesiam
524 1851 645 1896 summa
658 1851 870 1896 Epist-oporam
892 1856 1008 1896 negotia
1021 1876 1032 1893 ,
1061 1854 1096 1885 er
1106 1854 1157 1892 ju-

261 1905 364 1943 dicia,
392 1912 482 1946 atque
523 1904 648 1945 querela·
676 1926 687 1943 ,
712 1901 798 1945 quasi
824 1904 870 1936 ad
898 1910 987 1944 caput
1010 1926 1022 1942 ‚
1042 1899 1159 1943 semper

262 1953 423 1996 referenda
441 1951 536 1997 sunt.
564 1953 713 1998 Ipsorum
750 1953 986 1996 degradatione
1028 1949 1156 1983 nullum

262 2004 306 2038 est
322 2004 425 2047 majus
443 2004 619 2046 negotium
632 2012 687 2035 aut
700 2001 859 2044 judicium
873 2025 880 2031 .
908 2000 978 2033 Hic
989 1998 1079 2034 enim
1100 2010 1157 2031 non

263 2065 329 2086 tam
350 2055 386 2086 de
401 2053 541 2085 humanis
554 2051 730 2091 Constituti]
743 2075 754 2090 ,
781 2053 872 2093 quanm
895 2050 932 2082 de
951 2052 1077 2083 Divinae
1090 2058 1157 2088 quo-

263 2103 420 2136 dammodo
451 2100 674 2134 Beneaifflonis
698 2099 900 2140 refragatione
926 2095 1053 2129 trablari
1077 2120 1088 2136 ,
1116 2094 1157 2130 ad

263 2154 422 2187 Natalem
449 2149 681 2183 Salonitanum
719 2147 919 2190 Episcopum
941 2170 953 2187 ‚
979 2145 1157 2180 Dalmatia:

263 2199 518 2244 Metropolitam
534 2221 545 2238 ‚
573 2197 656 2232 recte
669 2197 790 2240 scripsit
804 2196 952 2240 Magnus
966 2195 1155 2241 Gregorius.

264 2253 309 2287 Et
335 2247 578 2286 Contumeliosi
602 2247 747 2291 Rejensis
770 2246 922 2290 Episcopi
950 2246 1158 2290 degradatio·

264 2315 342 2338 nem
372 2301 494 2346 Joanni
522 2297 667 2332 secundo
693 2297 804 2331 retulit
832 2297 966 2330 Sandius
1000 2294 1157 2329 Caesarius

267 2350 467 2388 Arelatensis
483 2348 660 2392 Episcopus
673 2371 684 2387 ,
710 2345 910 2390 Apostolicae
921 2344 1013 2381 Sedis
1032 2346 1068 2380 in
1081 2345 1158 2380 Gal·

267 2406 313 2439 lia
326 2401 480 2436 Vicarius
496 2402 638 2435 .Omnes
652 2399 732 2431 irem
745 2398 762 2431 it
776 2397 807 2431 se
819 2396 1014 2441 degradatos
1027 2396 1158 2439 Episco-

267 2465 329 2499 pus
356 2452 444 2496 Julio
457 2451 564 2494 primo
584 2448 696 2483 retulit
709 2447 864 2490 Synodus
875 2446 1066 2482 sardicensis
1079 2471 1086 2478 .
1115 2447 1158 2481 Et

263 2501 311 2539 'de
336 2500 551 2547 quarumdam
568 2499 735 2533 causarum
747 2497 863 2531 omissa
885 2497 1044 2532 relatione
1058 2496 1158 2531 redar.⁴

270 2564 370 2600 gntus
390 2552 524 2586 Sanctus
538 2549 723 2593 Cyprianus
735 2539 1160 2592 Carthaginenfis‘Episco·

271 2615 331 2648 pus
351 2625 363 2642 ‚
389 2601 556 2636 Africanae
582 2599 772 2634 Dioeceseos
799 2597 925 2631 Primas
951 2622 962 2638 ,
991 2597 1159 2640 respondit

271 2655 394 2689 Sancto
418 2650 582 2686 Cornelio
606 2663 617 2683 .-
660 2651 706 2681 De
729 2647 780 2681 hoc
804 2647 859 2681 tibi
880 2659 938 2681 non
956 2645 1159 2691 scripseram,

274 2704 394 2746 quaudo
414 2701 476 2735 haec
498 2705 599 2734 omnia
619 2708 845 2733 contemnantur
858 2699 878 2731 ἃ
899 2697 980 2731 nobis
992 2722 1003 2738 ,
1030 2697 1158 2741 &mise-

255 2770 263 2776 -
275 2761 335 2787 rim
352 2752 411 2786 ‘riht'
419 2751 557 2794 proxime
578 2756 699 2783 nomina
712 2747 925 2792 Episcoporum
947 2747 1008 2789 istic
1024 2748 1158 2789 constitu-

278 2813 392 2842 torum,
419 2807 469 2843 qm·
483 2807 590 2844 integri
614 2797 769 2842 &suntin
780 2798 908 2840 Ecclesia
919 2797 1073 2832 catholica
1089 2798 1159 2840 fira-

277 2852 375 2887 tribus
384 2848 539 2893 praesunt·.
567 2851 658 2891 ‚Quod
670 2854 769 2891 utique
791 2850 855 2882 idco
867 2849 904 2882 de
913 2855 1044 2881 omnium
1055 2848 1156 2889 nostro·

279 2915 347 2936 rum
369 2898 474 2941 consilio
490 2900 607 2941 placuit
623 2899 755 2942 scrihere
766 2921 777 2936 ,
800 2907 835 2931 ut
848 2904 953 2931 erroris
969 2900 1107 2932 diluendi
1126 2909 1160 2933 ac

277 2951 478 2995 percipiendae
492 2953 633 2983 veritatis
642 2949 843 2989 compendium
849 2947 937 2990 fieret
946 2972 956 2988 ‚
985 2947 1114 2991 &scires
1125 2958 1157 2982 tu

281 3004 315 3036 (θ’
327 3002 451 3045 Collegae
463 2998 549 3040 nostri
559 3023 570 3039 ,
594 2998 701 3041 quibus
709 2997 833 3041 scribere
844 3023 855 3040 ‚
887 2999 1049 3032 &litteras
1062 3002 1160 3032 mutuo

108 3079 195 3121 2121st
281 3050 1162 3143 ststs‘ms

286 3154 374 3186 vobis
382 3152 505 3184 auderet
516 3173 527 3190 ,
548 3146 665 3191 sciretis
678 3161 745 3183 eum
758 3144 958 3192 velsacrt'ficio
971 3174 981 3188 ‚
1008 3151 1062 3184 vel
1068 3150 1161 3183 libello

288 3203 489 3241 maculatum,
515 3200 568 3232 vel
587 3209 678 3232 unum
703 3201 739 3231 de
761 3204 918 3233 Haereticis
934 3198 1108 3243 perversum
1131 3202 1163 3233 (st

286 3250 447 3296 profanum
469 3276 475 3283 .
504 3249 671 3296 roirca
692 3249 926 3294 cujuscumque
947 3250 1101 3294 Episcopi
1125 3252 1162 3284 de

290 3303 353 3336 isso
365 3301 520 3345 catalogo
532 3310 585 3343 per
595 3298 862 3344 degradationem
885 3300 965 3335 rasio
975 3311 1040 3334 erat
1054 3301 1162 3334 Ponti-

292 3354 346 3387 fici
357 3350 554 3387 omnimodo
575 3348 762 3386 referenda.
790 3349 884 3385 Hinc
894 3350 1059 3388 Privatum
1072 3352 1150 3386 Lam

99 356 151 394 Ep.
162 364 208 385 21.

89 2286 119 2314 1„
139 2293 165 2311 2.
185 2279 247 2310 luti.

94 2336 104 2353 ι
115 2335 138 2352 1.
157 2324 206 2360 ΕΡ.
219 2325 245 2352 &a

640 115 676 157 S.
715 113 1025 159 Giteoourl
1062 127 1304 159 sepum
1342 116 1707 162 Pourrricrs

1227 297 1416 333 severiffime
1431 309 1583 333 notatum
1599 312 1606 332 :
1634 298 1738 347 Quid
1750 299 1866 344 nempe
1877 301 1944 345 ejus
1953 302 2106 346 degrada-

1226 349 1355 382 tionem
1374 349 1528 383 Donatus
1550 349 1700 385 Fabiano
1736 350 1892 385 retulisset
1920 376 1927 384 .
1954 352 2107 389 Eundem

1228 400 1391 434 Africanae
1412 399 1561 434 Ecclefiae
1573 411 1696 436 morem
1716 400 1829 435 laudat
1847 402 1982 436 Sanctus
1994 403 2110 446 Augu-

1226 448 1350 489 stinus,
1375 449 1416 483 de
1438 449 1580 485 Secundi
1599 451 1783 496 Tigisitani
1806 451 1963 498 Episcopi
1987 476 1998 491 ‚
2027 457 2115 486 tunc

1225 511 1280 544 per
1291 499 1487 534 Numidiam
1499 500 1655 535 Primatis
1668 526 1679 543 ,
1696 499 1949 547 Carthaginensi
1965 502 2110 538 Caecilia-

1226 549 1261 583 ni
1284 550 1316 584 &
1327 549 1395 592 ejus
1405 550 1646 586 ordinatorum
1668 551 1908 596 Episcoporum
1919 553 2109 587 Damnatri-

1225 611 1265 634 ce
1283 600 1421 644 Synodo
1447 600 1591 636 scribens
1617 601 1658 636 ad
1680 602 1875 638 Donatistas
1901 615 1909 635 :
1937 605 2022 646 ‚Quia
2047 614 2107 636 non

1226 659 1313 685 erant
1323 661 1390 693 quae
1409 656 1442 685 in
1452 653 1646 686 Caecilianum
1668 655 1703 687 cb·
1717 653 1916 686 ordinatores
1936 654 1999 694 qius
2010 651 2111 696 trans-

1226 702 1463 742 marinojudicto
1469 702 1665 746 probarentur
1677 727 1689 744 ‚
1706 704 1863 745 propterea
1874 713 1925 736 nec
1933 701 2110 746 priusquam

1226 757 1259 783 in
1277 749 1518 796 eumsententias
1537 754 1688 794 dicerent,
1716 752 1837 794 differre
1857 754 2031 792 voluerunt,
2055 764 2109 788 nec

1222 800 1415 844 posteaquam
1435 804 1575 837 dixerunt
1597 829 1608 846 ,
1630 801 1861 847 perseveranter
1882 805 1920 837 id
1938 813 2025 847 agere
2037 825 2049 844 ,
2073 812 2109 837 ut

1226 850 1358 894 Ecclefiae
1371 851 1596 897 Transmartnae
1615 860 1647 888 in
1658 859 1799 888 notitiam
1804 853 1989 897 perferretur
2001 878 2012 894 ,
2039 864 2108 896 quo·
2126 860 2176 898 Ep·
2191 862 2255 891 161..

1225 914 1292 935 rum
1315 903 1507 937 Traditorum
1527 909 1560 939 in
1582 904 1688 947 Africa
1709 906 1918 938 damnatorum
1937 908 2109 937 communio-

1228 963 1295 986 nem
1305 958 1406 988 vitare
1418 954 1536 988 deberet
1547 981 1554 988 .
1581 954 1620 988 ln
1633 954 1720 990 dista
1733 955 1873 998 Synodo
1885 954 1997 999 culpat
2017 953 2085 989 duo
2097 980 2106 987 .

1226 1002 1340 1037 Primo
1355 1027 1366 1043 ,
1393 1003 1482 1046 quod
1496 1004 1515 1037 a
1526 1005 1708 1040 Caeciliano
1728 1003 1773 1040 ob
1784 1005 1949 1050 legitimas
1964 1003 2108 1039 rationes

1220 544 1224 566 l

1224 1054 1388 1087 recusatus
1399 1054 1569 1089 Secundus
1593 1055 1723 1090 causam
1746 1065 1816 1090 non
1825 1055 1987 1090 remiserit
1998 1055 2039 1089 ad
2053 1056 2108 1090 Se-
2177 1061 2192 1085 ἱ

1223 1101 1299 1137 dem
1310 1101 1539 1145 Apostolicarn
1552 1126 1563 1143 ,
1587 1104 1606 1137 a
1617 1114 1680 1146 qua
1692 1103 1748 1139 ille
1758 1129 1769 1145 ,
1780 1103 1897 1149 utpote
1904 1105 2007 1139 totius
2019 1104 2107 1139 Afri-

1224 1163 1268 1185 cae
1278 1151 1427 1193 primas,
1455 1161 1524 1186 erat
1548 1152 1651 1187 etiam
1672 1153 1708 1186 in
1718 1154 1822 1198 prima
1844 1154 1999 1190 instantia
2021 1154 2108 1198 judi-

1225 1199 1348 1236 candus
1369 1225 1377 1234 .
1405 1200 1582 1242 Secundo,
1608 1201 1698 1246 quod
1721 1202 1952 1239 damnatorum
1973 1204 2109 1248 Episco-

1224 1262 1341 1296 pctum
1366 1251 1503 1287 nomina
1515 1253 1615 1286 etiam
1637 1252 1708 1296 post
1719 1253 1813 1286 suum
1825 1252 2110 1296 Episcopalejudi-

1224 1302 1312 1336 cium
1324 1311 1392 1336 non
1406 1302 1552 1337 retulerit
1564 1302 1709 1337 Romam
1719 1325 1730 1341 ,
1758 1302 1875 1347 utpote
1887 1301 1991 1337 sciens
2001 1303 2110 1347 ipsum

1224 1351 1317 1387 fuine
1339 1353 1549 1388 temerarium
1575 1364 1614 1388 ac
1637 1354 1822 1397 perversum
1842 1377 1850 1385 .
1880 1351 2109 1389 Referendum

1223 1402 1317 1437 fuisse
1336 1401 1444 1444 dicit,
1470 1412 1509 1437 ut
1531 1403 1642 1438 Roma
1654 1403 1771 1444 sciret,
1797 1413 1940 1447 quorum
1949 1402 2109 1438 Tradite-

1223 1463 1293 1486 rum
1315 1452 1350 1487 in
1364 1452 1476 1488 Africa
1492 1452 1724 1488 damnatorum
1735 1453 2011 1488 communionem
2029 1454 2109 1490 vita·

1222 1513 1255 1538 re
1275 1501 1407 1539 deberet
1419 1527 1429 1537 .
1454 1502 1511 1538 Ob
1522 1503 1590 1546 ejus
1601 1503 1771 1539 relationis
1789 1503 1825 1538 &
1843 1503 2111 1539 confirmationis

1222 1553 1384 1587 deiectum
1397 1552 1488 1588 addit
1498 1553 1661 1596 judicium
1674 1553 1759 1589 istud
1769 1553 1787 1589 a
1800 1552 1981 1589 Caeciliano
1992 1554 2026 1588 &
2036 1554 2107 1598 ejus

1222 1601 1374 1646 Collegis
1395 1615 1463 1637 non
1477 1604 1570 1637 fuisse
1594 1614 1769 1644 curatum,
1797 1602 1886 1648 quod
1910 1603 2027 1648 nempe
2039 1615 2111 1640 am·

1222 1650 1267 1684 bae
1286 1651 1348 1686 illae
1357 1653 1457 1686 essent
1476 1652 1517 1685 de
1529 1651 1626 1694 hujus
1646 1653 1846 1693 substantia,
1873 1651 2014 1695 ideoque
2025 1654 2108 1697 ipsa-

1222 1709 1294 1734 rum
1314 1699 1446 1737 omiffio
1457 1698 1521 1736 hoc
1542 1701 1691 1736 redderet
1702 1700 1833 1736 nullum
1855 1701 1988 1746 penitus
2009 1702 2107 1738 &va-

1223 1758 1322 1781 num.
1601 1775 1607 1781 .

1277 1797 1403 1843 Qarta
1429 1795 1524 1829 causa
1545 1794 1652 1838 major
1669 1796 1746 1829 sunt
1764 1795 1952 1842 conjugalia
1971 1798 2106 1844 Regum

1222 1846 1385 1880 divortia.
1415 1844 1550 1880 Etenim
1572 1843 1727 1880 Lotharii
1739 1846 1941 1882 Francorum
1963 1848 2067 1894 Regis
2085 1852 2105 1885 a.

1221 1894 1440 1939 Theutberga
1463 1894 1595 1940 Regina
1617 1895 1801 1933 divortium
1823 1896 1973 1933 Nicolao
1995 1902 2104 1943 primo

1221 1944 1378 1978 Pontifici
1400 1944 1535 1986 retulit,
1561 1946 1597 1980 δε
1616 1947 1650 1979 se
1668 1946 1708 1980 ad
1729 1947 1937 1994 referendum
1958 1948 2104 1995 obligari

1222 1995 1358 2037 professa
1385 1994 1470 2029 olim
1482 1995 1544 2029 fuit
1563 1994 1719 2038 synodus
1739 1995 2028 2041 Aquisgranenfis.
2056 1999 2103 2033 Et

1221 2042 1311 2086 quod
1335 2046 1429 2079 causa
1451 2045 1512 2079 ista
1528 2054 1598 2078 non
1622 2045 1731 2080 solum
1751 2044 1879 2088 major,
1908 2045 1961 2080 sed
1974 2047 2105 2092 insuper

1220 2091 1320 2126 dubia
1342 2094 1420 2126 esset
1441 2102 1541 2135 atque
1553 2093 1719 2134 difficilis,
1746 2105 1814 2128 non
1825 2096 1998 2132 dumtaxat
2008 2098 2079 2142 post
2090 2123 2104 2140 ,

1222 2140 1275 2176 fed
1286 2139 1430 2176 omnine>
1449 2140 1696 2185 antejudicium
1708 2142 1852 2178 debuisse
1872 2147 1984 2181 referri
1995 2149 2107 2183 lauda-

1220 2202 1272 2226 tus
1310 2191 1469 2227 Pontifex
1493 2193 1682 2227 asseveravit
1704 2217 1712 2225 .
1738 2192 1851 2228 Etiam
1876 2194 1963 2239 apud
1983 2196 2107 2232 Radal-

1221 2241 1325 2286 phum
1344 2240 1386 2276 de
1402 2242 1529 2277 Diceto
1554 2241 1659 2278 exstat
1680 2243 1847 2278 Caelestini
1869 2246 1958 2280 tertii
1978 2247 2020 2281 ad
2039 2247 2108 2282 Mi-

1220 2291 1369 2327 chaelern
1382 2292 1606 2328 Senonensem
1619 2294 1872 2337 Metropolitam
1885 2295 2030 2339 Epistola
2042 2321 2054 2337 ‚
2069 2297 2107 2332 dc

1220 2342 1374 2386 ipsum&
1386 2342 1469 2376 alios
1484 2342 1600 2376 Galliae
1608 2342 1790 2387 Episcopus
1799 2345 1942 2388 graviter
1951 2357 2102 2391 arguens,

1220 2392 1311 2436 quod
1334 2391 1483 2436 Philippi
1497 2392 1642 2438 Augusti
1663 2393 1766 2438 Regis
1779 2405 1856 2429 cum
1869 2394 1972 2441 Regis
1984 2397 2104 2432 Daniae

1221 2444 1330 2477 sorore
1342 2443 1593 2477 matrimonium
1606 2442 1673 2477 fine
1685 2444 1802 2486 praevia
1820 2444 1862 2479 ad
1875 2446 2102 2490 Apostolicam
2148 2446 2151 2455 ⁸

1221 2493 1337 2527 Sedem
1356 2492 1518 2527 relatione
1543 2492 1758 2529 dissolvissent
1780 2519 1787 2527 .
1816 2494 1926 2541 Egisse
1951 2498 2111 2533 adfirmat*

1221 2554 1336 2579 contra
1353 2543 1481 2578 avitum
1494 2543 1674 2578 Gallicana:
1685 2544 1852 2586 Ecclesiae,
1883 2547 1989 2582 immo
2009 2549 2105 2583 &to-

1222 2594 1286 2627 tius
1310 2591 1575 2627 Christianitatis
1596 2603 1724 2627 morem
1750 2616 1762 2631 ,
1787 2595 1952 2638 caffatque
1968 2597 2101 2631 omnia.

1222 2642 1330 2677 Unde
1341 2641 1383 2678 ad
1401 2642 1470 2686 ejus
1481 2643 1700 2677 Succefforem
1718 2642 1955 2678 Innocentium
1968 2647 2102 2681 tertium

1221 2693 1335 2727 eadem
1347 2694 1443 2729 causa
1455 2693 1517 2726 suit
1527 2694 1654 2726 rursum
1666 2692 1822 2728 devoluta
1835 2717 1842 2725 .
1861 2693 1977 2729 Hodie
1985 2705 2104 2731 omnes

1225 2742 1290 2778 fere
1301 2743 1413 2788 Reges
1438 2744 1512 2777 sunt
1523 2742 1565 2776 ab
1578 2742 1815 2787 Epist-operum
1826 2745 1985 2787 potestate
1996 2756 2103 2781 exem-

1222 2793 1292 2838 pti,
1318 2793 1405 2828 &ab
1424 2794 1499 2838 ipsis
1519 2803 1580 2827 nec
1603 2793 1906 2835 excommunicari,
1934 2797 2104 2831 neeinter-

1203 2770 1290 3496 xlm
1302 2868 1314 2885 ,
1340 2856 1401 2880 uec
1414 2843 1521 2888 puniri
1533 2844 1682 2887 possunt:
1710 2843 1803 2877 Hinc
1818 2843 1851 2877 in
1864 2845 1939 2879 illos
1950 2847 2017 2882 fine
2028 2856 2102 2891 prz-

1226 198 1406 235 befitanum
1428 197 1666 242 Exepiscopum
1689 198 1781 233 addit
1803 200 1974 238 &Donati
1997 201 2101 239 Ante-

1384 249 1432 282 sui
1457 249 1489 282 ὃς
1513 248 1649 284 Fabiani
1677 249 1852 284 pontificis
1873 252 1987 286 litteris
2010 255 2103 290 fuisse

1226 2896 1276 2929 via
1299 2895 1461 2930 relatione
1474 2893 1557 2927 nihil
1580 2893 1673 2937 poffit
1685 2891 1725 2926 ab
1736 2893 1907 2938 Episcopis
1928 2899 2080 2931 attentari
2091 2923 2100 2930 .

1225 2945 1353 2980 Omnes
1373 2944 1508 2988 majores
1529 2945 1638 2977 causas
1649 2944 1846 2987 compendio
1866 2945 1966 2979 edicit
1987 2946 2100 2982 Basile-

1227 2997 1307 3031 enfis
1329 2995 1506 3039 Synodus=
1532 2997 1680 3027 Romanus
1700 2993 1847 3036 Pontifex
1869 2995 2038 3038 Confistoria
2044 3004 2104 3039 pu·

1228 3047 1303 3080 blica
1324 3056 1449 3087 teneat,
1474 3050 1506 3080 in
1526 3043 1631 3088 quihus
1651 3049 1767 3088 negotia
1787 3044 1980 3088 Ecclefiarwn
1990 3046 2102 3081 Cathe-

1230 3099 1377 3139 dranum,
1403 3094 1638 3136 Monasteriorum
1650 3120 1661 3136 ,
1688 3097 1864 3137 Principum
1882 3121 1894 3137 ‚
1919 3109 1955 3131 ac
1975 3101 2102 3132 Univer-

1224 3147 1346 3189 fitatum
1358 3172 1371 3188 ,
1397 3150 1511 3190 aliaque
1531 3150 1631 3188 magni
1645 3145 1788 3187 ponderis
1811 3147 1920 3179 audiat
1937 3173 1944 3180 .
1973 3147 2104 3183 Eadem

1232 3198 1343 3232 omnia
1355 3222 1366 3238 ,
1394 3196 1471 3231 dum
1487 3196 1529 3230 ab
1551 3196 1724 3240 Episcopis
1746 3206 1802 3230 aut
1813 3197 2105 3240 Synodistrastan-

1234 3259 1282 3282 :ur
1303 3271 1314 3288 ,
1339 3247 1495 3283 Pontifici
1517 3249 1580 3281 effe
1602 3244 1768 3282 referenda
1790 3247 1900 3282 noster
1922 3248 2102 3294 Gregorius

1233 3299 1383 3334 distavit.
1641 3312 1643 3314 ·

1279 3350 1353 3384 Nec
1376 3347 1481 3384 solum
1502 3347 1638 3391 majores
1658 3371 1669 3389 ‚
1690 3346 1748 3383 ‘sed
1776 3347 1875 3384 etiam
1898 3349 2025 3391 quasvis
2045 3349 2102 3384 du-

1985 3398 2053 3434 bias
