2366 3756
58 1907 149 1945 Epist.

59 1957 123 1986 39²⁰

54 3315 86 3351 1.
98 3320 190 3356 3.·rit.

53 3368 138 3397 35.c.
152 3364 179 3390 6.

527 178 1059 222 Conctrtum
1127 170 1766 222 TnotosANum.

231 266 337 311 quibus
359 275 416 300 non
430 263 525 309 filum
546 264 659 307 cistellae
681 265 732 298 vel
749 261 884 307 sportae,
904 262 962 306 scd
986 274 1022 296 ne
1032 273 1108 296 arcae

234 318 354 360 quidem
364 317 416 350 vel
424 320 559 350 armaria
574 317 618 348 ad
635 325 670 348 ea
677 325 743 356 quae
754 317 954 356 congerimus,
979 315 1032 346 vel
1041 324 1108 355 quae

233 368 326 411 egreffl
351 368 388 400 de
402 363 509 409 saeeulo
528 364 714 410 reservamus
732 388 743 405 ,
767 363 920 396 condenda
941 360 1107 405 sufficiunt?

233 416 448 451 Lamentatur
471 412 698 457 Evangelicam
720 421 939 457 paupertatem
954 436 966 452 ,
991 412 1025 446 ὃς
1038 423 1108 455 pro-

233 465 345 500 fessam
370 464 519 499 omnium
539 463 763 506 temporalium
775 463 1045 497 communionem
1057 472 1111 496 vap

236 515 292 549 riis
302 515 336 548 in
350 515 475 557 punitis
483 512 567 556 apud
579 512 695 546 Gallos
707 511 847 546 titubare
858 537 866 544 .

280 565 393 599 sanni
413 562 555 599 Antonii
568 562 752 601 Institutum
779 561 875 605 primi
895 562 930 595 in
943 562 1108 605 Europam

236 614 422 649 detulerunt
435 609 569 647 Sanetus
593 610 811 653 Athanasius,
837 620 874 645 ac
895 611 962 654 ejus
984 612 1018 645 in
1032 611 1110 645 Ale-

236 663 397 698 xandrino
411 661 632 696 patriarchatu
653 662 807 696 successor
820 660 933 695 Petrus
950 673 957 692 :
986 660 1110 712 A5dver·

235 714 288 747 sus
307 712 508 747 Arianorum
533 712 722 745 violentiam
746 709 947 755 appellantes
974 711 1110 745 &acce-

235 763 348 796 dentes
380 762 609 806 Apostolicam
641 761 756 795 sedem
776 784 787 800 ,
812 761 974 795 duxerunt
1001 761 1109 794 secum

235 811 444 852 Monachos,
470 813 554 846 &ex
574 810 752 846 Monachis
775 811 971 854 Episcopos,
997 809 1111 845 &Ro-

235 873 295 896 mae
316 861 517 896 Monasteria
537 871 593 904 per
612 860 699 904 ipsos
717 860 937 895 fundaverunt
951 885 958 892 .
986 861 1030 894 Et
1053 859 1107 895 illa

234 922 293 954 per
315 921 450 944 omnem
463 911 589 945 Italiam
611 910 744 944 Sanctus
756 910 912 944 Eusebius
923 908 1107 944 Vercelien-

235 961 274 993 sis
295 959 491 1003 Episcopus,
517 971 555 994 ac
574 961 707 995 Sanfius
729 959 896 993 Martinus
919 958 1108 994 studuerunt

234 1009 406 1043 extendere
435 1034 441 1040 .
485 1010 574 1045 Nam
611 1008 653 1043 ab
688 1007 753 1044 hoc
788 1011 849 1043 effe
879 1009 1109 1043 Mediolanen-

235 1060 268 1093 se
292 1083 303 1100 ,
329 1059 419 1102 quod
441 1059 476 1093 in
500 1059 751 1095 Confeffionum
774 1058 863 1093 libris
890 1057 998 1092 laudat
1033 1059 1110 1093 San·

235 1110 304 1143 stus
325 1109 529 1154 Augustinus
548 1135 559 1152 ,
586 1109 827 1144 Monasterium
850 1109 985 1143 testatur
1005 1109 1110 1152 Sulpi-

233 1160 298 1193 tius
308 1158 453 1193 Severus.
481 1159 572 1194 Idem
585 1160 750 1193 Martinus
761 1159 849 1192 idem
870 1157 1057 1192 Institutum
1069 1169 1109 1191 ex

233 1208 328 1242 Italia
339 1207 524 1252 deportavit
536 1210 570 1243 in
584 1209 728 1243 Galliam
741 1218 753 1247 ’,
766 1209 799 1242 in
812 1209 963 1252 Belgium
978 1210 1109 1243 Sanctus

234 1257 408 1292 victricius
429 1257 701 1304 Rothomagenfis
727 1258 907 1302 Episcopus
925 1283 935 1297 ,
962 1259 995 1291 in
1022 1256 1110 1291 Afri-

235 1318 308 1342 cam
334 1307 469 1342 Sanctus
494 1308 723 1354 Augustinus,
749 1309 882 1343 Sanetus
919 1307 1109 1352 Fulgentius

234 1358 272 1391 in
304 1357 485 1392 Sardiniam
510 1383 521 1399 ‚
544 1360 581 1393 in
606 1359 817 1393 Germaniam
844 1371 882 1392 ac
902 1357 1109 1391 Pannoniam

233 1408 369 1443 sanstus
379 1407 512 1440 Nicetas
526 1431 537 1445 ,
550 1407 683 1440 Audius
694 1409 728 1438 in
741 1407 898 1438 Gothiam
911 1429 921 1444 ,
948 1406 1110 1443 venerabi-

237 1456 438 1489 lisDonatus
460 1455 494 1488 in
507 1448 725 1497 Hispaniam,
750 1450 881 1488 Sanetus
891 1455 1046 1488 Hilarion
1074 1455 1108 1487 in

235 1504 385 1545 Syriam,
412 1502 577 1534 Eustatius
597 1501 785 1534 sebastenus
809 1502 843 1532 in
859 1502 1050 1532 Armeniam
1076 1502 1109 1532 &

235 1551 382 1586 Pontum
393 1573 405 1590 ,
430 1550 464 1582 in
479 1548 722 1592 Cappadociam
735 1549 869 1582 Samstus
883 1547 1036 1581 Basilius.
1066 1548 1109 1582 Et.

1119 497 1126 573 l

235 1598 274 1634 hi
295 1609 409 1635 omnes
431 1595 657 1633 Antonianum
679 1598 908 1642 temporalium
929 1602 1113 1634 communi-

235 1658 337 1685 tatem
360 1650 500 1683 fixerunt
525 1648 590 1682 suis
601 1648 810 1686 Monasteriis
828 1649 864 1684 in
875 1648 1016 1693 primum
1037 1651 1109 1685 sun-

236 1699 428 1734 damentum
450 1723 458 1731 .
485 1698 619 1733 Etenim
641 1698 864 1736 Monasticam
891 1710 1108 1747 paupertatem

235 1748 301 1784 effe
313 1761 356 1783 un
364 1750 412 1784 ica
423 1758 616 1785 contentam
627 1753 739 1786 tunica
752 1776 763 1792 ‚
788 1753 823 1787 ὅ(
834 1753 916 1787 nulli
928 1753 1107 1796 possessioni

238 1808 295 1833 aut
314 1797 587 1834 administrationi
605 1801 755 1843 misceri,
780 1801 869 1845 jubet
891 1804 926 1838 in
945 1803 1061 1838 litteris
1069 1803 1108 1837 ad

237 1847 449 1884 Heraclidem
469 1848 673 1886 Monachum
686 1877 697 1893 ,
723 1853 757 1888 δε
769 1852 863 1888 latius
874 1852 908 1887 in
923 1853 987 1887 suis
1000 1853 1108 1898 Regu-

235 1898 278 1932 !is
301 1900 448 1944 exponitv
463 1899 610 1935 laudatus
631 1901 765 1938 Basilius
778 1928 785 1936 .
813 1903 858 1937 Et
877 1903 919 1938 de
933 1902 1108 1938 Turonico

230 1949 341 1983 Sanni
361 1950 500 1984 Martini
511 1950 713 1986 Monasterio
729 1952 838 1988 scribit
849 1953 1004 1996 Sulpitius
1016 1955 1109 1988 Seve-

231 2009 306 2032 rus:
334 1998 478 2043 Difi-ipuli
487 1999 631 2044 odoginta
644 2012 742 2035 erant.
771 2008 870 2036 Nemo
891 2002 933 2035 ibi
944 2004 1108 2046 quidquam

228 2053 384 2091 proprium
396 2048 524 2083 babebat
536 2064 547 2084 .·
574 2055 682 2086 Omnia
694 2058 727 2085 in
739 2054 869 2086 medium
880 2052 1107 2094 conferebantur.

235 2103 308 2132 Non
320 2111 414 2134 emere
423 2108 477 2133 aut
487 2102 639 2141 vendere,
666 2111 700 2136 ut
717 2101 866 2146 plerisque
877 2102 1029 2136 Monachis
1049 2115 1109 2136 mo-

232 2154 276 2180 ris
287 2148 326 2188 est
340 2173 350 2189 ‚
375 2151 539 2192 quidquam
558 2152 664 2185 licebat
676 2177 684 2184 .
711 2152 755 2186 Et
776 2152 817 2186 de
828 2153 930 2195 Syria:
942 2152 1106 2186 Monaste-

232 2198 288 2231 riis
311 2199 343 2231 in
357 2198 446 2232 libris
467 2199 634 2234 adversum
647 2200 840 2234 Monasticae
852 2202 923 2232 vitae
952 2201 1108 2242 vitupera-

233 2256 320 2278 tores
341 2247 474 2279 Sanfius
484 2248 622 2289 Joannes
645 2247 913 2289 Chrysostomus:
941 2249 1034 2290 ,Quod
1053 2259 1108 2279 om-

234 2299 287 2326 nia
304 2295 484 2335 perturbat,
511 2299 610 2327 Meum
629 2306 664 2326 ac
686 2299 775 2328 Teum
790 2296 909 2336 penitus
935 2297 1006 2329 indi
1019 2296 1109 2328 elimi-

231 2351 336 2376 natum
359 2341 396 2382 est
420 2366 427 2375 .
456 2342 570 2375 canera
596 2344 707 2385 quippe
732 2344 791 2376 illis
824 2350 986 2377 communia
1006 2342 1080 2387 sunt
1094 2359 1105 2378 .-

234 2391 360 2435 Measa,
387 2390 512 2432 domus,
539 2392 762 2426 indumentum.
789 2397 836 2425 Et
846 2395 925 2436 quod
928 2392 1004 2437 sane
1018 2399 1106 2428 mira-

229 2441 342 2482 bilius,
369 2453 444 2474 unus
469 2443 603 2484 idemque
625 2442 760 2475 omnibus
782 2443 820 2483 est
829 2449 968 2477 animus.
997 2449 1106 2478 Omnes

230 2492 332 2524 eadem
343 2490 492 2524 nobilitate
496 2489 570 2534 sunt
586 2491 694 2525 nobiles
706 2517 717 2533 ,
743 2504 840 2525 omne!
853 2495 956 2527 eadem
973 2493 1104 2537 servitu-

229 2539 369 2583 reservi,
402 2542 506 2574 eadem
527 2541 662 2575 libertate
683 2542 784 2575 liberi.
812 2543 916 2577 SanCii
929 2543 1104 2588 Augustini

230 2589 359 2635 Regula
368 2590 412 2624 est
425 2590 580 2625 omnibus
595 2592 758 2625 notissima
771 2616 781 2632 ‚
801 2593 835 2626 ἀ
846 2603 886 2627 ex
898 2593 962 2636 ipsa
976 2594 1017 2628 de
1031 2595 1107 2628 San·

228 2641 272 2673 sti
295 2639 462 2685 Fulgentii
493 2639 703 2675 Monasteriis
724 2641 836 2676 scribit
871 2643 906 2676 in
922 2641 1016 2686 hujus
1036 2644 1102 2678 vita

228 2690 405 2723 Ferrandus
426 2688 690 2735 Carthaginenfis
709 2691 895 2726 Diaconus:
924 2695 1104 2736 Fulgentius

224 2738 406 2773 coenobialis
427 2738 591 2783 disciplinae
615 2743 758 2774 Ordinem
779 2741 930 2785 custodivit
956 2742 1080 2786 illaesum
1092 2768 1103 2784 ,

228 2794 341 2821 nemini
362 2790 439 2822 dans
462 2790 611 2824 licentiam
625 2790 804 2833 profeffionis
823 2790 940 2835 saneqae
960 2794 1103 2836 Regulam

225 2843 382 2880 praeterire
396 2864 406 2880 ‚
426 2837 450 2881 s
445 2841 485 2872 ed
489 2841 697 2883 principaliter
709 2840 760 2875 hoc
773 2840 989 2885 observandum
1000 2846 1102 2876 Mona-

228 2887 292 2921 chis
313 2889 454 2929 tradens,
481 2900 515 2923 ut
539 2892 635 2924 nullus
650 2902 748 2925 eorum
769 2892 932 2934 quidquam
950 2898 1102 2935 proprium

225 2936 280 2979 fibi
301 2938 473 2971 vendicaret
486 2964 497 2980 ‚
520 2938 578 2982 sed
597 2939 682 2983 effent
706 2941 841 2974 omnibus
862 2947 961 2975 omnia
979 2954 1103 2976 commus

229 2992 282 3019 nia
303 3011 309 3018 .
338 2987 382 3020 Et
407 2989 524 3029 primus
549 2991 654 3024 Sancti
676 2990 870 3036 Leodegarii
891 2992 1102 3037 Augustodu-

227 3036 331 3068 nensis
343 3036 495 3080 Episcopi
508 3038 626 3073 Canon
639 3052 646 3071 ε
676 3043 797 3074 Primus
809 3042 913 3075 titulus
922 3041 968 3075 hic
989 3042 1028 3084 est
1039 3046 1099 3076 Mo-

226 3083 342 3125 nasticae
353 3084 514 3128 disciplina
527 3112 539 3128 ‚
563 3098 597 3123 ut
609 3088 736 3124 abbates
749 3092 801 3124 vel
809 3091 946 3130 Monachi
953 3094 1100 3134 peculiare

226 3147 284 3168 aon
294 3134 439 3168 habeant.
470 3135 563 3170 Etex
586 3138 676 3174 hisce
695 3140 812 3174 &aliis
835 3140 1099 3186 ejusmodipluri-

226 3185 289 3218 mis
299 3184 560 3218 Monasticorum
570 3186 704 3223 Parrum
717 3189 910 3224 testimoniis
923 3192 1044 3235 scripsit
1056 3192 1097 3226 ad

225 3233 422 3268 Sublacenfis
441 3234 631 3271 Monasterii
647 3238 809 3274 Abbatem
833 3240 986 3275 &fratres
998 3242 1099 3277 Inno-

224 3285 350 3318 centius
361 3285 474 3318 tertius
484 3298 494 3317 .·
525 3289 597 3318 Non
610 3288 728 3327 aestimet
741 3289 839 3322 Abbas
858 3292 940 3333 quod
943 3289 1034 3333 super
1043 3291 1095 3325 ha-

227 3333 326 3367 benda
343 3334 525 3375 proprietate
542 3336 622 3376 poffit
633 3348 696 3370 cum
720 3340 816 3381 aliquo
828 3340 968 3374 Monacho
979 3340 1096 3384 dispen-

223 3381 306 3426 sare.
336 3383 419 3427 ,Quia
441 3384 588 3417 abdicatio
603 3392 796 3427 proprietam·
808 3411 818 3427 ,
835 3389 908 3430 ficut
928 3391 1094 3430 &custodia

224 3432 384 3474 castitatis,
418 3435 489 3466 ader)
508 3433 546 3473 est
567 3446 684 3468 annexa
706 3439 822 3481 Regulae
844 3439 1010 3474 Monachaii
1022 3464 1033 3481 ,
1057 3450 1090 3474 ut

325 3481 514 3526 Christ.Lupi
522 3487 608 3527 Oper.
615 3488 692 3519 Tem.
699 3490 730 3519 V.

1116 2553 1120 2612 Ι

1111 2818 1118 3130 1

1915 194 1978 240 27

1169 271 1269 296 eontra
1291 275 1356 296 eam
1369 275 1419 298 nec
1430 267 1566 297 summus
1581 263 1724 305 Pontifex
1730 267 1811 307 pfft
1818 267 1967 301 licentiam
1978 279 2042 301 con-

1169 315 1283 347 cedere.
1313 314 1357 347 Et
1368 325 1422 356 per
1434 315 1616 359 Hugonem
1639 313 1832 350 Remensem
1844 317 2041 361 Episcopum

1168 362 1309 405 ejusdem
1322 362 1496 396 Pontificis
1515 364 1550 396 in
1561 363 1669 398 Gallia
1691 363 1852 408 Legatum
1865 390 1877 405 ,
1899 367 2044 401 celebra·

1169 421 1200 445 ta
1222 411 1462 445 Avenionenfis
1473 412 1626 453 Synodus
1651 416 1829 456 Episcopis,
1857 415 2044 458 abbatibus,
2063 420 2098 450 C.
2111 429 2151 455 ¹9·

1170 458 1354 503 Praepofitis,
1378 462 1535 495 &caeteris
1559 461 1703 502 Religiofis
1726 463 1876 497 Prioribus
1892 463 1949 507 sub
1971 473 2046 498 atte-

1163 511 1289 550 statione
1313 511 1548 554 DiviniJudicii
1572 509 1698 549 distrieYe*
1723 513 1854 554 injungit
1868 538 1878 552 ,
1906 524 1939 547 ut
1946 512 2046 557 subdi-

1168 566 1208 592 tis
1215 559 1279 603 suis
1287 559 1411 601 profeffis
1438 561 1589 592 licentiam
1612 558 1761 593 habendae
1777 567 1972 601 proprietatis
1985 575 2044 598 non

1169 611 1325 648 tribuant,
1348 620 1412 643 cum
1430 615 1522 642 etiam
1544 608 1594 642 boc
1618 612 1750 641 Romano
1772 610 1909 651 Pontifici
1934 623 1990 645 non
2010 615 2047 647 11⁴.

1168 667 1232 693 ceat
1255 683 1267 699 ,
1287 658 1359 700 ficut
1384 663 1529 692 Dominus
1556 662 1740 691 Innocentius
1766 662 1855 701 Papa
1879 666 1986 696 tertius
2012 668 2046 695 in

1170 711 1300 751 quadam
1309 708 1507 749 constitutione
1527 707 1665 748 testatur.
1693 707 1821 752 Proprii
1835 710 1977 747 carentia
1997 713 2045 745 cst

1174 759 1377 804 Evangelicae
1394 752 1605 801 'perfesiionis
1624 770 1662 793 ac
1671 758 1864 792 Monasticae
1883 760 2049 802 professio·-

1173 810 1223 843 nis
1234 807 1548 853 portioesientialis,
1574 807 1716 852 ideoque
1728 807 1930 850 clarumest,
1956 808 2046 853 quod

1173 870 1231 893 nec
1267 860 1419 895 Summus
1444 857 1603 896 Pontifex
1641 856 1737 907 poffit
1774 857 1809 892 in
1836 857 1902 902 ipsa
1922 857 2046 901 dispen-

1171 910 1237 944 sare
1250 934 1257 941 .

1219 959 1263 993 Et
1285 957 1363 993 hinc
1386 958 1427 994 de
1452 960 1631 995 Gallicanis
1653 958 1831 996 Monachis
1858 985 1870 1001 ,
1895 958 1937 996 ab
1960 959 2048 995 avita

1169 1009 1406 1044 communitate
1431 1021 1469 1043 ac
1481 1020 1668 1054 paupertate
1689 1012 1773 1045 circa
1786 1010 1930 1054 quaedam
1941 1010 2048 1044 minu-

1170 1059 1253 1092 tiora
1264 1059 1470 1093 deviantibus
1483 1084 1493 1100 ,
1519 1059 1607 1104 quod
1619 1072 1752 1095 ornnem
1774 1062 1833 1096 suae
1845 1059 2049 1104 profeffionis

1170 1109 1395 1143 verecundiam
1416 1110 1576 1144 calcarent
1598 1134 1608 1150 ‚
1634 1111 1724 1153 supra
1747 1110 1846 1145 nobis'
1864 1109 1947 1145 recte
1965 1109 2051 1143 dixit

1172 1159 1311 1201 Joannes
1334 1159 1504 1193 Cassianus
1528 1185 1535 1194 .
1566 1160 1608 1194 Et
1630 1160 1665 1193 in
1688 1159 1888 1195 brevioribus
1910 1158 2050 1204 Regalis
2072 1176 2144 1214 Cap.
2163 1183 2208 1208 27·

1171 1209 1287 1251 scripsit
1309 1209 1443 1243 Sanetus
1458 1208 1611 1243 Basilius:
1638 1211 1671 1242 si
1685 1216 1753 1252 quis
1768 1216 1922 1252 proprium
1934 1207 2050 1251 fibieffe

1170 1259 1243 1293 dicit
1255 1283 1266 1299 ‚
1291 1257 1399 1302 absque
1409 1259 1498 1292 dubio
1509 1260 1634 1292 alienum
1650 1258 1684 1302 sir
1690 1259 1775 1301 facit
1790 1260 1830 1292 ab
1842 1258 1956 1292 Eleciis
1970 1261 2026 1291 Dei
2040 1282 2049 1290 .

1171 1307 1213 1343 Et
1236 1309 1320 1352 apud
1333 1309 1532 1343 Fer-randum
1543 1308 1840 1354 Carthaginensem
1859 1309 2053 1343 Diaconum
2073 1329 2198 1370 Cap-27,

1170 1357 1250 1392 dicit
1278 1360 1411 1392 Sanstus
1434 1358 1631 1403 Fulgentius
1656 1372 1663 1391 z
1690 1363 1759 1393 Nec
1781 1360 1869 1393 debet
1891 1369 1939 1392 nec
1956 1357 2053 1402 potest
2147 1364 2151 1367 “

1172 1405 1330 1439 Monachus
1347 1408 1503 1447 Judicari,
1532 1411 1576 1440 cui
1599 1409 1740 1440 voluntas
1765 1407 1873 1441 habere
1888 1415 2052 1449 privatum

1167 1456 1310 1495 peculium
1328 1454 1506 1496 persuaserit
1529 1480 1536 1487 .
1565 1456 1640 1489 Nec
1661 1455 1707 1489 est
1729 1456 1863 1498 simplex
1882 1481 1894 1496 ,
1921 1456 1974 1491 sed
2000 1469 2054 1491 ca-

1171 1501 1267 1542 pitale
1289 1501 1425 1535 vitium:
1452 1502 1504 1534 Ex
1526 1501 1597 1544 ipso
1617 1503 1706 1535 nasci
1733 1502 1909 1537 discordias
1932 1527 1944 1544 ,
1969 1516 2053 1539 rnur-

1170 1549 1389 1590 murationes,
1414 1549 1631 1588 animositates
1649 1573 1661 1591 ‚
1687 1552 1835 1594 quamvis
1856 1552 2052 1589 Monasticae

1171 1601 1244 1635 vitae
1267 1600 1404 1636 scabiem
1428 1624 1439 1641 ,
1465 1612 1503 1636 ac
1524 1601 1626 1644 ipsam
1653 1601 1786 1636 tandem
1822 1600 2054 1646 Apostasiam‚

1172 1650 1306 1687 nervose
1329 1649 1482 1686 &lucide
1502 1650 1538 1685 in
1562 1650 1698 1694 septimo
1719 1651 1981 1688 Monasticarum
2004 1654 2053 1688 in—

1172 1703 1379 1737 stitutionum
1392 1701 1474 1736 libro
1488 1701 1687 1736 demonstrat
1698 1702 1847 1738 laudatus
1861 1703 2047 1738 Caffianus.

1170 1754 1265 1800 Qin
1292 1753 1360 1787 imo
1383 1752 1549 1787 occultum
1584 1753 1829 1797 proprietarium
1861 1752 1924 1788 esse
1947 1754 2052 1788 mani-

1173 1804 1253 1837 festo
1278 1803 1437 1847 Apostata
1467 1803 1656 1848 nequiorem
1679 1803 1775 1838 docet
1797 1814 1894 1846 atque
1905 1803 2050 1838 ostendit

1173 1854 1207 1888 in
1220 1852 1422 1887 sermonibus
1432 1851 1472 1887 de
1481 1854 1651 1888 communi
1665 1853 1868 1888 Clericorum
1892 1855 1958 1887 vita
1972 1853 2051 1888 San·

1171 1905 1239 1938 stus
1254 1903 1458 1946 Augustinus
1471 1928 1478 1935 .
1506 1902 1551 1937 Et
1562 1904 1602 1938 de
1615 1904 1725 1939 nescio
1741 1915 1807 1948 quo
1820 1903 1923 1938 electo
1936 1904 1970 1937 in
1984 1901 2052 1937 Ab·

1172 1953 1278 1988 batem
1300 1951 1475 1987 Monacho
1488 1952 1688 1989 Constantio
1709 1954 1820 1989 scribit
1836 1954 1875 1988 ad
1888 1955 2049 1997 Joannem

1172 2002 1414 2037 Subdiaconum
1427 2027 1439 2044 ,
1466 2002 1651 2047 Apostolici
1674 2004 1708 2038 in
1722 2004 1866 2039 AEmilia
1891 2004 2050 2039 Patrimo-

1172 2055 1219 2087 nii
1236 2054 1427 2095 Restooern,
1454 2054 1589 2088 Sanstus
1600 2053 1795 2099 Gregorius:
1823 2059 1955 2100 Cognovi
1967 2056 2050 2099 quid
2072 2070 2135 2102 ἰὼ,
2150 2082 2190 2102 ,0.

1173 2102 1360 2143 Constantius
1380 2105 1583 2146 peculiaritati
1597 2103 1734 2146 studeat.
1764 2108 1844 2150 ,ραι
1856 2117 1902 2139 res
1916 2107 2048 2140 maxime
2072 2114 2179 2149 Ep-zz.

1172 2153 1293 2191 testatur
1318 2163 1383 2185 eum
1406 2164 1451 2185 cor
1471 2153 1606 2186 Monachi
1625 2166 1683 2188 non
1703 2155 1810 2190 babere
1832 2181 1840 2188 .
1866 2156 1958 2190 Hinc
1978 2157 2048 2200 ejus

1172 2201 1363 2233 electionem
1387 2201 1482 2233 cassat
1495 2224 1505 2240 ,
1532 2201 1568 2233 ὃς
1585 2202 1736 2246 adjungit
1764 2205 1804 2237 de
1823 2207 1941 2238 Sancto
1952 2206 2053 2239 Mari·

1175 2248 1272 2281 niano
1301 2248 1531 2281 Ravennatum
1564 2248 1823 2295 Archiepiscopo
1849 2265 1856 2284 ε
1885 2257 1991 2287 Fratri
2016 2256 2053 2288 c>-

1172 2294 1339 2338 Coepiftopo
1364 2295 1453 2336 mistro
1473 2299 1642 2330 Mariniano
1654 2303 1770 2332 omnino
1783 2303 1879 2335 dicere
1882 2301 1969 2342 stude
1982 2328 1993 2344 ‚
2019 2311 2051 2336 ut
2071 2299 2134 2331 Lib·
2149 2312 2170 2332 ¹·

1167 2347 1405 2388 peculiaritatem
1420 2345 1610 2387 studiofiffime
1630 2347 1788 2391 compescat
1802 2375 1812 2390 ,
1837 2351 1931 2384 &hoc
1955 2351 2049 2396 ipsum
2072 2342 2121 2380 ΕΡ·
2144 2346 2188 2372 ¹⁸·

1171 2394 1378 2435 Monasterium
1394 2397 1481 2429 titali
1499 2396 1578 2438 peste
1598 2401 1740 2432 mundare
1756 2400 1882 2442 festinet
1895 2426 1904 2435 .
1928 2404 2013 2446 Quia
2023 2402 2054 2445 fi

1168 2447 1229 2478 illic
1239 2447 1428 2487 peculiaritas
1439 2447 1459 2477 ἆ
1468 2446 1619 2482 Monacbis
1630 2447 1756 2483 habetur
1763 2473 1774 2488 ‚
1797 2463 1889 2494 neque
1898 2454 2050 2486 concordia

1169 2507 1261 2537 neque
1271 2495 1405 2528 charitas
1418 2500 1451 2529 in
1459 2504 1677 2541 congregatione
1687 2500 1792 2533 cadem
1811 2507 1922 2542 poterit
1929 2511 2048 2544 perma-

1170 2557 1256 2578 nere.
1287 2544 1529 2588 ‚Quidestautem
1551 2546 1673 2582 habitus
1697 2550 1854 2591 Monachi,
1881 2551 1936 2593 nisi
1946 2551 2048 2596 despe-

1168 2594 1229 2627 e‘lus
1251 2595 1380 2627 mundi?
1405 2597 1557 2639 ,Quomodo
1581 2603 1672 2641 igitur
1692 2601 1833 2633 mundum
1859 2601 2045 2645 despiciunt,

1168 2649 1217 2687 qui
1238 2650 1270 2678 in
1295 2643 1463 2685 Monaflerio
1483 2645 1568 2688 pofiti
1577 2659 1682 2682 aarum
1693 2653 1860 2691 quaerunt?
1885 2652 1966 2698 Qae
1975 2664 2046 2687 om-

1168 2694 1221 2727 nia
1244 2694 1386 2737 pluribus
1398 2697 1569 2731 confirmat
1590 2698 1624 2730 in
1639 2698 1752 2732 litteris
1765 2701 1803 2733 ad
1817 2700 2045 2736 Alexandrum

1167 2744 1339 2778 secundum
1359 2745 1557 2781 Pontificem
1576 2770 1586 2785 ,
1607 2749 1689 2780 acin
1715 2749 1873 2791 opusculo
1898 2750 1939 2783 ad
1952 2750 2046 2785 Albi-

1165 2804 1280 2827 zonem
1319 2795 1497 2828 Eremitam
1538 2795 1669 2829 Santius
1710 2797 1825 2832 Petrus
1863 2800 2041 2835 Damiani.

1165 2843 1316 2878 Ostendit
1343 2845 1463 2887 pestem
1490 2842 1576 2879 hanc
1604 2846 1666 2879 effe
1692 2847 1820 2881 ruinam
1841 2859 1878 2882 ac
1899 2860 2039 2887 mortem

1165 2893 1441 2928 Monasteriorum
1457 2919 1463 2925 .
1492 2894 1596 2942 Qod
1610 2896 1712 2939 ipsum
1730 2897 1772 2942 „in
1786 2898 1902 2932 litteris
1913 2900 1952 2933 ad
1968 2902 2041 2935 suos

1164 2943 1385 2978 Belluacenses
1410 2944 1520 2977 Sancti
1553 2945 1710 2994 Qintini
1736 2947 1911 2992 Regulares
1936 2949 2041 2984 Cleri·
2062 2948 2146 2988 Epist·
2173 2961 2214 2986 17-

1162 3004 1219 3027 cos
1243 2995 1385 3028 inculcat
1413 2996 1546 3029 Sanctus
1572 2996 1630 3029 lvo
1653 2997 1835 3041 Episcopus
1858 2997 2038 3036 Carnuten-

1162 3042 1199 3077 fis
1212 3067 1219 3075 .

1213 3093 1314 3128 Addit
1326 3093 1473 3129 laudatus
1485 3094 1653 3130 Cassianus
1665 3111 1676 3130 .-
1706 3104 1779 3133 Haec
1800 3104 1857 3133 erit
1862 3098 1978 3144 summa
1989 3106 2038 3135 vi-

1160 3142 1271 3184 c‘loria,
1296 3143 1516 3187 triumphusque
1531 3153 1694 3188 perpetuus
1708 3169 1718 3185 ,
1743 3157 1778 3182 ut
1789 3152 2036 3191 quemadmodum

1159 3193 1285 3235 dicitur,
1310 3205 1361 3227 nec
1372 3200 1483 3227 minuto
1505 3197 1626 3237 quidem
1646 3208 1762 3230 nummo
1785 3198 1959 3242 confitentia
1970 3204 2038 3233 Mo·

1159 3241 1243 3274 nacht'
1260 3245 1409 3284 polluatur
1428 3270 1436 3277 .
1462 3245 1626 3287 Impqffibile
1649 3258 1776 3290 namque
1801 3249 1838 3288 est
1859 3261 1924 3282 eum
1944 3274 1956 3290 ,
1981 3254 2034 3291 qul

1158 3292 1253 3324 vitius
1274 3297 1305 3325 in
1328 3300 1438 3338 exigua
1455 3294 1529 3336 stipe
1548 3296 1786 3340 eoncupiscentiae
1806 3296 1898 3340 semel
1907 3305 1940 3332 in
1948 3300 2034 3332 corde

2067 2682 2172 2720 Opusc.
2181 2694 2189 2713 ι
2198 2695 2222 2714 2.

1152 3340 1205 3383 suo
1227 3342 1353 3375 radicem
1366 3342 1524 3387 susceperit
1546 3369 1557 3386 ‚
1583 3358 1640 3379 non
1665 3349 1785 3388 majoris
1815 3347 1946 3389 desiderii
1962 3356 2031 3389 pro·

1155 3397 1237 3423 tinus
1258 3394 1388 3425 incendio
1409 3395 1588 3438 conflagrare
1607 3421 1614 3428 .
1642 3399 1772 3430 Tamdiu
1796 3409 1924 3440 namque
1944 3397 2027 3429 miles

1155 3439 1261 3481 christi
1281 3441 1375 3475 vicio»-
1388 3454 1425 3476 ac
1442 3442 1559 3485 securus
1573 3469 1584 3485 ,
1609 3446 1770 3489 cunctaque
1787 3448 1961 3488 cupiditatis
1973 3450 2028 3478 im-

1558 3492 1589 3529 C
1638 3505 1660 3531 2
1866 3502 1981 3540 pugna·
