2366 3756
881 121 1359 168 Dior-arus.

172 222 176 227 ·
213 200 486 246 qualemcumque
508 198 682 235 canonem
703 199 787 236 male
811 202 952 245 applicat
971 203 1011 240 ad
1034 203 1092 238 Pa·

217 263 312 294 pam.
339 249 472 285 Etenim
494 249 557 284 alia
579 251 652 285 sunt
674 251 899 296 Metropolitae
919 276 930 295 ,
956 253 1018 287 alia
1037 252 1093 287 Pa-

1873 142 1892 184 3
1902 140 1931 187 7
1944 144 1959 173 1

1159 212 1199 236 ne
1223 200 1330 235 scribit
1342 201 1383 236 de
1394 201 1585 238 Florentina
1597 204 1733 247 Synodo
1746 207 1908 253 Georgius
1919 210 2032 244 Gemi·

1157 251 1222 285 stus
1234 263 1240 283 :
1268 253 1410 290 synodum
1421 255 1584 289 Florenttae
1598 255 1775 290 celebratam
1787 269 1869 291 nemo
1879 265 2031 293 oecumeni-

217 298 364 336 triarchae
385 324 397 340 ,
423 299 484 335 alia
507 299 600 343 Papae
621 301 791 346 privilegia
812 313 820 332 ε
855 301 899 337 Et
922 303 1007 340 inter
1027 304 1092 348 ipsa
1154 311 1220 336 ,cam
1239 302 1354 338 dixerit
1373 326 1380 337 .
1408 305 1516 345 Neque
1539 310 1617 338 enlm
1640 307 1827 346 Byzantinus
1850 308 2032 342 Patriarcbae

218 359 289 385 non
309 350 355 385 est
376 350 471 384 locus
493 361 612 384 mutuae
631 350 886 395 consequentiae.
916 352 1092 393 Secundo,

1148 348 1316 393 subfiripfit
1328 375 1340 392 ,
1365 352 1430 387 crim
1440 359 1598 395 antequam
1603 354 1763 396 finiretur,
1788 356 1842 391 hac
1861 363 1928 393 vita
1950 356 2032 402 ceffis-

215 399 303 435 male
323 399 471 437 adfirmat
492 401 647 438 Sanctum
667 399 867 444 Apostolum
879 400 1013 437 Petrum
1026 402 1094 436 An·
1147 397 1215 442 set.
1243 405 1351 447 Neque
1373 403 1564 438 Patriarcbae
1580 401 1700 448 suorum
1721 408 1942 443 Prot-aratorum
1959 407 2033 453 sub-

216 448 372 490 tiochiae,
397 450 455 486 ubi
476 448 521 484 ob
539 450 754 486 simulationis
775 451 900 494 lapsum
921 452 982 487 fuit
993 463 1094 496 repre·
1148 447 1343 494 scriptiones,
1368 460 1522 494 tamquam
1535 459 1570 487 vi
1579 462 1712 488 extortas
1725 479 1736 495 ‚
1762 456 2032 499 confirmaverunt.

215 498 332 534 hensus
343 499 361 533 a
373 499 498 542 Paulo,
524 500 609 534 circa
620 501 716 537 fidem
734 503 846 547 errasse
859 525 866 532 .
894 501 1027 538 Etenim
1051 500 1093 536 ad

214 549 353 583 similem
365 548 602 586 Gnosticorum
612 551 811 587 calumniam
821 549 884 592 jam
899 551 1022 593 pridem
1035 553 1092 586 res-

213 598 334 643 pondit
368 599 403 633 in
425 599 704 644 Praescriptionum
735 599 820 635 libro
843 600 1090 640 Tertullianus,-

214 646 458 691 Conversattonis
484 647 551 692 fuit
586 657 694 684 vitium
713 673 724 690 ‚
760 661 818 684 non
845 651 1070 691 praedicationis
1084 677 1091 684 .

189 741 195 745 -
214 698 289 733 Nec
300 699 386 733 solus
396 698 509 735 Petrus
518 723 529 739 ‚
555 699 608 735 sed
617 710 731 736 omnes
742 699 896 744 Apostoli
916 701 1001 737 circa
1011 702 1089 748 dog-

213 759 269 784 ma
280 749 412 785 fuerunt
430 749 637 786 infallibiles.
665 750 770 798 Qod
792 749 1006 794 Apostolatus
1023 764 1094 797 gra·

214 798 263 832 tia
282 798 382 833 etiam
400 799 485 835 istud
505 798 662 836 charisma
685 800 855 840 includat,
881 800 927 834 est
940 811 1025 838 certa
1052 813 1090 836 ac

214 858 368 892 perpetua
379 849 537 886 sententia
550 850 651 884 totius
667 846 813 887 Ecclesiae
823 877 830 884 .
861 849 905 885 Et
926 849 1007 885 hinc
1019 852 1092 888 Nili

213 897 427 932 tertiuserror
445 899 511 941 est²
537 899 626 942 quod
652 900 686 934 δε
710 900 744 933 in
758 899 856 934 Petro
868 898 1030 947 Apostolo
1059 902 1091 935 &

214 947 251 981 in
265 946 426 982 Romanis
438 949 609 993 Episcopis
620 949 794 987 concludat
810 950 827 983 a
838 950 1091 986 conversationis

214 997 300 1031 vitio
318 995 359 1030 ad
381 997 498 1035 vitium
522 998 781 1040 praedicationis.
808 998 891 1035 Haec
904 999 996 1031 enim
1017 999 1091 1036 sunt

213 1046 479 1090 disparatiffirna:
505 1046 613 1084 Restae
623 1045 880 1085 conversationis
901 1046 1035 1081 firmitas
1046 1047 1090 1081 est

213 1096 459 1142 gratiagratum
479 1097 626 1136 faciens,
651 1095 890 1140 praedicationis
912 1096 1093 1131 infallibili-

37 629 76 661 C.
100 637 148 665 23.

212 1154 263 1180 tas
272 1146 317 1180 est
328 1148 432 1191 gratia
443 1147 545 1194 gratis
554 1146 629 1180 data
642 1171 649 1178 .
675 1145 820 1192 Qartus
828 1155 915 1180 error
927 1145 988 1184 est,
1000 1146 1090 1189 quod

211 1196 256 1230 ad
266 1195 437 1237 Honorii,
465 1197 516 1232 vel
528 1196 758 1238 cujuscumque
779 1195 910 1229 alterius
921 1193 1092 1230 pontificis

212 1244 447 1289 qualicumque
466 1246 556 1292 lapsu
576 1243 727 1289 procedat
738 1245 779 1284 ad
798 1247 919 1289 lapsum
933 1244 1092 1280 Romanae

211 1295 383 1330 Ecclefiae.
409 1294 500 1331 Nam
524 1293 560 1333 &T
581 1294 649 1329 haec
667 1293 795 1331 differre
818 1305 892 1331 toto
914 1295 1022 1338 coelo,
1047 1296 1091 1330 est

212 1344 370 1380 omnibus
391 1344 620 1381 manifestum.

263 1394 423 1430 Eamdem
435 1406 511 1431 cum
522 1394 586 1430 suis
604 1394 764 1433 erroribus
785 1397 979 1432 sententiam
999 1405 1089 1431 tuen-

210 1450 264 1479 tur
286 1445 418 1481 inlibro
428 1444 470 1481 de
491 1445 590 1492 Papae
605 1446 796 1491 principatu
818 1448 1006 1484 Barlaamus
1017 1448 1093 1482 Mo,

209 1491 360 1536 machus,
383 1495 418 1530 &
436 1494 473 1531 in
489 1506 587 1540 opere
598 1496 754 1532 adversus
774 1497 864 1533 hunc
887 1497 1092 1534 Barlaamum

207 1544 377 1580 Macarius
399 1544 545 1590 Ancyrae
565 1546 784 1591 Metropolita
806 1569 817 1589 ,
843 1559 882 1583 ac
902 1548 959 1582 alii
980 1548 1091 1594 paffim

208 1594 317 1629 Graeci
339 1594 539 1632 schismatici
561 1622 568 1630 .
606 1598 700 1632 Hinc
734 1598 770 1632 δε
796 1598 964 1634 Clementi
997 1599 1090 1632 sexto

202 1641 368 1690 ‘Pontifici
387 1669 399 1684 ‚
424 1646 644 1682 Ecclefiarum
666 1647 829 1680 unionem
851 1647 1021 1686 suadenti,
1046 1657 1093 1680 re·

204 1692 330 1736 scripsit
340 1692 522 1736 Imperator
533 1694 675 1737 Joannes
690 1691 959 1728 Cantacuzenus:
985 1697 1017 1728 51·
1039 1700 1090 1737 qui

29 1727 64 1758 ι·
75 1736 101 1762 4'
116 1734 184 1764 ‘³⁹9'
200 1747 298 1786 primt
317 1742 485 1775 doctrinam
496 1765 507 1780 ‚
533 1752 602 1783 quae
622 1752 699 1774 nunc
708 1743 795 1782 apud
813 1745 981 1776 Romanam
992 1746 1091 1777 Eccle-

201 1790 277 1835 fiam
287 1795 370 1835 viget
382 1814 394 1832 ‚
420 1792 584 1824 innuerunt
595 1814 607 1830 ,
632 1789 753 1831 nonsibi
764 1792 882 1825 tannim
893 1793 1089 1837 adrogaffent,

206 1852 301 1885 neque
311 1842 383 1874 alios
395 1841 615 1884 vilipendiffent
625 1865 636 1881 ,
656 1839 755 1884 sedin
765 1843 894 1875 medium
906 1842 944 1875 ab
965 1845 1091 1877 altarum

207 1890 404 1933 Ecclefiarum
423 1891 597 1924 Rectoribus
621 1889 837 1933 disbutiendam
855 1891 1063 1935 propofhifflnt
1080 1918 1090 1933 ,

207 1950 331 1976 cantum
342 1939 417 1975 malt
426 1951 485 1974 non
497 1940 667 1983 vldfflmtcs
680 1965 692 1982 ,
717 1952 808 1985 neque
819 1942 961 1983 dtstraAE'a
982 1941 1091 1982 Christi

209 1988 404 2033 nembrafibt
414 1989 522 2025 bellum
533 1989 703 2031 intestinum
721 1992 900 2034 intuliffent.
928 1990 1091 2027 Adfirmat

209 2040 405 2075 Romanam
415 2039 591 2075 Ecclesiam
611 2051 717 2075 errare
727 2040 763 2075 in
775 2041 934 2086 dogmate
946 2065 958 2082 ‚
984 2040 1092 2075 censet

208 2090 400 2133 praetensam
420 2089 693 2122 infallibilitatem
714 2091 779 2123 esse
802 2092 933 2124 causam
956 2112 969 2128 ‚
1003 2087 1093 2122 ideo-

208 2151 274 2183 que
295 2149 365 2173 non
385 2137 404 2171 a
416 2137 484 2172 sola
505 2138 564 2172 ista
575 2136 719 2172 Ecclesia
733 2161 743 2177 ,
770 2138 825 2172 sed
845 2138 864 2172 a
877 2138 973 2181 plena
993 2137 1094 2174 totius

206 2187 467 2222 Christianitatis
478 2186 617 2230 Synodo
627 2187 698 2222 vult
710 2185 796 2222 hanc
810 2187 903 2223 litem
915 2187 1093 2223 terminari.

141 2270 149 2285 s
208 2235 446 2272 EtBenedisto
456 2236 682 2278 duodecimo,
707 2235 748 2271 ad
774 2237 996 2283 Lugdunense
1014 2239 1094 2273 Gre-

211 2285 302 2331 gorii
320 2286 444 2322 decimi
463 2286 657 2322 Concilium
683 2289 903 2331 provocanti,
929 2288 1093 2333 respondit

210 2334 762 2381 ImperatorisAndronicisecundi
787 2337 967 2383 Palaeologi
990 2340 1094 2384 Lega-

102 2376 190 2418 Apud
211 2386 262 2421 tio
274 2399 285 2420 .·
311 2388 414 2428 setar,
439 2388 522 2430 qued
540 2398 625 2422 nemo
640 2392 753 2429 poterit
775 2387 932 2422 humiliare
953 2390 1095 2431 populum

33 2418 190 2491 {xmfssbffl'
212 2439 405 2478 Graecorum‚
430 2445 466 2470 ut
484 2441 607 2479 recipiat
628 2439 706 2472 illud
720 2440 871 2472 concilium
885 2437 948 2482 fine
961 2440 1020 2472 allo
1032 2449 1095 2473 con-

34 2469 189 2540 ‘33351152b
211 2487 276 2520 cilio
297 2510 305 2518 .
333 2488 462 2530 Quare?
487 2489 573 2531 ,Quia
595 2489 640 2521 illi
663 2491 762 2522 Graect
784 2513 795 2529 ‚
820 2494 873 2530 qul
895 2488 1095 2530 interfuerunt

212 2534 258 2579 isti
269 2539 386 2570 concilio
396 2560 407 2577 ‚
434 2547 491 2570 non
494 2537 624 2579 fuerunt
630 2538 702 2579 missi
711 2540 732 2571 ἃ
744 2546 871 2581 quatuor
886 2538 1074 2573 Patriarcbis
1083 2562 1093 2579 ‚

211 2585 439 2629 quigubernant
447 2586 629 2621 orientalem
638 2585 816 2629 Ecclefiam,
844 2599 940 2631 neque
964 2590 986 2622 ἃ
1004 2596 1095 2632 popu-

212 2637 241 2668 lo
262 2658 274 2675 ‚
295 2633 352 2677 sed
370 2637 390 2668 ἃ
408 2634 468 2679 fhlo
485 2640 667 2678 Imperatore
692 2636 860 2673 Michaele
883 2638 1075 2684 Palaeologo
1088 2661 1100 2678 ‚

214 2689 266 2726 qut
283 2693 405 2717 conatus
417 2685 488 2727 fuit
496 2685 602 2729 facere
623 2692 760 2720 unionem
780 2686 950 2731 vobiscum,
975 2698 1014 2721 ex
1039 2694 1074 2722 vt
1086 2713 1097 2730 ‚

210 2734 249 2770 ό·
258 2744 316 2768 non
330 2736 498 2771 voluntarie
508 2760 517 2770 .
543 2736 588 2771 Et
600 2736 635 2772 in
648 2736 787 2783 Spiritus
797 2737 905 2773 Sancti
918 2737 1097 2776 Proceffio-

600 2983 714 3112 Q

1151 503 1315 542 Imperator
1338 503 1469 543 quippe,
1494 510 1528 538 ut
1549 501 1790 546 subftriberent‚
1815 511 1880 539 vim
1895 507 2030 549 fecerat.

1153 549 1340 586 Adfirmant
1353 551 1541 585 Graecorum
1554 553 1754 588 patriarchas
1780 555 1814 589 &
1835 555 1876 589 ad
1898 556 2033 601 Lugdu-

1154 599 1285 634 nensem
1311 601 1345 634 ὅς
1359 601 1399 634 ad
1415 597 1640 636 Florentinam
1653 602 1824 645 synodum
1848 616 1915 639 non
1939 607 2032 640 fuisse

1151 657 1366 692 cooperatos,
1392 651 1485 684 fuisse
1509 662 1591 694 opus
1614 653 1712 688 solius
1725 653 1873 689 Romani
1894 654 2033 690 Pontifi-

1151 700 1218 738 cis,
1244 697 1529 745 ideoqueipsarum
1540 702 1678 741 Decreta
1702 715 1771 738 non
1793 706 1855 744 effe
1871 703 2034 744 authenti·

1152 760 1189 782 ca
1216 748 1512 792 atqueinfallibilia
1529 775 1537 783 .

1202 798 1471 844 Romanaeigitur
1485 801 1637 838 Ecclesiae
1659 801 1932 838 infallibilitatem
1955 805 2033 841 sem-

1151 859 1206 890 per
1217 848 1355 883 oderunt
1369 850 1556 885 Graecorum
1571 853 1729 887 Haeretici
1740 862 1839 897 atque
1849 853 2033 888 Schismati-

1153 899 1205 938 ci,
1232 899 1402 933 voluerunt
1423 901 1518 935 istam
1540 903 1628 944 posse
1652 901 1724 937 falli
1742 927 1753 945 ‚
1778 902 1882 937 immo
1906 903 1940 936 ὅ(
1961 904 2033 939 actu

1152 948 1245 983 fuiffe
1257 948 1378 992 lapsam
1392 973 1402 989 ‚
1428 950 1462 984 &
1476 953 1536 985 suae
1546 948 1652 986 haerefi
1678 961 1735 986 aut
1746 951 1910 991 schismati
1922 953 2034 999 posue-

1153 1007 1226 1033 runt
1249 997 1313 1032 hoc
1326 999 1465 1042 palmare
1488 1002 1739 1036 fundamentum
1753 1027 1761 1034 .
1789 1002 1833 1037 Et
1853 1000 1931 1040 hinc
1952 1001 2033 1036 dum

1155 1047 1239 1089 ipsos
1251 1047 1309 1084 fibi
1320 1050 1550 1084 reconciliavit
1560 1051 1753 1094 Apostolica
1765 1052 1864 1087 Sedes
1874 1077 1885 1092 ‚
1911 1054 2033 1095 semper

1154 1096 1263 1139 exegit
1273 1099 1469 1133 contrariam
1479 1102 1707 1141 professionem
1720 1126 1727 1132 .
1756 1101 1804 1136 Ita
1815 1101 1894 1136 dum
1905 1102 1945 1136 ad
1959 1102 2033 1136 uni-

1154 1153 1254 1179 tatem
1265 1145 1361 1179 rediit
1372 1146 1550 1191 Imperator
1568 1150 1716 1185 Michael
1727 1149 1941 1196 Palaeologus,
1955 1150 2035 1193 ejus-

1153 1206 1216 1237 que
1240 1204 1340 1238 nepos
1360 1195 1501 1241 loannes
1524 1196 1646 1239 primus
1659 1223 1670 1239 ‚
1697 1210 1765 1232 non
1783 1200 1956 1235 dumtaxat
1968 1201 2035 1234 Ro-

1154 1254 1284 1278 manam
1305 1244 1411 1286 quarti
1437 1245 1642 1283 matrimonii
1663 1247 1832 1286 licentiam
1848 1272 1859 1288 ,
1885 1250 1938 1283 sed
1952 1250 2037 1285 insu-

1155 1305 1207 1338 per
1219 1295 1350 1328 cunstos
1363 1317 1375 1334 ,
1399 1293 1416 1327 a
1430 1295 1550 1330 Graecis
1567 1295 1716 1331 damnari
1736 1299 1929 1338 consuetos,
1956 1299 2039 1342 dog-

1154 1343 1291 1382 maticos
1302 1343 1456 1379 articulos
1470 1346 1546 1380 sunt
1560 1346 1689 1394 professi
1702 1346 1764 1380 esse
1786 1346 1953 1391 legitimos
1964 1371 1975 1387 ,
2000 1348 2037 1382 id

1153 1394 1199 1428 est
1223 1418 1233 1434 ‚
1262 1394 1449 1429 Romanam
1474 1394 1653 1434 Ecclesiam
1678 1407 1747 1432 non
1779 1407 1880 1431 errare
1901 1423 1908 1430 .
1947 1396 2036 1431 Istud

1153 1445 1259 1488 ipsum
1273 1445 1307 1478 in
1318 1444 1436 1479 litteris
1448 1444 1490 1479 ad
1511 1446 1697 1481 Adrianum
1723 1455 1873 1492 quartum
1895 1446 2038 1482 Pontifi-

1152 1506 1224 1531 cem
1235 1493 1369 1532 Basilius
1383 1494 1463 1529 fecit
1474 1493 1748 1542 Archiepiscopus
1762 1496 2037 1532 Thessalonicen-

1152 1545 1205 1578 sis.
1234 1543 1419 1587 Respondit
1434 1545 1720 1589 nullumdogma‚
1749 1545 1803 1580 sed
1831 1547 1934 1582 solam
1957 1558 2038 1591 quo·

1152 1593 1302 1627 rumdam
1311 1593 1433 1631 rituum
1447 1593 1653 1638 disciplinam
1674 1596 1790 1630 Romae
1815 1597 1849 1630 δε
1871 1597 2039 1631 Constan-

1152 1642 1295 1686 tinopoli
1318 1643 1381 1676 effe
1392 1642 1552 1681 diversam
1571 1668 1579 1676 .
1607 1645 1722 1681 Exstat
1736 1645 1883 1690 Epistola
1895 1646 1982 1690 apud
1994 1646 2038 1681 D.
2057 1649 2091 1682 A·
2113 1658 2194 1689 1¹55·

1153 1691 1362 1730 Cardinalem
1372 1691 1531 1732 Caesarem
1547 1693 1745 1730 Batonium.
1773 1696 1818 1730 Et
1830 1694 1849 1729 ὲ
1863 1693 2041 1731 schismati·
2062 1708 2064 1710 ’

1152 1753 1193 1777 co
1205 1740 1380 1779 Monacho
1392 1743 1427 1777 in
1438 1742 1665 1781 orthodoxum
1677 1747 1899 1791 Gyracensem
1908 1747 2043 1790 Episco-

1152 1803 1229 1837 pum
1241 1794 1473 1828 transmutatus
1483 1793 1672 1832 Barlaamus
1683 1797 1742 1833 scri
1745 1797 1808 1839 ptis
1820 1796 1864 1831 ad
1890 1795 2041 1832 schisma·

1151 1844 1235 1878 ticos
1246 1843 1435 1878 Graecorum
1450 1843 1625 1882 Antistites
1635 1845 1817 1891 insignibus
1828 1846 1946 1881 litteris
1972 1858 2041 1881 ner-

1152 1892 1226 1927 vose
1236 1894 1406 1936 profitetur
1418 1893 1578 1931 Romanae
1593 1896 1741 1935 Ecclefiae
1753 1896 2040 1939 infallibilitatem,

1150 1952 1225 1977 cum
1236 1942 1304 1986 ipsa
1315 1941 1475 1980 cohaerere
1485 1946 1689 1989 generalium
1711 1947 1925 1991 Synodorum
1953 1948 2040 1982 utili-

1151 2000 1253 2025 tatem
1265 2000 1363 2035 atque
1375 1993 1593 2031 neceffitatem
1606 1997 1819 2039 demonstrat,
1834 1998 1868 2034 δε
1880 1996 2038 2043 adjungit:

1155 2041 1226 2071 Non
1236 2041 1268 2071 εδ
1280 2039 1404 2080 ᾳϋὸᾹΙῐι*
1414 2044 1539 2082 maJorts
1549 2044 1762 2087 nummatis,
1787 2049 1823 2082 ό·
1836 2054 1934 2090 magis
1957 2048 2041 2090 poffit
2059 2066 2133 2106 Epist
2155 2077 2167 2098 ¹

1148 2087 1288 2132 generale
1308 2087 1470 2120 concillum
1482 2111 1493 2127 ,
1522 2095 1614 2130 qudm
1633 2095 1791 2133 apostolica
1815 2096 1906 2131 sedes
1921 2121 1933 2138 ,
1955 2109 2044 2141 gene·
2135 2088 2143 2097 ’
2173 2088 2182 2099 ’

1154 2137 1235 2171 rasta
1248 2137 1448 2180 adgregantur
1460 2141 1594 2172 eoncilia
1603 2165 1614 2181 ‚
1633 2139 1694 2183 sed
1702 2147 1774 2183 qula
1785 2145 1950 2178 incidentes
1962 2158 2043 2188 quae-

1148 2186 1254 2228 stiones
1263 2186 1439 2230 difficiliores
1448 2186 1510 2228 fint
1524 2212 1536 2228 ,
1561 2189 1714 2232 &majori
1727 2194 1884 2236 indigeant
1906 2193 2043 2237 discuffio·

1155 2248 1208 2272 ne.
1236 2237 1349 2271 Etiam
1371 2235 1441 2271 aliae
1465 2238 1610 2276 rationes
1636 2241 1732 2278 istam
1745 2241 1965 2278 neceffitatem
1976 2256 2044 2288 per-

1157 2286 1292 2322 suadent
1312 2295 1350 2321 ac
1371 2287 1513 2332 exigunt
1541 2314 1549 2324 .
1578 2288 1682 2338 Qod
1710 2290 1874 2327 Romana:
1896 2293 2042 2330 Ecclesiae

1156 2336 1374 2372 infallibilitas
1398 2337 1493 2371 istam
1517 2341 1734 2377 neceffitatem
1761 2353 1829 2378 non
1842 2342 2041 2386 proscribat,

1157 2386 1378 2423 demonstrant
1391 2385 1630 2431 Apostolorum
1653 2392 1828 2429 Concilia:
1855 2393 1938 2428 Haec
1950 2396 2043 2430 enim

1156 2438 1174 2473 a
1186 2437 1285 2472 Petro
1296 2436 1462 2480 Apostolo
1474 2462 1486 2480 ,
1510 2438 1588 2474 licet
1602 2441 1769 2478 infallibili
1781 2468 1793 2485 ,
1818 2443 1899 2478 citra
1912 2445 2044 2480 neceffi-

1157 2496 1257 2523 tatem
1267 2498 1336 2523 non
1346 2486 1478 2522 fuerunt
1489 2491 1618 2525 coacta.
1647 2492 1692 2527 Et
1714 2503 1754 2526 ex
1780 2493 1845 2528 huc
1871 2495 1970 2538 usque
1994 2494 2043 2530 di-

1157 2538 1214 2573 stis
1225 2538 1330 2577 lucet,
1357 2535 1448 2580 qudd
1459 2536 1666 2575 orthodoxus
1679 2543 1801 2577 Oriens
1811 2544 1970 2578 Romana:
1982 2545 2044 2579 Ec-

1158 2588 1255 2623 clesiae
1274 2586 1546 2623 infallibilitatem
1568 2591 1692 2636 semper
1722 2592 1819 2628 fuerit
1844 2594 2043 2629 unanimiter

1159 2637 1334 2682 professus.
1360 2636 1468 2672 Pauca
1482 2662 1493 2678 ‚
1519 2650 1588 2683 quae
1598 2642 1723 2686 opponi
1737 2643 1876 2687 poffint,
1889 2654 2043 2687 quorum-

1158 2688 1234 2722 dam
1254 2687 1444 2722 Graecorum
1471 2687 1607 2727 Patrum
1631 2692 1817 2734 testimonIa
1856 2701 1912 2729 aut
1932 2691 2015 2728 Acta
2027 2716 2041 2737 ,

1159 2746 1284 2783 queunt
1299 2736 1395 2772 facile
1420 2738 1582 2783 expediri.

1496 3054 1501 3056 f
1543 2988 1657 3116 Q

1812 3385 1873 3423 CA
1880 3387 1986 3425 NON
1997 3400 2001 3403 ⁴
