2366 3756
77 1714 141 1746 mv.
159 1727 190 1747 ι·

81 2207 142 2239 tib.
169 2217 199 2244 3.

86 2781 147 2813 Lib.
169 2792 196 2818 4.

86 2936 145 2966 Lib.
170 2947 196 2972 7.

249 218 366 257 nandis
386 215 557 262 Episcopis
577 216 749 250 Romanus
771 212 931 248 Pontifex
955 237 965 252 ,
992 211 1129 255 Impera·

250 271 329 306 toris
348 267 500 304 Gratiani
522 265 726 311 Rescriptum
748 264 850 298 edicit
873 288 880 296 .
924 262 986 296 Ille
1008 262 1140 308 sempef-

250 319 404 356 adhibere
433 317 644 356 consueverat
686 313 859 352 confilium
895 311 1048 352 omnium
1087 313 1130 354 se·

249 2076 301 2102 en
328 2092 336 2098 .

916 129 1406 172 D1c1ATus.

1919 147 2015 194 377

1191 215 1278 255 ptem
1299 236 1309 251 ,
1345 222 1402 247 aut
1429 213 1515 252 cert}
1543 215 1688 261 quinque
1744 214 1971 257 Cardinalium
2004 217 2089 264 Epi-

1193 262 1385 307 scoporum.

400 780 1303 909 CANON
1458 779 1939 904 XXVI*

410 1113 517 1165 Ubd
564 1109 828 1161 Catholicus
878 1124 966 1160 non
1013 1105 1220 1158 habeatur
1254 1141 1267 1168 ‚
1318 1110 1397 1178 qui
1445 1126 1532 1160 non
1580 1108 1816 1161 concordat
1864 1112 2076 1174 Romana:

446 1179 644 1233 Ecclefiae
655 1213 668 1226 .

460 1425 951 1471 Scuozlou.

324 1570 329 1572 ’
357 1572 493 1608 illatum
510 1570 601 1609 hunc
627 1567 734 1605 lucide
756 1569 855 1604 tradit
876 1569 911 1603 in
936 1567 1025 1602 libris
1040 1567 1145 1600 adver-

380 1626 433 1658 sus
453 1620 712 1657 parmenianum
736 1618 986 1653 Donatistarum
1013 1615 1146 1651 Cartha·

255 1672 425 1715 ginensem
449 1672 652 1713 Episcopum
679 1666 814 1699 Sanctus
848 1667 998 1708 Optatus-
1017 1667 1144 1709 Episco-

255 1731 316 1762 pus
329 1719 571 1752 Milevitanus:
598 1719 721 1756 Negare
732 1724 790 1744 non
797 1720 882 1753 potes
887 1713 965 1754 fiire
989 1721 1062 1748 tein
1074 1716 1144 1748 urbe

255 1773 351 1802 Roma
376 1770 465 1801 Petro
483 1770 581 1808 prImo
590 1762 778 1795 Cathedram
792 1760 999 1804 Episcopalem
1019 1765 1069 1807 ff
1093 1767 1142 1798 col·

255 1821 350 1852 latam
365 1843 375 1859 ,
405 1822 437 1850 in
457 1828 518 1859 qua
534 1813 647 1858 sederit
671 1816 801 1845 omnium
821 1812 1015 1853 Apostolorum
1055 1824 1142 1857 caput

256 1872 363 1902 Petrus
385 1891 396 1907 ,
423 1872 456 1899 in
485 1877 543 1908 qua
560 1875 622 1898 una
642 1862 800 1896 Catbedra
821 1869 926 1895 unitas
948 1864 988 1895 ab
1011 1864 1141 1897 omnibus

252 1918 450 1962 servaretur,
477 1926 512 1949 ne
533 1919 632 1949 caeteri
659 1912 781 1955 Apostoli
799 1910 931 1955 fingulas
949 1911 1006 1953 fibi
1026 1912 1144 1954 quisque

256 1968 470 2010 defenderent,
496 1974 530 1998 ut
534 1967 604 2006 jam
619 1962 825 2006 schismaticus
854 1963 888 1995 (ε’
901 1970 1038 2003 peccator
1057 1962 1120 2001 effet
1133 1987 1142 2002 ,

255 2025 307 2061 qui
329 2025 431 2050 contra
437 2010 617 2059 fingu'larem
635 2012 823 2045 cathedram
838 2035 849 2050 ‚
876 2012 955 2043 alter
962 2023 1013 2042 am
1031 2009 1134 2041 colloca

373 2065 410 2099 Id
436 2066 505 2104 est,
540 2063 597 2105 qui
622 2062 771 2104 singulari
798 2060 851 2092 isti
879 2058 1051 2092 Cathedrae
1078 2069 1142 2091 non

253 2114 535 2152 communicaret.
563 2110 675 2155 Pergit
699 2107 873 2142 adversum
897 2118 1011 2141 omnes
1031 2107 1142 2140 Dona-

254 2167 346 2200 tistas
366 2176 373 2195 :
402 2167 554 2196 Unitatem
582 2171 646 2194 cum
666 2168 725 2192 toto
749 2157 815 2190 orbe
837 2164 1008 2198 terrarum,
1034 2158 1068 2190 (θ’
1082 2168 1145 2189 cum

255 2219 402 2248 memoriis
416 2212 610 2255 Apostolorum
623 2235 634 2251 ,
661 2220 727 2252 quae
742 2212 801 2241 Deo
808 2207 930 2248 placita
953 2207 1010 2247 est,
1039 2205 1144 2240 habere

254 2264 386 2305 noluistis
401 2287 408 2296 .
436 2263 670 2305 Scripturarum
684 2258 788 2292 littera
802 2256 892 2291 abuti
909 2256 955 2291 est
969 2257 1143 2299 antiquum

255 2314 416 2349 Afrorum
434 2312 549 2345 vitium
562 2323 573 2343 .-
602 2309 694 2343 Hinc
707 2318 764 2350 pro
776 2331 786 2347 ,
812 2306 984 2339 Samiorum
1005 2307 1142 2345 neceffita-

256 2363 335 2397 tibus
348 2367 613 2399 communicantes,
641 2359 786 2401 Optatus
810 2356 920 2399 passim
942 2356 1046 2401 legit,
1072 2358 1145 2389 San-

256 2413 365 2447 aarum
386 2437 396 2454 ,
424 2411 539 2455 utique
565 2409 757 2451 Principum
783 2405 1022 2449 Apostolorum
1048 2430 1059 2446 ,
1085 2418 1144 2440 me-

257 2469 362 2498 morus
384 2486 394 2502 ‚
421 2462 455 2495 id
479 2462 548 2500 est,
575 2457 773 2502 Apostolicae
805 2456 879 2490 Sedi
894 2479 905 2495 ,
932 2460 1144 2489 communican-

257 2523 303 2547 tes
324 2537 335 2553 ‚
364 2523 460 2554 atque
482 2522 525 2544 ex
552 2507 646 2552 hujus
688 2506 934 2541 communionis
961 2506 1143 2550 privatione

257 2561 425 2596 adversum
448 2559 638 2594 Donatistas
667 2557 709 2592 de
743 2555 913 2590 schismate
952 2554 1141 2599 praescribit.

259 2613 357 2646 Suam
381 2610 652 2645 communionem
668 2631 678 2647 ,
704 2606 793 2651 quod
817 2607 940 2650 septem
965 2606 999 2640 in
1015 2606 1143 2649 Apoca-

260 2662 340 2705 lypfi
352 2659 491 2695 laudatis
515 2658 684 2695 Ecdeme,
709 2655 993 2700 &Apostolorum
1022 2667 1142 2690 memo-

260 2711 317 2746 riis
326 2709 506 2750 adhaereat,
532 2708 685 2742 asseverat
708 2706 750 2740 ab
773 2705 834 2739 hac
856 2703 960 2739 scabie
980 2707 1140 2740 securam.

257 2761 307 2798 ,Et
320 2761 424 2794 rursus
438 2760 470 2792 in
485 2759 552 2792 alio
563 2757 704 2802 ejusdem
727 2755 833 2799 operis
850 2754 953 2789 libro:
981 2758 1143 2799 Numquid

258 2817 370 2854 poteris
383 2809 547 2851 approbare
570 2808 752 2841 mendacium
771 2804 957 2838 cathedram
975 2808 1080 2845 Petri,
1109 2809 1142 2839 (9⁶

260 2862 362 2895 claves
386 2864 483 2903 Regni
508 2859 651 2891 Coelorum
674 2859 693 2890 ἂ
714 2854 829 2895 cbristo
848 2856 1007 2898 concessas,
1033 2855 1082 2888 ubi
1103 2855 1140 2896 est

260 2909 356 2951 nostra
372 2908 493 2952 societas
513 2909 525 2942 ?
564 2907 663 2941 Hanc
687 2904 936 2950 irrefragabilem
961 2904 1140 2939 schismatis

262 2971 375 2996 notam
391 2969 427 2993 ut
439 2959 456 2992 ὲ
469 2960 500 2992 se
512 2967 700 2991 amoverent
721 2956 921 2995 Donatistae‚
950 2955 1138 2990 etiam'Ro-

261 3021 351 3045 mam
377 3009 417 3043 ad
444 3010 517 3042 suos
544 3018 663 3051 paucos
698 3007 851 3040 miserunt
885 3005 919 3038 &
946 3005 1139 3040 ordinarunt

262 3059 463 3103 Episcopum
478 3083 488 3099 ‚
513 3059 569 3101 qui
593 3054 682 3100 quod
703 3056 735 3089 in
759 3056 868 3090 nescio
891 3067 953 3099 qua
979 3066 1057 3098 rupe
1084 3065 1138 3089 aut

261 3118 374 3145 monte
385 3109 523 3142 latitaret
535 3132 546 3148 ‚
572 3108 604 3141 δε
620 3107 673 3140 sua
685 3105 806 3141 ibidem
829 3103 1030 3139 schismatica
1045 3106 1136 3139 Sacra

262 3168 425 3205 perageret
446 3183 457 3199 ‚
495 3156 598 3192 dictus
625 3157 686 3190 fuit
714 3155 897 3199 Rupitanus
935 3155 1137 3199 Episcopus,

262 3220 319 3245 aut
345 3208 549 3242 Montensis.
577 3206 669 3239 Hinc
692 3206 776 3248 ipsos
795 3207 938 3249 Optatus
960 3204 1041 3239 dicit
1068 3215 1135 3239 non

260 3258 505 3295 communicare
515 3257 703 3292 Sanctorum
717 3254 950 3297 Apostolorum
962 3255 1138 3293 memoriis,

1188 1410 1250 1842 'tri
1276 1412 1459 1456 Successor,
1486 1415 1520 1450 δε
1542 1416 1731 1451 Canonicus
1745 1415 1942 1462 Apostolicae
1966 1419 2090 1456 Cathe-

1211 1464 1271 1497 drae
1288 1465 1448 1507 Sponsus,
1476 1464 1608 1500 haberet
1630 1468 1664 1500 in
1677 1468 1849 1511 potestate.
1878 1470 1921 1504 Et
1941 1470 1982 1505 de
1997 1473 2093 1506 Euse-

1212 1513 1306 1547 biana
1329 1514 1471 1548 faitione
1485 1539 1496 1555 ,
1522 1515 1691 1550 Liberium
1716 1518 1915 1554 Pontificem
1938 1521 1979 1554 ad
2002 1522 2094 1566 suam

1211 1563 1483 1596 communionem
1505 1565 1700 1608 compellere
1723 1576 1891 1609 tentante,
1919 1567 2095 1604 scribit‘ad

1211 1612 1287 1644 suos
1310 1611 1499 1646 Monachos
1523 1615 1653 1648 Sanstus
1675 1614 1890 1652 Athanasius:
1917 1619 1975 1659 Ista
1997 1618 2096 1662 secum

1209 1666 1473 1704 impitcogitaerunt
1487 1686 1498 1701 ,
1517 1662 1548 1704 fi
1554 1664 1704 1698 Liberium
1716 1672 1749 1699 tn
1768 1667 1895 1707 nostram
1912 1668 2093 1711 sententiam

1211 1716 1394 1744 traxerimus
1420 1737 1431 1752 ,
1459 1724 1560 1746 omnes
1597 1714 1681 1748 brevi
1712 1714 1919 1758 superabimus
1946 1743 1954 1750 .
1990 1718 2096 1767 Qod

1213 1771 1327 1803 nempe
1339 1773 1437 1795 nemo
1449 1761 1655 1798 orthodoxus
1680 1764 1862 1803 &Romana
1889 1770 2096 1804 communio-

1212 1822 1251 1844 ne
1267 1812 1359 1854 poffit
1372 1813 1434 1845 esse
1445 1813 1571 1847 alienus
1584 1840 1591 1847 .
1621 1815 1663 1849 Et
1675 1816 1707 1848 in
1722 1817 1837 1851 codice
1858 1817 2095 1853 Theodosiano

1209 1861 1309 1895 exstat
1332 1861 1482 1896 Gratiani
1508 1874 1546 1897 ac
1559 1862 1742 1899 Theodosii
1766 1865 1916 1902 Edictum
1940 1867 1981 1902 ad
1994 1880 2096 1912 popu·

1214 1910 1282 1943 lum
1310 1911 1720 1956 Constantinopolitanum
1748 1928 1756 1947 z
1790 1918 1917 1951 CunHos
1942 1920 2065 1961 populos
2082 1944 2093 1960 ,
2112 1933 2170 1964 Lib,
2196 1937 2244 1966 15,

1208 1969 1279 1999 quos
1301 1961 1476 1994 Clementia·
1501 1963 1603 2002 nostrae
1626 1972 1702 2009 regit
1726 1975 1991 2008 temperamentum
2013 1994 2025 2011 ,
2061 1975 2094 2003 in
2111 1976 2155 2005 tit.
2202 1972 2227 2004 ι’.

1209 2007 1266 2035 tali
1277 2009 1411 2041 volumus
1424 2012 1572 2053 Religlone
1588 2014 1704 2055 versari
1718 2038 1728 2053 ,
1756 2028 1847 2056 quam
1870 2021 2017 2052 DivInum
2040 2022 2096 2053 Pe·
2117 2024 2177 2054 cap·
2196 2025 2226 2043 ²·

1211 2060 1291 2084 trum
1333 2054 1491 2094 Apostolum
1513 2062 1655 2091 Romanis
1690 2065 1845 2105 tradidiffi’
1872 2070 1985 2110 Reltgio
2004 2068 2095 2110 usque

1209 2113 1284 2135 nunc
1307 2101 1343 2133 ab
1365 2102 1428 2145 ipso
1451 2103 1597 2143 infinitam
1616 2109 1773 2148 declarat,
1801 2122 1950 2155 quamque
1974 2119 2095 2160 Pontifi-

1208 2162 1268 2184 cem
1278 2151 1442 2195 Damasum
1449 2152 1535 2196 sequi
1546 2156 1638 2188 claret
1653 2181 1663 2196 ,
1691 2159 1724 2190 (¹5
1748 2161 1871 2192 Petrum
1896 2163 2094 2200 Alexandria»

1209 2199 1385 2243 Episcopum
1409 2228 1419 2243 ,
1459 2210 1560 2236 virum
1584 2207 1747 2246 Apostollcae
1767 2208 1943 2250 sant‘litatis
1965 2238 1970 2245 .
2013 2214 2091 2251 Post

1208 2250 1391 2285 Sardicense
1416 2254 1608 2288 Concilium
1626 2256 1805 2292 Eusebiana
1829 2261 1926 2296 factio
1940 2264 2045 2306 palam
2059 2268 2091 2301 se

1207 2301 1385 2346 segregarat
1423 2303 1441 2336 ὲ
1479 2304 1632 2340 Romana
1669 2307 1811 2342 Ecclesia
1838 2333 1849 2348 ‚
1884 2312 1919 2345 <Sc
1955 2326 2089 2351 omnem

1206 2352 1379 2386 Orientem
1403 2351 1625 2389 schismatibus
1651 2356 1840 2393 &adversis
1864 2361 2017 2396 altaribus
2031 2366 2089 2400 im-

1206 2402 1346 2444 pleverat
1374 2416 1381 2435 :
1432 2405 1599 2446 praesertim
1637 2406 1694 2440 sub
1729 2408 1869 2452 Imperio
1910 2411 2058 2448 Valentis
2078 2441 2084 2447 .

1207 2451 1305 2485 Hanc
1330 2452 1548 2488 calamitatem
1571 2457 1736 2491 sanaturus
1758 2458 1904 2504 Magnus
1929 2461 2087 2498 Theodo-

1205 2501 1265 2535 ssus
1289 2500 1421 2536 laudato
1445 2503 1559 2538 Edicto
1594 2505 1782 2542 Romanam
1815 2514 2085 2549 communionem

1204 2550 1358 2591 restituit,
1385 2564 1500 2587 omnes
1524 2555 1598 2588 illos
1613 2580 1623 2595 ,
1650 2558 1703 2600 qui
1726 2558 1765 2592 ad
1790 2560 1889 2603 ipsam
1914 2574 1983 2596 non
2004 2565 2085 2598 redi-

1205 2610 1276 2634 rent
1289 2625 1300 2641 ,
1326 2612 1491 2646 tamquam
1503 2606 1655 2647 profeffos
1673 2607 1873 2649 Haereticos‚
1898 2612 1931 2645 ὅ(
1951 2614 2083 2647 damna-

1186 2647 1311 2688 {torum
1351 2652 1670 2689 Conventiculorum
1699 2659 1845 2701 sequaces
1866 2664 2083 2704 pronuntians

1204 2701 1265 2735 esse
1291 2702 1490 2737 tractandos.
1516 2703 1639 2748 Papam
1664 2707 1868 2750 Damasum,
1893 2712 1946 2745 seu
1973 2714 2081 2756 potius

1202 2751 1270 2793 ejus
1283 2751 1481 2786 Cathedram
1493 2754 1629 2789 affirmat
1641 2758 1703 2790 esse
1716 2759 1893 2801 supremam
1919 2762 1952 2795 δε
1967 2764 2080 2797 imma-

1201 2801 1341 2835 culatam
1357 2802 1498 2837 radicem
1516 2804 1615 2838 totius
1628 2805 1808 2842 Catholicae
1831 2811 1966 2844 unitatis
1978 2837 1985 2843 .
2012 2812 2079 2846 Ad-

1201 2852 1249 2885 dit
1263 2851 1296 2884 &
1309 2851 1442 2886 Petrum
1457 2853 1665 2889 Alexandriae
1676 2855 1892 2893 patriarcham
1905 2884 1915 2899 ,
1943 2862 2029 2903 quod
2052 2863 2079 2896 is

1201 2901 1492 2936 SanctiAthanafii
1513 2905 1589 2938 esset
1612 2905 1794 2947 Successor,
1824 2909 1856 2941 ὃς
1882 2909 2077 2946 firmissimus

1201 2954 1321 2994 semper
1342 2951 1515 2987 adhaesisset
1536 2954 1670 2989 laudatae
1691 2956 1879 2998 Cathedrae,
1906 2970 2003 3002 atque
2030 2962 2076 2995 ita

1200 3002 1308 3036 omnis
1319 3002 1375 3045 ipsi
1390 3005 1634 3037 communicans
1647 3005 1744 3039 etiam
1767 3007 1909 3041 Damaso
1929 3021 2076 3045 commu-

1202 3053 1337 3086 nicaret.
1367 3052 1409 3085 Et
1422 3051 1499 3086 hinc
1523 3053 1563 3087 ad
1575 3055 1725 3088 Sanstum
1748 3054 1929 3091 Acholium
1939 3059 2075 3094 Thessa·

1200 3103 1398 3136 lonicensem
1439 3101 1729 3147 Archiepiscopum
1768 3106 1876 3140 scribit
1896 3106 1935 3140 de
1956 3110 2073 3144 Sancto

1202 3151 1378 3186 Athanasio
1389 3153 1536 3197 Magnus
1557 3153 1715 3188 Basilius.-
1742 3158 1876 3188 studium
1894 3159 1971 3190 illud
1991 3168 2072 3192 tuum

1200 3208 1231 3235 t‘n
1252 3203 1450 3242 Beatiffimum
1472 3201 1661 3243 Athanasium
1682 3215 1747 3237 erat
1766 3207 2003 3246 evidentifflmum
2026 3221 2075 3241 ar-

1196 3261 1368 3295 gumentum
1396 3275 1406 3291 ,
1439 3260 1468 3286 te
1493 3258 1525 3285 in
1551 3259 1690 3287 maximis
1721 3253 1792 3295 fidei
1816 3257 1964 3297 capitibus
1997 3258 2075 3291 recle

260 3309 375 3349 idest,
403 3320 479 3343 vero
495 3309 722 3341 Romanorum
747 3304 932 3349 Episcopo,
961 3306 1016 3349 qui
1039 3304 1137 3338 diClas
1197 3300 1303 3343 sentire
1322 3325 1329 3333 ·
1370 3303 1413 3335 Et
1436 3302 1471 3336 in
1495 3302 1565 3337 aliis
1599 3303 1639 3337 ad
1663 3304 1815 3338 Sanctum
1851 3305 2072 3349 Epiphanium

259 3359 433 3396 memorias
460 3359 511 3391 seu
533 3356 680 3391 Basilicas
704 3365 869 3398 tamquam
893 3355 1057 3400 legitimus
1081 3354 1135 3388 Pe·

358 3407 464 3449 Christ.
472 3411 550 3450 Lupi
563 3409 770 3449 Oper.T0m.V.

1200 3351 1311 3386 litteris
1330 3351 1460 3387 Meletii
1488 3377 1499 3394 ,
1538 3352 1647 3435 dubii1
1666 3354 1700 3386 δε
1721 3354 1912 3389 contentiosi
1938 3356 2074 3391 Patriar-

1675 3403 1686 3436 i
1738 3414 1757 3450 3
1958 3405 2025 3440 chae
