2366 3756
85 646 158 684 Cap.
190 654 215 681 5.

341 132 437 162 100
516 114 925 160 N1c0LA1

268 210 356 236 tores
378 210 434 236 aut
449 198 703 244 praevaricatores
714 196 884 233 tutandam
905 201 1002 237 atque
1025 193 1155 228 firman-

263 251 341 286 dam
371 251 518 287 confiuae
537 248 571 282 δι
594 248 734 293 vulgata:
757 273 764 280 .
791 247 845 279 Ex
873 243 1019 288 pluribus
1039 244 1075 278 id
1101 244 1154 279 de-

264 301 432 336 monstrari
444 298 540 343 possit
552 298 714 343 capitibus
727 321 735 328 .
763 295 807 335 Et
819 293 980 345 ejusmodi
993 294 1152 340 figmenta

262 353 342 385 olim
357 352 487 384 fuerunt
499 347 670 387 familiaria
682 372 689 379 .
1019 345 1022 347 ’

313 401 461 435 Primum
475 399 553 444 ergo
567 409 625 442 pro
642 396 854 437 ulterioribus
865 395 1020 443 gradibus
1039 396 1153 432 Eccle-

263 450 425 485 siasticum
439 452 617 486 Decretum
634 447 722 483 venit
736 447 755 481 ὸ,
778 447 920 483 secunda
934 473 945 489 ‚
969 457 1069 491 quam
1093 446 1152 482 sub

264 501 431 536 Bonifacii
453 494 585 534 secundi
598 498 723 542 Papam
737 498 778 532 ad
792 499 994 544 trigesimum
1009 499 1151 541 primum

263 552 345 585 sexti
368 547 547 585 Christiani
572 550 678 588 saeculi
701 559 827 588 annum
850 547 1026 586 celebravit
1047 544 1153 583 Mon-

262 611 359 636 tanus
383 599 681 643 Archiepiscopus‚
709 598 847 644 Synodo
874 599 1067 634 Toletana:
1096 604 1149 632 Ne

260 657 330 694 quis
356 652 489 695 fidelium
506 656 708 694 propinquam
725 649 904 693 sanguinis,
931 648 1078 693 usquequo
1102 648 1151 690 af-

256 703 392 746 finitatis
418 703 602 735 lineamenta
619 705 735 745 generis
758 699 918 744 succeffione
929 698 1093 744 cognoscit,
1120 705 1152 732 in

260 758 447 788 matrimonio
461 750 518 794 fibi
542 750 682 793 defideret
710 752 838 793 copulari
863 775 871 782 .
900 750 1022 785 Utitur
1045 760 1127 790 ‚voce
1143 773 1155 791 ,

261 806 439 843 sancimus,
465 804 506 836 de
531 803 620 836 nulla
644 803 743 846 priori
767 801 1034 845 praevaricatione
1047 799 1153 841 queri·

259 863 313 887 tur
338 879 349 895 ‚
387 854 439 888 sed
463 851 548 887 hanc
572 853 737 898 Regulam
763 850 973 886 solummodo
997 860 1086 884 vetat
1108 859 1153 885 te·

260 905 376 941 merari
399 905 552 946 deinceps
567 928 576 943 ,
602 903 749 946 adeoque
773 901 953 940 Decretum
983 898 1069 938 istud
1089 900 1152 943 fuit

258 964 338 989 tunc
362 956 395 992 in
418 955 579 998 Hispania
601 953 744 987 omnino
780 963 906 986 novum
928 951 962 986 &
985 953 1150 996 primum.

258 1005 303 1040 Et
324 1005 365 1039 ad
386 1006 491 1049 ipsum
525 1004 642 1038 alludit
677 1004 712 1037 in
746 1002 996 1047 AEtymologiis
1018 1003 1151 1037 Sanctus

86 1066 151 1101 L9·
168 1075 198 1096 c,
213 1072 238 1098 6.
257 1055 395 1090 liidorus
420 1053 696 1098 Archiepiscopus
727 1053 925 1097 Hispalensis
945 1065 951 1084 :
992 1052 1087 1096 Usque
1110 1054 1153 1086 ad

251 1105 374 1149 semum
395 1112 514 1150 generis
526 1106 657 1150 gradum
669 1102 915 1148 consanguinitas
928 1103 1082 1144 constituta
1093 1102 1148 1144 est.

256 1156 301 1189 Et
320 1156 376 1190 dat
397 1153 528 1191 causam
551 1168 558 1188 :
586 1160 624 1188 Ut
639 1153 712 1196 ficut
730 1152 788 1197 sex
813 1154 954 1188 aetatibus
976 1153 1082 1187 mundi
1097 1166 1149 1198 ge·

256 1212 367 1239 netatt'o
390 1209 425 1241 Θ·
445 1206 573 1240 hominis
591 1205 690 1246 slatus
722 1204 831 1252 finitur
852 1229 863 1245 ,
898 1211 943 1242 itct
975 1206 1008 1245 (5
1029 1210 1152 1247 propin-

257 1260 359 1298 quitas
382 1263 500 1301 generis
527 1265 570 1294 tot
582 1255 730 1299 gradibus
746 1261 972 1292 terminaretur.
1002 1255 1149 1302 Quidam

255 1316 365 1340 tamen
386 1303 590 1344 *existimant
617 1305 680 1340 esse
701 1305 845 1346 spurium
868 1305 1148 1343 additamentum.

255 1354 304 1388 Ar
329 1356 418 1398 ipsos
451 1365 555 1389 errare
590 1353 747 1386 evincunt
781 1353 922 1393 antiqua:
958 1352 1150 1395 Vifigotho-

254 1415 326 1441 rum
354 1405 459 1449 leges²
488 1404 521 1436 in
545 1412 682 1444 quarum
703 1400 802 1434 tertio
827 1399 912 1434 libro
939 1399 1051 1435 statuit
1076 1400 1149 1438 isto-

80 1452 138 1482 Tit.
159 1462 182 1489 5·
209 1462 234 1485 C·
254 1465 327 1490 rum
352 1456 387 1488 in
411 1452 573 1497 Hispania
596 1451 671 1484 Rex
684 1450 921 1489 Recesuintus;
949 1452 1150 1492 Nullusprae-

85 1503 108 1522 1.

118 1884 222 1907 [⁴⁸12

82 1920 111 1945 ὃ.

87 2039 160 2074 Cap.

175 2039 220 2065 16.

109 1889 111 1894 χ
230 1895 235 1899 ,
255 1858 342 1891 libro
363 1857 504 1892 sancitur
527 1867 534 1887 ε

109 1897 113 1904 ι
132 1898 138 1904 ”
162 1899 184 1905 -.
250 1907 407 1952 sanguinis
416 1905 462 1950 sui
472 1907 604 1948 conjugio
615 1903 748 1945 copulet.
775 1904 889 1936 Nullus
915 1901 1003 1945 usque
1027 1904 1072 1935 ad
1077 1900 1146 1945 sex-

249 1505 351 1550 sumat
368 1506 405 1540 de
422 1515 530 1549 genere
547 1507 649 1546 patris
662 1525 672 1542 ‚
691 1511 744 1536 aut
765 1506 875 1537 matris
900 1525 911 1542 ,
948 1508 1000 1534 aut
1024 1508 1126 1534 uxoris
1139 1525 1148 1541 ,

255 1563 288 1590 in
315 1560 507 1591 matrimonio
530 1555 682 1596 copulare,
699 1557 744 1586 ita
764 1561 798 1587 ut
817 1549 907 1595 usque
916 1550 1088 1595 adse->ctum
1097 1563 1146 1595 ge·

255 1613 335 1640 neris
355 1607 489 1651 gradum
514 1604 589 1638 nulli
612 1605 698 1637 liceat
717 1600 877 1646 sanguinis
891 1606 1147 1648 propinquitatem

253 1656 535 1697 libidinosefoedare
546 1680 556 1696 ,
584 1656 635 1691 vel
642 1659 674 1687 in
686 1655 816 1696 conjugio
825 1659 965 1695 appetere
979 1676 989 1692 ,
1015 1657 1146 1694 exceptis

254 1708 315 1741 illis
334 1706 493 1750 persom's,
519 1716 597 1750 quas
617 1712 674 1746 per
700 1704 916 1739 ordinationem
927 1711 1018 1745 atque
1031 1699 1147 1745 consen·

251 1757 318 1801 sum
343 1760 518 1800 Principum
529 1757 600 1792 ante
616 1753 693 1787 hanc
703 1755 794 1802 legem
807 1752 916 1792 constat
926 1754 1052 1795 adeptos
1056 1751 1148 1795 fuisse

253 1811 419 1851 conjugium
443 1831 450 1841 ,
492 1807 537 1841 Et
559 1807 593 1838 in
622 1803 821 1838 duodecimo
843 1803 987 1846 ejusdem
1011 1802 1147 1837 Codicis

568 1859 665 1887 Nemo
691 1854 729 1886 de
744 1856 777 1898 J
779 1854 874 1891 udaeis
890 1858 1146 1895 propinquitatem

255 1967 318 1992 tum
336 1963 456 2002 generis
481 1955 611 1999 gradum
643 1959 719 1988 coitu
753 1964 966 1996 quamcumque
989 1951 1147 2006 personam

255 2013 423 2052 contingat.
453 2005 554 2045 Deest
571 2004 650 2049 legis
663 2003 808 2038 Auctor:
836 2002 945 2037 Fuiss'e
971 2001 1145 2039 Chintill'a'-

260 2071 342 2093 num
355 2059 482 2102 Regem
496 2055 696 2092 demonstrat
714 2054 866 2097 profeffio
879 2077 889 2093 ,
917 2063 1015 2097 quarn
1027 2053 1069 2086 de
1081 2053 1147 2095 ipsa

259 2108 329 2153 post
357 2110 498 2142 multam
518 2104 814 2140 recalcitrationem
836 2103 990 2139 servanda
1003 2101 1148 2138 fecerunt

259 2159 359 2203 Judaei
380 2156 465 2199 apud
486 2156 615 2198 Regem
639 2152 875 2185 Recesuintum
898 2174 905 2182 .
933 2150 986 2182 Ex
1010 2161 1077 2194 quo
1101 2150 1149 2183 lu-

258 2218 310 2242 cet
335 2218 402 2241 non
424 2203 532 2244 hunc,
561 2202 613 2236 sed
638 2200 780 2235 omnino
793 2199 1146 2235 Richaredumlataein

260 2257 446 2293 Christiana
469 2252 681 2289 matrimonia
705 2251 786 2296 legis
818 2250 911 2283 fuisse
944 2249 1142 2285 Auctorem.

261 2310 305 2343 Et
338 2308 397 2344 ista
431 2303 583 2351 professio
614 2301 743 2336 videtur
767 2311 835 2337 non
858 2299 952 2337 fuisse
974 2298 1146 2335 constans,

263 2359 413 2393 Eandem
432 2356 521 2391 enim
547 2355 580 2389 in
593 2352 719 2397 Judaeos
731 2352 837 2396 legem
855 2349 979 2386 iteravit
992 2374 1002 2390 ‚
1034 2350 1149 2393 &gra-

264 2409 399 2443 vissimis
420 2407 523 2450 poenis
546 2404 687 2438 munivit
709 2403 781 2436 Rex
798 2400 968 2444 Ervigius.
996 2398 1150 2434 Catholi-

264 2459 378 2494 cissimi
401 2457 569 2500 Principes
589 2453 758 2488 laudatum
794 2451 944 2494 Episcopi
970 2449 1146 2489 Montani,

264 2510 423 2554 quoniam
449 2510 481 2541 in
495 2505 633 2541 naturali
648 2500 944 2547 jurefundabatur,
971 2500 1148 2536 Canonem

265 2560 440 2595 voluerunt
463 2559 563 2593 etiam
584 2556 601 2589 a
625 2554 754 2598 perfidis
789 2552 904 2596 Judaeis
924 2550 1148 2587 observatum.

236 2634 237 2637 =
266 2609 371 2645 Porro
395 2608 545 2645 notandae
569 2607 645 2641 sunt
667 2604 707 2640 ad
719 2604 822 2648 quarti
839 2602 911 2636 libri
925 2602 1066 2645 primum
1078 2601 1153 2634 titu-

266 2662 337 2696 lum
359 2662 480 2704 priores
502 2666 643 2703 quatuor
663 2655 750 2700 leges
775 2667 782 2687 :
818 2651 963 2689 Edicunt
984 2651 1095 2685 fratres
1120 2650 1154 2682 in

267 2711 430 2750 secund0,
458 2707 672 2745 consobrinos
694 2706 728 2738 in
751 2711 888 2748 quarto,
917 2702 1065 2738 sobrinos
1090 2699 1152 2735 effe

271 2762 305 2795 in
328 2762 421 2794 sexto
443 2758 564 2803 gradu.
594 2757 675 2790 Non
708 2755 799 2797 juxta
823 2752 1001 2789 hodiernos
1033 2752 1158 2785 Latinae

271 2810 421 2844 Ecclesiae
447 2809 603 2842 Canones
628 2814 821 2844 numerant,
848 2804 901 2839 sed
917 2801 1093 2837 secundum
1114 2802 1158 2835 ci·

272 2860 355 2893 viles
376 2859 604 2892 Romanorum
626 2855 731 2898 leges.
759 2853 878 2898 Agunt
901 2854 941 2887 de
954 2852 1159 2887 succeffioni-

274 2910 335 2944 bus
355 2907 390 2941 in
413 2905 605 2951 temporales
629 2903 846 2941 haereditares.
886 2904 996 2950 Quam
1019 2905 1158 2937 formam

275 2972 317 2994 an
329 2959 428 2993 etiarn
447 2958 480 2992 in
495 2955 699 2993 matrimonii
714 2954 956 2997 impedimentis
970 2953 1159 2989 servandam

276 3009 402 3047 velint,
429 3009 571 3053 ignoro.
599 3006 643 3040 Et
654 3003 733 3039 hinc
748 3004 903 3039 adductus
928 3003 1088 3037 Montani
1099 3001 1160 3036 Ca-

279 3070 349 3094 non
382 3057 547 3091 hodiernis
578 3055 785 3091 matrimonii
814 3051 1057 3102 impedimentis
1089 3064 1157 3090 non

279 3107 449 3147 manifeste
470 3106 555 3140 favet
568 3129 576 3136 .

329 3160 480 3193 Romana
502 3155 554 3189 lex
574 3155 698 3188 dudum
723 3155 830 3200 viguit
849 3154 948 3190 etiarn
973 3153 1007 3186 in
1032 3152 1158 3188 Gallia,

279 3210 413 3243 Etenim
436 3208 476 3242 ad
501 3205 582 3242 sexti
609 3205 713 3238 saeculi
735 3214 858 3238 annum
891 3204 1016 3238 sextum
1049 3202 1159 3238 habita

105 3271 179 3309 Cap.
194 3273 240 3298 61.
278 3259 435 3302 Synodus
452 3254 649 3301 Agathenfis
675 3254 791 3289 diserte
816 3262 902 3291 vetat
924 3253 990 3287 sola
1005 3253 1158 3298 conjugia

281 3308 583 3344 Consobrinoium.
612 3304 850 3342 Sobrinorum,
878 3315 960 3347 quos
972 3304 1032 3339 effe
1044 3305 1161 3337 conso·

281 3360 453 3393 brinorum
478 3357 566 3391 filios
587 3379 598 3396 ,
625 3354 764 3397 ideoque
789 3353 885 3387 tertio
908 3351 1010 3397 gradu
1032 3353 1159 3395 junstos

283 3410 363 3448 reste
385 3409 519 3444 affirmat
539 3406 574 3442 in
597 3402 1156 3446 addustolocolaudatuslsidorus3

995 113 1392 160 SecuNDI

1466 109 2021 167 PONTII-‘1018

1222 196 1322 242 prima
1349 196 1495 232 inhibuit
1512 198 1552 234 ad
1577 197 1720 242 ejusdem
1746 202 1847 237 saeculi
1873 214 1999 239 annum
2017 204 2102 240 deci-

1220 259 1311 283 mum
1335 249 1510 292 septimum
1529 250 1684 292 synodus
1725 249 1922 294 Epaonensis
1942 267 1950 288 :
1986 258 2020 291 si
2034 263 2101 299 quis

1220 297 1421 341 consobrinae,
1444 298 1614 342 sobrinaeve
1631 299 1664 343 se
1685 299 1799 344 societ,
1825 303 1948 348 incestos
1968 307 2022 352 effl-
2037 303 2105 344 cen}

1210 347 1306 393 semus
1325 373 1333 380 .
1374 351 1469 392 ,Quod
1487 360 1520 383 ut
1546 351 1566 381 ιὶ
1582 349 1729 394 praesenti
1749 358 1877 394 tempore
1896 354 2103 401 prohibemus,

1214 406 1260 432 ita
1291 410 1325 432 ea
1347 410 1415 442 quae
1446 398 1520 442 sunt
1543 403 1680 436 anterius
1702 401 1838 442 instituta
1859 411 1920 436 non
1936 404 2100 446 firlvt'mus.

1213 447 1296 496 Qae
1317 449 1462 483 clausula
1484 450 1567 485 solas
1588 451 1797 490 sobrinorum
1809 453 1941 497 nuptias
1951 457 2102 499 respicit,

1217 498 1392 550 lucideque
1415 501 1553 535 affirmat
1573 501 1655 545 ipsas
1678 504 1780 546 ul'que
1800 514 1881 543 tunc
1892 505 1925 541 in
1942 504 2053 540 Gallia
2064 507 2103 540 li-

1214 549 1328 584 cuisse.
1361 550 1498 600 Easdem
1517 551 1627 590 denuo
1651 563 1763 587 vetant
1783 554 1824 589 ad
1842 554 1983 598 ejusdem
1996 556 2103 591 saeculi

1214 600 1416 645 trigesimum
1438 602 1597 645 quintum
1621 604 1724 647 prima
1746 603 1980 646 Arvernam,
2005 607 2040 641 ἀ
2055 606 2101 643 ad

1214 657 1339 684 annum
1365 652 1634 697 septuagesimum
1655 656 1806 688 octavum
1830 654 1982 698 Synodus
2002 658 2102 691 Anti-

1214 700 1404 737 fiodorensis
1420 726 1428 734 .
1471 701 1599 747 Nempe
1633 703 1829 746 Epaonense
1851 700 1909 748 pro
1931 707 2007 739 solis
2035 706 2101 742 fere

1215 751 1402 796 Burgundis
1426 749 1603 795 Decretum
1627 754 1746 798 reliqua
1763 755 1863 789 etiam
1883 755 1994 790 Gallia
2004 756 2101 799 pede-

1214 803 1333 840 tentim
1355 802 1492 846 suscepit
1516 828 1524 836 .
1549 804 1717 853 Qinimo
1740 805 1780 839 ad
1805 817 1931 839 annum
1947 807 2103 852 sexagesi-

1216 863 1306 886 mum
1331 853 1504 903 septimum
1534 855 1672 893 secunda
1704 855 1911 890 Turonensis
1944 857 2107 898 synodus·

1215 902 1501 938 consobrinorum
1529 904 1683 950 conjugia
1695 905 1807 945 denuo
1820 914 1931 947 vetat,
1953 906 2102 942 adducit-

1213 964 1276 997 que
1299 953 1464 988 laudatam
1489 953 1626 993 Arcadii
1648 956 1777 1000 legem,
1805 957 1928 991 addens
1941 955 2102 992 Theodo-

1212 1004 1337 1039 sianum
1359 1003 1520 1039 Codicem
1542 1006 1603 1039 effe
1635 1017 1755 1040 notum
1783 1005 1885 1041 doctis
1919 1017 2018 1051 atque
2051 1009 2101 1042 in-

1213 1054 1335 1088 doffls:
1367 1054 1469 1102 Quod
1493 1055 1647 1090 videlicet
1667 1067 1708 1090 eo
1720 1058 1820 1103 usque
1832 1058 1966 1102 quidam
1981 1059 2100 1093 Franci

1213 1114 1269 1139 aut
1291 1106 1437 1139 Romani
1461 1105 1536 1139 talia
1548 1105 1703 1150 conjugia
1715 1116 1931 1141 attentarent.
1960 1110 2101 1143 Dudum

1215 1156 1312 1200 igitur
1335 1155 1477 1190 Ecclesia
1501 1157 1585 1190 circa
1607 1155 1693 1191 hanc
1723 1159 1893 1192 materiam
1925 1159 2010 1193 vixit
2030 1158 2099 1201 jure

1213 1206 1394 1251 imperiali,
1425 1205 1614 1252 nullamque
1635 1206 1852 1244 universalem
1866 1207 1923 1243 fibi
1935 1210 2100 1254 propriam

1214 1256 1328 1296 habuit
1345 1255 1469 1302 legem,
1562 1257 1566 1260 ’
1999 1256 2002 1258 ’

1262 1305 1407 1346 Proinde
1429 1310 1555 1351 primus
1577 1309 1726 1348 Ecclesiae
1760 1309 1881 1344 Canon
1917 1309 2099 1359 generalis,

1212 1356 1268 1397 qui
1293 1356 1393 1397 usque
1413 1357 1454 1389 ad
1482 1358 1655 1398 septimum
1677 1359 1831 1392 inclusive
1855 1361 2017 1403 gradum,
2041 1370 2099 1393 aut

1213 1405 1311 1450 usque
1332 1404 1373 1438 ad
1398 1405 1546 1448 quamvis
1572 1406 1674 1449 juncti
1701 1407 1870 1452 sanguinis
1883 1410 2036 1445 notitiam
2047 1409 2103 1443 fie-

1212 1455 1236 1487 ri
1268 1453 1425 1499 conjugia
1442 1455 1564 1496 vetuit,
1594 1456 1716 1498 prodiit
1736 1457 1753 1491 a
1779 1457 1934 1492 Romana
1962 1459 2102 1501 Synodo

1212 1503 1368 1546 Gregorii
1392 1505 1544 1540 secundi,-
1573 1504 1617 1538 Et
1634 1505 1714 1538 hinc
1736 1506 1755 1543 a
1777 1506 1952 1545 Britonum
1967 1508 2101 1551 Episco-

1213 1553 1258 1595 pis
1281 1552 1451 1591 consultus
1476 1552 1539 1587 hac
1563 1554 1604 1591 dc
1625 1566 1659 1590 re
1681 1554 1754 1592 Leo
1776 1567 1932 1599 quartus,
1959 1569 2028 1592 non
2056 1557 2099 1592 ad

1210 1602 1386 1642 Nicaenum
1413 1603 1616 1646 Canentem,
1642 1616 1704 1639 nec
1730 1603 1775 1647 ad«
1794 1605 1914 1653 Magni
1941 1607 2098 1653 Gregorii

1210 1663 1265 1687 aut
1275 1653 1394 1691 Felicis
1416 1654 1620 1692 Meffinenfis
1636 1655 1927 1700 Episcopizlitteras
1939 1658 2098 1700 recurritr,

1210 1703 1263 1741 sed
1282 1702 1465 1746 respondit:
1492 1707 1531 1739 Ut
1555 1705 1711 1748 definitum
1721 1705 1970 1749 estdParribus,
1997 1709 2097 1743 nullus

1215 1754 1252 1787 de
1271 1759 1402 1795 propria
1423 1761 1592 1798 cognatione
1596 1755 1652 1797 fibi
1660 1757 1771 1789 audeat
1789 1758 1944 1799 copulare,
1969 1760 2099 1799 alioquin

2117 281 2192 319 Cap.
2228 289 2262 317 30

1209 1803 1370 1838 anathema
1384 1803 1424 1845 fit
1435 1829 1443 1836 .
1469 1806 1554 1842 Unde
1573 1807 1665 1841 Beati
1677 1808 1810 1847 junioris
1824 1810 1958 1850 Gregorii
1972 1811 2100 1842 Decreta
2117 1793 2246 1832 &9'39'

1209 1854 1317 1890 eximie
1333 1852 1406 1897 fient
1431 1857 1562 1889 tenenda
1583 1881 1590 1889 .
1633 1855 1689 1890 Ad
1713 1855 1851 1893 eandem
1879 1856 2099 1902 Bulgarorum

1208 1903 1417 1946 quaestionem
1439 1904 1606 1949 respondit
1629 1907 1662 1940 &
1684 1903 1843 1940 Nicolaus
1854 1909 1977 1950 primus
1990 1910 2097 1943 ascen-

1209 1953 1357 1987 dentium
1379 1965 1456 1993 curn
1476 1954 1744 1990 descendentibus
1765 1955 2039 1998 impedimentum
2052 1959 2097 1992 es·

1210 2004 1240 2041 se
1259 2004 1435 2044 naturale,
1463 2004 1605 2048 ideoque
1626 2005 1779 2048 protendi
1804 2006 1838 2039 in
1851 2007 2020 2041 infinitum
2035 2032 2046 2047 ,
2063 2008 2097 2042 δε

1209 2051 1360 2098 adjungit
1380 2052 1421 2087 de
1431 2054 1692 2093 collateralibus:
1722 2060 1804 2088 Inter
1814 2068 1867 2089 ear
1876 2067 1987 2100 quoque
1998 2056 2096 2100 perso-

1209 2115 1288 2141 nas,
1312 2115 1382 2145 quae
1402 2115 1441 2137 ex
1463 2103 1637 2148 transverso
1651 2107 1753 2149 gradu
1763 2113 1944 2148 cognationis
1958 2109 2098 2151 jungun-

1210 2158 1257 2186 tur
1272 2175 1283 2191 ,
1309 2151 1347 2191 est
1368 2154 1509 2193 quaedam
1525 2154 1631 2194 ffinilis
1646 2155 1812 2197 observatio
1825 2181 1834 2195 ,
1856 2155 1977 2203 sednon
1988 2166 2094 2196 tanta.

1210 2203 1294 2234 sacri
1316 2203 1387 2234 vero
1409 2205 1565 2247 canones,
1594 2204 1786 2245 &praecipue
1807 2205 1967 2239 zacharia
1988 2205 2099 2249 summi

1212 2249 1354 2293 Praesulis
1380 2254 1524 2292 Decreta,
1551 2254 1626 2294 quid
1645 2253 1693 2286 hic
1706 2256 1896 2299 promulgent
1915 2280 1926 2295 ,
1953 2254 2100 2298 Episcopo

1210 2299 1304 2339 vestro
1327 2300 1413 2333 vobis
1433 2303 1653 2342 explorandum
1684 2303 1880 2344 relinquimus
1908 2329 1915 2336 .
1944 2306 2101 2349 Gregorii

1209 2350 1300 2383 enim
1325 2350 1459 2384 secundi
1471 2350 1610 2385 Decreta
1622 2350 1796 2385 Zacharias
1810 2353 2012 2395 singulariter
2022 2366 2103 2390 con·

1216 2399 1376 2438 firmavit,
1407 2399 1450 2433 Et
1474 2400 1571 2443 Ionas
1595 2400 1835 2437 Aurelianensis
1856 2402 2037 2448 Episcopus
2064 2408 2101 2439 in

1215 2449 1302 2483 libris
1331 2449 1372 2484 de
1394 2449 1519 2485 Laicali
1540 2450 1749 2486 institutione
1767 2477 1778 2493 ,
1816 2454 1945 2497 septimi
1983 2455 2102 2499 gradus

1213 2500 1452 2537 observantiam
1472 2500 1586 2535 volens
1613 2502 1675 2536 esse
1697 2501 1931 2545 Apostolicum
1968 2505 2101 2540 Institu-

1214 2562 1306 2590 tum,
1331 2550 1458 2584 nullum
1481 2551 1644 2595 Gregorio
1672 2552 1814 2586 secundo
1837 2553 1979 2598 priorem
1990 2554 2101 2589 Cauo-

1215 2611 1288 2634 nem
1306 2601 1413 2643 potuit
1425 2600 1602 2638 adducere.
1630 2600 1781 2638 Adduxit
1794 2600 1884 2638 hunc
1898 2603 2075 2640 Canonem
2086 2619 2098 2637 .-

1213 2654 1243 2684 5i
1265 2657 1333 2692 qm's
1351 2652 1389 2684 de
1407 2657 1532 2693 propria
1552 2658 1744 2695 cognatione,
1770 2653 1823 2685 vel
1845 2664 1934 2695 quam
1957 2664 2099 2698 cognatus

1213 2700 1338 2742 habuit,
1366 2702 1489 2739 duxerit
1509 2713 1628 2735 uxorem
1641 2726 1651 2741 ,
1677 2702 1838 2736 anathema
1850 2703 1909 2747 fit.
1937 2704 1993 2737 Est
2021 2704 2103 2738 luci-

1213 2751 1254 2785 de
1268 2751 1420 2799 Gregorii
1433 2752 1585 2786 secundi.
1616 2752 1701 2788 Eum
1713 2753 1852 2796 exponit
1862 2753 1929 2797 ipse
1939 2753 2100 2788 Pontifex

1215 2802 1333 2836 Sanito
1357 2801 1532 2836 Bonifacio
1556 2804 1756 2839 Francorum
1774 2802 1936 2846 Apostolo
1947 2805 2100 2849 roganti,
2119 2810 2204 2848 Epist.
2224 2822 2252 2849 9,
2271 2841 2275 2847 ,

1216 2856 1252 2886 In
1280 2862 1370 2894 quota
1384 2859 1521 2896 progenie
1531 2858 1761 2895 propinquorum
1771 2858 1996 2887 matrimonium
2017 2863 2102 2897 copu-
2118 2859 2181 2890 CssP·
2209 2862 2234 2887 1·

1217 2903 1298 2939 latur
1311 2927 1322 2946 ,
1348 2903 1546 2946 respondens
1562 2915 1568 2934 :
1596 2906 1728 2935 Dicimus
1752 2905 1832 2946 quod
1849 2911 2015 2944 oportuerat
2035 2911 2101 2947 qui-

1218 2954 1303 2993 dem,
1335 2954 1477 2994 quamdiu
1492 2950 1524 2996 se
1543 2951 1702 2996 agnoscunt
1727 2955 1873 2996 affinitate
1894 2961 2100 2997 propinquos,

1219 3004 1262 3039 ad
1281 3002 1370 3044 hujus
1392 3004 1498 3046 copulae
1520 3014 1576 3039 non
1597 3005 1731 3036 accedere
1750 3003 1941 3047 societatem,
1961 3003 2101 3048 sedquia

1219 3060 1414 3095 temperantur
1436 3058 1530 3097 magis
1552 3078 1563 3094 ‚
1593 3052 1763 3097 praesertim
1801 3060 1832 3087 in
1867 3064 1931 3088 tam
1968 3055 2101 3088 barbara

1213 3113 1302 3149 gente
1315 3128 1326 3143 ,
1348 3105 1419 3146 plus
1436 3105 1538 3147 placet
1559 3116 1649 3145 quam
1669 3103 1808 3144 distriliio
1830 3103 1960 3148 censurae
1972 3128 1983 3144 ‚
2008 3114 2101 3137 conce-

1219 3155 1347 3187 dendum
1369 3153 1408 3196 est
1425 3163 1458 3186 ut
1471 3152 1533 3195 post
1553 3162 1692 3195 quartam
1721 3161 1940 3197 generationem
1971 3155 2102 3196 jungan-

1219 3214 1281 3238 tur.
1309 3203 1353 3237 Et
1374 3203 1442 3247 ejus
1453 3203 1620 3247 proximus
1631 3204 1786 3242 successor
1797 3204 1837 3238 ad
1849 3203 1990 3237 eundem
2012 3205 2107 3247 Apo-

1220 3253 1338 3290 stolum
1362 3253 1540 3298 Gregorius
1560 3255 1695 3289 tertius:
1724 3257 1890 3298 Progeniem
1896 3252 1984 3295 suam
1997 3265 2103 3286 unums

1220 3315 1361 3347 quemque
1381 3302 1471 3346 usque
1491 3305 1536 3336 ad
1549 3304 1710 3347 septimam
1726 3308 1944 3348 generationem
1968 3302 2103 3346 observa-

1220 3365 1252 3388 re
1277 3355 1466 3387 decrevimus
1489 3379 1495 3385 .
1533 3355 1576 3390 Et
1613 3355 1707 3397 huius
1745 3352 1911 3396 proximus
1946 3354 2104 3387 successor

1222 3402 1394 3440 Zacharias
1415 3403 1449 3439 in
1470 3404 1587 3440 litteris
1607 3407 1647 3441 ad
1661 3403 1836 3449 pippinum
1847 3403 1965 3441 domus
1988 3403 2099 3447 Regiae.

1978 3453 2050 3491 Ma·

2119 3295 2170 3334 Ep,
2183 3306 2242 3327 με·
2253 3305 2278 3332 5·
