2366 3756
40 1111 105 1145 Ful:
131 1120 143 1142 ι
151 1120 195 1148 77.

46 2943 121 2981 Cap.
157 2944 203 2978 56.

50 3173 123 3211 (ψ.
158 3184 205 3209 70.

49 3367 126 3405 cap,
158 3377 206 3402 τι.

538 188 1075 234 (ΞοΝεῙιιυΜ
1148 186 1613 231 Romanum.

216 272 527 313 confirmationem,
555 272 714 306 sententia
734 283 801 304 non
814 267 901 311 posse
924 270 986 302 effe
1013 267 1103 310 Epis

212 335 361 368 copum,
387 324 495 356 firmat
520 322 627 366 potius
650 332 746 366 quam
769 320 885 353 statuat
898 316 1027 351 laudata
1043 318 1102 351 Ni-

212 385 298 417 cena
322 373 476 416 Synodus
496 398 505 413 ‚
543 384 641 415 atque
665 371 763 405 etiam
788 370 822 402 in
844 370 934 402 fastis
953 369 970 400 a
1003 367 1102 401 Clero

214 426 251 459 δε
270 423 395 468 populo
413 422 626 457 elefflonibus
649 420 798 454 obtinere
811 421 949 452 affirmat
968 418 1102 452 sanctus

215 475 289 511 Leo
299 499 307 506 .
334 474 428 509 Hinc
439 474 516 508 item
530 472 666 505 laudatis
677 470 746 513 ejus
759 469 863 503 verbis
873 468 1026 512 adjungit
1040 468 1102 501 Ni-

214 526 328 559 colaus
350 524 531 559 secundus.-
557 524 643 565 ‚Quia
664 523 753 554 Sedes
777 519 937 562 apostolica
961 517 1052 561 supra
1069 516 1102 560 se

215 576 475 617 Metropolitanum
497 571 606 606 babere
615 584 671 604 non
675 571 766 613 potest
777 596 787 611 ‚
816 571 1002 605 Cardinales
1014 567 1105 611 Epis-

215 631 281 667 copi
299 622 497 666 proculdubio
508 623 733 664 Metropolnani
756 627 820 655 vice
835 620 1031 664 funguntur,
1052 623 1103 661 qui

216 676 357 709 videlicet
382 673 504 706 elec‘i'um
528 672 707 716 Eptfiopum
727 672 771 705 ad
794 670 941 713 apostolici
965 671 1103 703 culminis

215 729 330 767 apicem
344 723 533 766 provehant.
564 724 620 757 Eis
640 733 707 757 non
736 722 838 757 solam
864 719 1007 764 suffragii
1031 730 1101 762 prae·

215 775 403 819 rogativam
424 775 459 807 in
480 774 638 808 elefflone
660 772 795 810 tribuit,
813 770 866 806 sed
891 771 924 805 &
938 770 1025 804 illius
1038 768 1103 812 jam

215 837 272 868 per
291 823 432 868 reliquos
453 823 645 858 cardinales
684 824 770 857 fassae
792 820 1076 855 confirmationem
1092 845 1100 853 .

217 873 384 922 roirca
416 874 533 907 fastam
567 874 609 908 ab
635 874 682 908 eis
708 873 904 906 electionem
935 883 977 904 ex
1003 869 1105 904 caufis

215 922 357 959 omnino
376 931 526 967 poterant
546 924 722 958 &caffare
756 923 850 957 Hinc
865 922 907 955 de
917 920 1004 955 Petri
1022 920 1106 954 Leo-

215 974 269 1008 nis
291 971 463 1017 Antipapae
487 974 646 1008 electione
668 972 776 1007 scribit
789 972 875 1016 apud
887 970 1104 1007 Guilielmum

214 1023 541 1058 Malmesberiensem
559 1023 673 1058 Petrus
707 1022 895 1058 Cardinalis
926 1021 1105 1064 Episcopus

216 1073 243 1108 P
250 1074 428 1108 ortuenfis:
457 1077 540 1109 Hanc
560 1086 610 1119 ego
630 1073 795 1107 electionem
817 1073 968 1106 Canonite*
981 1070 1102 1106 celebra*

213 1134 282 1158 ram
301 1123 458 1167 conspexi,
484 1126 518 1159 (τ
539 1126 656 1158 ααὲἷονε
681 1126 741 1157 Deo
759 1121 932 1164 confirmavi
951 1147 958 1154 .
997 1121 1039 1155 Et
1067 1119 1107 1154 de

214 1174 383 1218 Gregorio
413 1174 578 1218 septimo,
605 1173 661 1208 fibi
687 1174 728 1210 ab
755 1173 904 1207 Henrico
916 1181 1033 1216 quarto
1048 1171 1107 1204 lm-

215 1235 362 1268 peratore
372 1225 594 1259 suscitandum
608 1225 810 1267 Antipapam
824 1233 991 1257 metuente
1001 1246 1011 1262 ‚
1039 1221 1108 1255 scri·

216 1274 267 1311 bit
294 1273 480 1308 cardinalis
493 1274 632 1309 Benno:
660 1277 820 1318 Gregorius
843 1271 1036 1308 Cardinales
1067 1274 1109 1303 Ε-

213 1323 347 1367 piscopus
369 1323 564 1365 convocavit,
591 1327 625 1359 (⁴5
648 1330 681 1357 in
707 1336 798 1358 manu
807 1323 868 1368 sua
873 1325 983 1365 jurare
997 1327 1103 1365 coegit,

218 1386 256 1409 ne
275 1385 418 1417 umquam
440 1375 479 1407 ab
500 1387 531 1408 eo
560 1376 746 1418 diffentirent
766 1399 777 1414 ‚
814 1385 978 1415 numquam
1017 1375 1106 1414 Regis

218 1423 337 1467 causam
359 1424 555 1465 defenderent
575 1447 586 1463 ,
630 1435 792 1464 numquam
811 1421 1036 1464 superordinato
1055 1419 1111 1461 sibi

220 1477 320 1516 Papae
332 1472 483 1514 faverent
506 1474 558 1506 vel
573 1473 725 1509 obedirent
737 1497 744 1504 .
773 1470 825 1509 Ex
844 1472 956 1506 nostro
972 1469 1036 1505 hoc
1049 1470 1110 1502 Ca-

217 1534 311 1559 none
330 1532 426 1554 norat
446 1522 627 1563 Gregorius
649 1522 716 1553 fine
728 1519 961 1553 Cardinalibus
977 1519 1110 1558 Episco-

219 1572 270 1615 pis
293 1569 376 1607 nulli
398 1568 487 1612 poffe
505 1568 569 1604 effe
591 1568 641 1601 vel
665 1567 761 1612 Papae
782 1567 923 1609 speciem
947 1591 954 1598 .
984 1565 1111 1598 Graeco-

220 1626 316 1660 rum,
343 1619 429 1662 apud
451 1629 536 1660 quos
556 1618 710 1662 Episcopi
735 1629 790 1662 per
803 1614 1111 1661 Comprovinciales

221 1669 378 1713 Collegas
397 1668 485 1703 fuere
494 1668 608 1703 consta
615 1668 782 1712 nterjuxta
797 1668 1028 1713 Apostolicum
1043 1678 1107 1701 mo·

219 1731 290 1756 rem
310 1720 431 1762 semper
453 1718 548 1754 eleni
573 1744 584 1760 ,
611 1720 836 1764 Metropolitae
861 1720 1049 1763 semetipsos
1071 1716 1112 1754 ab

220 1768 436 1806 electionibus
445 1769 671 1812 excluserunt,
689 1771 800 1816 eisque
812 1772 1024 1815 praefecerunt
1040 1770 1112 1804 suos

218 1818 538 1863 Chartophylaces:
578 1820 632 1855 Ne
651 1821 766 1857 datum
797 1832 874 1856 cum
903 1820 1110 1865 praerogativa

223 1871 417 1915 suffragium
439 1871 545 1915 ipsos,
570 1871 626 1906 ubi
645 1873 761 1908 fastam
790 1871 984 1906 elefflonem
996 1869 1112 1904 caffare

219 1930 407 1960 tentarent,
433 1920 475 1955 de
494 1920 641 1956 humano
662 1923 795 1956 inistud
822 1923 937 1957 affeetu
964 1920 1111 1956 redderet

224 1972 387 2014 suspestos
411 1995 419 2002 .
452 1971 566 2019 Qare
592 1972 824 2007 Cardinalium
852 1973 1111 2016 Episcoporum,

215 2020 338 2064 quibus
359 2021 392 2054 &
412 2021 555 2067 suffragii
578 2025 825 2067 praerogativam
843 2047 855 2064 ‚
880 2023 915 2056 &
946 2020 1112 2056 elestionis

215 2070 510 2109 confirmationem
531 2074 593 2106 effe
617 2073 725 2108 sanxit
751 2073 910 2108 Nicolaus
922 2073 1083 2108 Pontifex
1100 2095 1111 2111 ,

218 2121 393 2155 austoritas
410 2121 477 2157 fuit
501 2122 681 2158 admodum
704 2136 842 2168 magna.

251 2171 422 2219 ¹Canonis
454 2183 577 2215 partem
599 2198 610 2213 ,
649 2186 717 2217 quae
739 2175 842 2208 eriam
864 2172 1110 2215 Religiosorum

220 2218 391 2255 Ordinum
402 2244 413 2259 ,
440 2222 645 2255 Clericorum
656 2246 667 2261 ,
678 2223 711 2256 δε
725 2223 903 2254 Laicorum
915 2220 1111 2253 consensum

217 2268 377 2309 requirit,
403 2268 588 2314 intelligere
609 2271 704 2312 pollis
725 2282 767 2304 ex
787 2270 877 2312 supra
900 2267 1110 2302 addufflslit—

219 2318 318 2355 teris,
343 2317 461 2360 quibus
481 2316 649 2361 Antipapa
671 2320 869 2353 ottavianus
890 2317 1000 2351 scribit
1022 2317 1056 2350 se
1068 2326 1109 2348 ex

219 2366 368 2402 Romani
392 2366 482 2402 Cleri
504 2368 664 2410 petitione
685 2367 719 2401 &
742 2366 858 2411 populi
881 2391 893 2407 ,
927 2367 1029 2400 etiarn
1057 2365 1110 2399 Se-

219 2416 354 2452 natoriae
371 2415 544 2461 dignitatis
558 2416 832 2459 Honoratorum,
857 2417 892 2450 &
915 2416 1108 2460 Capitaneo·

219 2477 294 2501 rum
311 2466 436 2502 assensu
458 2467 553 2500 fuisse
575 2467 733 2501 electum.
766 2469 809 2502 Et
832 2466 1022 2501 Alexander
1049 2477 1110 2500 ter-

219 2516 286 2551 tius
306 2515 479 2552 affirmavit
502 2518 533 2552 se
544 2528 655 2552 coram
669 2517 839 2561 Epist-opis
851 2515 1081 2551 Cardinalibus
1093 2541 1103 2557 ,

218 2565 427 2607 Abbatibus,
452 2566 642 2608 Prioribus,
670 2567 840 2611 Judicibus
863 2592 874 2608 ,
902 2567 1108 2606 Advocatis,

218 2615 422 2656 Scriniariis,
448 2615 665 2658 primiceriis,
679 2616 799 2652 Schola
811 2617 998 2653 Cantorum
1009 2643 1018 2658 ‚
1036 2618 1107 2651 No-

221 2664 366 2707 bilibus,
392 2667 427 2701 &
445 2667 585 2711 quadam
608 2668 720 2712 populi
744 2676 833 2712 parte
846 2667 938 2702 fuisse
955 2667 1107 2701 solemni-

221 2726 272 2750 ter
291 2718 512 2751 consecratum
532 2743 539 2750 .
577 2718 681 2766 Qod
712 2718 827 2763 nempe
849 2730 965 2754 omnes
994 2718 1044 2751 isti
1071 2718 1106 2752 in

221 2766 292 2809 ejus
308 2766 499 2805 electionem
520 2769 748 2803 consensissent
769 2794 776 2802 .
806 2769 862 2803 Ad
882 2768 1028 2803 Romani
1050 2779 1108 2811 po-

222 2816 293 2860 puli
320 2818 514 2858 petitionem
532 2842 543 2857 ‚
579 2831 617 2854 ac
644 2819 687 2855 de
710 2820 813 2853 tetius
849 2819 916 2854 fere
942 2820 1101 2858 Senatus,

221 2866 440 2911 omniumque
460 2868 717 2912 capitaneorum
731 2894 742 2910 ,
769 2870 959 2910 Baronum,
986 2881 1022 2903 ac
1036 2869 1106 2902 No-

222 2916 340 2951 bilium
359 2941 371 2956 ,
397 2929 463 2952 tam
489 2919 573 2953 intra
593 2931 693 2963 quam
708 2932 799 2955 extra
821 2920 935 2955 urbem
959 2917 1107 2954 habitan-

220 2967 307 3002 tium
322 2991 333 3006 ,
358 2970 514 3002 consensu
536 2970 628 3004 fuisse
648 2971 785 3004 elcstum
808 2970 1049 3010 octavianum,
1067 2969 1108 3005 ad

222 3016 432 3051 Fredericum
459 3018 689 3063 Imperatorem
719 3021 867 3057 scribunt
887 3021 986 3055 etiam
1010 3021 1106 3064 ipfius

223 3065 435 3102 Cardinales.
463 3069 564 3116 Qod
585 3070 688 3113 ipsum
710 3070 744 3104 in
767 3071 884 3107 litteris
907 3070 948 3105 ad
960 3071 1103 3107 eundem

223 3115 414 3160 Principem
440 3120 612 3155 confirmat
635 3122 742 3156 Sancti
774 3121 861 3156 Petri
890 3122 1104 3164 Capitulum,

222 3166 348 3202 addens
368 3169 468 3203 etiam
485 3167 519 3211 se
541 3170 679 3215 universo
689 3170 873 3213 defiderante
883 3172 1025 3207 elestum
1039 3198 1047 3205 .
1070 3172 1103 3207 A

222 3216 325 3255 Clero
345 3218 380 3252 δε
400 3219 523 3261 populo
545 3217 644 3255 dandi
666 3222 840 3256 consensus
853 3223 992 3257 modurn
1006 3233 1103 3266 expo·

222 3266 275 3300 nit
305 3265 470 3310 Papienfis
497 3269 582 3312 apud
602 3271 741 3307 eundem
765 3273 972 3309 Radevicum
999 3274 1104 3315 Syno-

216 3315 301 3351 dus:
329 3320 410 3355 Tunc
429 3343 441 3359 ,
466 3319 625 3356 celebrata
650 3331 704 3364 per
728 3322 921 3357 Cardinales
947 3322 1104 3359 eleftione

218 3368 395 3403 -Ostaviani
406 3391 417 3407 ,
427 3371 605 3406 scriniarius
613 3368 773 3413 secundum
784 3379 942 3415 antiquam
954 3376 1086 3406 Romano
1094 3392 1104 3398 -

219 3428 287 3451 rum
308 3416 543 3461 consuetudinem
562 3419 742 3463 adscendens
767 3428 798 3455 in
817 3424 913 3456 altum
927 3447 938 3463 ,
963 3435 1032 3456 voce
1044 3435 1102 3456 ma‘

219 3477 330 3510 magna
361 3469 462 3504 dicens
484 3482 493 3511 ;
530 3472 638 3506 Audite
671 3475 766 3508 Cives
799 3476 928 3508 Romani
945 3474 980 3509 δ’
1001 3478 1101 3510 σοπιιτ

285 3552 287 3555 .
320 3516 507 3564 Christ-Lupi
520 3524 726 3565 oper.Tom.V.

1165 269 1344 311 Reipublieae
1373 293 1384 310 ,
1414 269 1546 313 secunda
1559 269 1645 311 feria
1667 272 1760 303 Pater
1786 268 1877 311 noster
1900 272 2053 304 Adrianus

1163 329 1294 352 mortuus
1306 319 1344 358 est
1356 341 1366 357 ‚
1388 321 1422 353 (Ὗ
1439 326 1577 362 proximo
1597 319 1730 362 sequenti
1741 323 1760 353 5
1762 320 1893 353 abbatho
1909 325 2053 354 Dominus

1164 369 1352 402 ottavianus
1365 371 1544 402 Cardinalis
1560 371 1677 403 SanHae
1697 371 1828 403 Caeciliae
1840 377 1873 403 in
1886 375 2053 404 Romanum

1168 418 1336 460 Pontificem
1360 418 1486 456 elesius,
1511 420 1753 453 &immantatus
1770 444 1780 460 ,
1805 422 1882 454 &in
1896 420 2054 454 Cathedrae

1164 468 1243 500 beati
1265 471 1350 501 Petri
1371 469 1525 501 collocatus
1550 467 1607 506 est,
1630 470 1664 501 <5
1688 473 1778 510 Papa
1804 470 1902 503 Vmor
1921 476 2053 504 nomina-

1165 528 1214 550 tus
1233 543 1239 549 .
1269 519 1373 551 Placet
1393 516 1506 550 vobis?
1528 515 1692 558 Respondit
1716 530 1825 561 magna
1849 532 1919 554 voce
1943 522 2053 555 clerus

1164 569 1197 601 &
1210 570 1359 610 populus.-
1382 568 1503 601 Placet.
1526 565 1634 600 Addit
1658 568 1758 601 ternis
1780 568 1904 602 vicibus
1917 571 2054 605 Clerum

1165 618 1198 651 &
1217 617 1376 661 populum
1398 618 1590 651 consuetum
1614 618 1658 651 ita
1671 617 1864 661 interrogari
1879 619 1956 653 &re
1965 622 2057 663 spon·

1166 668 1257 702 dere.
1286 669 1468 702 Enumerat
1491 668 1525 701 δε
1547 667 1739 701 Romanum
1760 666 1856 711 hujus
1878 670 2056 704 consensus

1167 718 1239 761 jure
1258 717 1454 762 gaudentem
1467 718 1601 752 Clerum
1616 732 1626 751 :
1650 719 1780 761 Nempe
1793 720 1969 761 Capitulum
1980 721 2057 752 5an-

1168 769 1207 801 ela·
1232 770 1315 802 Petri
1334 779 1399 803 cum
1418 767 1470 811 suo
1484 771 1599 801 Decano
1612 793 1622 807 ,
1646 773 1775 801 omnium
1789 770 1973 809 Titulorum,
1997 773 2060 803 Ec·

1168 817 1336 859 ckfiarum,
1356 830 1390 852 ac
1412 818 1655 858 Monasteriorum
1670 819 1808 851 Ret‘Iores
1820 843 1830 859 ,
1855 819 2061 862 Archtpresby-

1169 879 1247 902 teros
1261 892 1271 908 ,
1293 873 1427 902 Decanos
1441 894 1451 909 ,
1479 870 1609 902 Abbates
1621 892 1630 908 ‚
1648 871 1767 902 Priores
1781 893 1791 908 ,
1813 870 1941 902 clericos
1953 871 1987 903 (9⁹
2001 874 2063 902 Mo-

1170 919 1299 953 nacbos.
1338 919 1381 953 Et
1404 919 1482 953 hinc
1501 920 1619 953 Sansto
1641 919 1741 953 Petro
1767 918 1926 953 Damiani
1950 943 1961 959 ‚
1999 920 2062 953 Ca-

1169 969 1305 1003 daloum
1326 968 1345 1002 ὲ
1368 970 1461 1005 nullo
1489 971 1646 1005 Romano
1667 970 1811 1004 elestum
1833 969 1926 1004 fuisse
1937 979 1993 1003 aut
2005 980 2065 1002 ex-

1170 1018 1310 1063 petitum
1329 1021 1475 1053 afferenti
1496 1045 1507 1059 ,
1536 1020 1701 1063 respondit
1723 1020 1850 1065 Regius
1871 1019 2066 1054 Advocatus

1171 1069 1307 1103 adfuisse
1334 1069 1479 1103 abbatem
1506 1070 1674 1111 Monasterii
1708 1071 1754 1103 ad
1778 1072 1902 1104 clivum
1940 1071 2064 1111 Scauri,

1171 1122 1206 1154 Ca·
1231 1123 1378 1154 Comitem
1404 1122 1574 1155 Gerardum
1601 1146 1608 1152 .
1636 1121 1783 1154 Romani
1811 1121 1982 1155 Senatores
2008 1118 2069 1154 ha-

1172 1170 1312 1205 buerunt
1334 1170 1493 1214 singulare
1521 1170 1732 1214 privilegium
1756 1183 1763 1202 :
1793 1171 1860 1207 Eos
1888 1171 1976 1205 enim
2004 1170 2067 1214 ipsi

1171 1221 1207 1256 in
1229 1221 1337 1255 clausa
1359 1221 1465 1254 Sansti
1488 1220 1579 1254 Petri
1605 1219 1744 1254 Ecclelia
1773 1220 1926 1255 elestioni
1949 1219 2069 1254 adfuis-

1172 1273 1227 1312 se,
1254 1271 1339 1306 lucet
1362 1282 1402 1304 ex
1426 1270 1566 1305 laudatis
1591 1269 1773 1305 Alexandri
1797 1270 1887 1304 tertii
1900 1270 2015 1304 litteris
2025 1267 2069 1303 ad

1175 1321 1374 1365 Episcopum
1396 1322 1430 1355 ὅ(
1470 1321 1616 1355 studium
1650 1321 1794 1356 civitatis
1829 1320 2069 1355 Bononiensis.

1174 1371 1319 1404 Proinde
1341 1372 1376 1403 in
1397 1370 1542 1412 praesenti
1566 1372 1708 1404 Canone
1735 1381 1791 1413 per
1804 1370 1993 1414 Religiosos
2004 1371 2070 1404 Or-

1173 1419 1265 1454 dines
1292 1419 1406 1453 Clerus
1430 1419 1624 1463 Regularis‚
1651 1430 1705 1463 per
1728 1419 1849 1453 Laicos
1875 1419 2070 1464 intelligun-

1174 1480 1227 1504 tur
1249 1471 1390 1504 senatus
1407 1493 1418 1508 ‚
1444 1469 1618 1510 Comites,
1646 1469 1791 1507 Batones
1805 1494 1817 1510 ,
1857 1468 2033 1514 Capitanei
2052 1494 2068 1511 ,

1175 1517 1340 1555 Nobiles,
1367 1517 1559 1550 Honorati.
1652 1549 1655 1553 ,
1689 1527 1691 1529 ’

1224 1565 1343 1598 lnfima
1363 1565 1454 1608 plebs
1476 1565 1583 1600 solum
1607 1566 1796 1610 applausum
1827 1566 1943 1603 habuit
1965 1569 1998 1604 &
2021 1581 2073 1603 ac·

1174 1615 1430 1659 clamationem,
1456 1613 1497 1650 de
1517 1627 1581 1660 qua
1602 1618 1735 1659 scribit,
1763 1618 1854 1653 Petri
1877 1618 2073 1653 Alexandri-

1174 1667 1208 1700 ni
1221 1666 1415 1702 Patriarchae
1426 1668 1621 1703 elestionem
1636 1668 1773 1703 laudans
1785 1693 1795 1709 ,
1824 1669 1858 1702 in
1872 1668 2073 1703 Ecclesiasti-

1173 1730 1211 1753 ca
1236 1718 1384 1753 Historia
1397 1717 1655 1753 Theodoretus:
1681 1718 1928 1763 Suffragatificnt
1939 1732 2040 1753 omnes
2061 1744 2074 1761 ,

1173 1776 1235 1802 tum
1260 1771 1459 1804 Sacerdotalts
1470 1771 1597 1806 Ordinis
1611 1795 1621 1810 ‚
1647 1773 1789 1805 Honorati
1802 1770 2065 1813 &Magistratus3

1169 1821 1296 1862 populus
1320 1831 1429 1863 quoque
1458 1819 1618 1863 universus
1655 1822 1796 1854 Iaetitiam
1816 1819 1904 1864 suam
1927 1822 2075 1853 acclama-

1172 1870 1299 1903 tionibus
1320 1871 1489 1905 declaravit
1501 1895 1508 1902 .
1538 1871 1587 1906 Ita
1602 1870 1814 1905 Bonifacium
1827 1871 1967 1914 primum
1985 1870 2074 1904 Pon-

1173 1921 1297 1955 tificem
1321 1921 1561 1965 Episcoporum
1586 1933 1625 1956 ac
1646 1920 1914 1964 presbyterorum
1939 1921 2074 1955 elestio-

1172 1983 1214 2005 ne
1237 1995 1248 2011 ,
1286 1971 1462 2006 meliorum
1484 1971 1638 2007 Civitatis
1659 1972 1818 2006 consensu
1843 1995 1854 2011 ‚
1895 1983 1932 2006 ac
1971 1971 2072 2006 torius

1173 2022 1288 2066 populi
1312 2022 1549 2056 acclamatione
1573 2023 1664 2056 fuisse
1679 2033 1892 2066 promotum,
1921 2021 2072 2056 habesin

2091 1753 2152 1784 be-
2181 1765 2209 1789 4.

2089 1803 2112 1824 c.
2146 1804 2192 1827 17.

1173 2073 1208 2106 in
1235 2071 1391 2115 Epistolis
1411 2072 1603 2116 Symmachi
1626 2072 1773 2108 Psaefeni
1796 2072 1952 2108 Urbani.
1983 2063 2177 2106 civi-Eri&
2204 2076 2249 2094 22·

1173 2122 1247 2155 tatis
1268 2123 1419 2156 meliores
1438 2122 1531 2158 fuisse
1546 2125 1702 2157 Senatum
1718 2149 1728 2163 ,
1755 2123 1957 2167 corporatos
1975 2149 1984 2164 ‚
2012 2123 2075 2159 Of-

1174 2172 1268 2208 ficia,
1293 2182 1330 2203 ac
1353 2171 1544 2212 Regionum
1570 2172 1713 2212 Majores
1737 2174 1836 2207 docet
1857 2173 1922 2207 alia
1950 2171 2075 2209 ibidem

1175 2219 1341 2262 Epistola.
1368 2217 1603 2260 Symmachum
1625 2220 1747 2263 Papam
1769 2222 1786 2254 a
1814 2222 1893 2254 solis
1917 2221 2074 2258 Cardina-

1174 2267 1259 2301 libus
1280 2269 1316 2303 δε
1346 2269 1468 2301 Senatu
1511 2270 1605 2302 fuiffe
1630 2269 1766 2303 electum
1798 2270 1908 2304 scribit
1930 2273 1964 2304 in
1990 2270 2074 2307 libro

1176 2316 1365 2351 pontificali
1380 2316 1565 2351 Anastasius
1578 2317 1853 2354 Bibliothecarius
1865 2345 1872 2352 .
1902 2320 2074 2355 Illustriffi-

1173 2378 1244 2400 mus
1261 2368 1367 2401 Lucas
1392 2366 1589 2402 Holstenius
1614 2379 1717 2413 nuper
1750 2369 1933 2413 publicavit
1966 2370 2074 2408 hocce

1171 2417 1327 2460 Stephani
1351 2418 1458 2460 quarti
1481 2418 1648 2460 Synodale
1674 2419 1851 2455 Decretum
1868 2435 1878 2455 :
1906 2423 1996 2455 Nulli
2007 2434 2071 2455 um-

1170 2479 1262 2510 quam
1278 2471 1434 2500 Laicorum
1447 2490 1458 2506 ‚
1476 2467 1541 2509 five
1551 2480 1590 2502 ex
1605 2479 1725 2503 armata
1738 2482 1829 2504 manu
1842 2496 1852 2511 ,
1876 2470 1937 2512 five
1947 2484 1985 2506 ex
1998 2474 2072 2506 aliis

1172 2518 1341 2550 Ordinibus
1353 2541 1363 2555 ,
1389 2516 1576 2561 praesumant
1598 2525 1735 2554 inveniri
1756 2527 1788 2554 in
1801 2522 1934 2556 eleelione
1948 2522 2071 2565 Pontifi-

1171 2574 1232 2608 cis‚
1254 2566 1309 2610 sed
1327 2570 1348 2600 ἃ
1370 2574 1460 2602 certis
1479 2570 1687 2605 sacerdotibus
1709 2581 1798 2614 atque
1827 2572 1999 2607 Proceribus
2010 2578 2074 2607 Ec-

1170 2617 1278 2659 clest'ae,
1305 2620 1339 2654 (θ’
1358 2618 1459 2652 ειιηδῖο
1486 2620 1575 2653 Clero
1599 2620 1666 2664 ipsa
1689 2622 1873 2664 pontificalis
1887 2623 1986 2657 elec‘Jio
1999 2633 2071 2666 pro·

1172 2674 1292 2702 veniat.
1323 2672 1368 2702 Et
1374 2668 1550 2712 priusquam
1566 2671 1706 2713 Pontifex
1717 2673 1825 2706 elet‘lus
1829 2673 1929 2713 fuerit
1945 2698 1955 2712 ‚
1985 2676 2019 2707 <9⁹
2034 2681 2069 2707 in

1173 2718 1394 2753 Patriarchium
1415 2721 1558 2753 aedanus
1574 2746 1584 2760 ‚
1609 2733 1708 2754 omnes
1733 2727 1900 2763 optimates
1924 2724 2042 2757 militiae
2055 2748 2069 2765 ,

1170 2771 1222 2802 vel
1238 2769 1360 2803 cantius
1382 2777 1530 2806 exercitus
1542 2795 1552 2811 ,
1581 2772 1616 2804 (θ’
1629 2776 1723 2805 Cives
1735 2771 1841 2812 honesti
1855 2797 1866 2812 ,
1892 2781 1985 2816 atque
1997 2779 2068 2807 uni·-

1170 2818 1259 2862 versa
1266 2822 1450 2863 generalitas
1458 2823 1559 2862 populi
1572 2820 1661 2862 hujus
1675 2826 1817 2855 Romanae
1829 2823 1915 2855 Urbis
1931 2848 1941 2864 ,
1964 2823 2068 2867 adsa-

1168 2871 1323 2903 lutandum
1346 2883 1411 2904 eum
1425 2870 1500 2912 ficut
1520 2877 1651 2904 omnium
1674 2876 1831 2906 Dominum
1840 2882 2002 2916 properare
2016 2877 2067 2909 de-

1168 2919 1234 2953 beat
1247 2945 1254 2952 .
1284 2925 1331 2955 Et
1350 2928 1398 2954 ita
1412 2933 1490 2956 more
1507 2920 1594 2965 solito
1620 2926 1775 2957 Decretum
1782 2923 1935 2964 facientes
1948 2948 1958 2964 ,
1986 2927 2019 2958 (ν
2030 2932 2065 2959 in

1167 2981 1199 3003 eo
1224 2972 1320 3004 cundli
1341 2977 1458 3013 pariter
1483 2973 1692 3006 concordantes
1713 2971 1893 3016 subscribere
1916 2974 2065 3008 debeant.

1170 3020 1302 3065 Utique
1316 3022 1503 3066 optimates
1515 3023 1640 3057 militiae
1651 3024 1685 3057 <Sc
1698 3024 1796 3057 Cives
1810 3021 1940 3058 honesti
1959 3049 1966 3056 .
1994 3025 2064 3060 Eos

1167 3070 1208 3105 ab
1218 3072 1374 3108 elestione
1386 3071 1533 3107 excludit
1547 3098 1556 3114 ,
1585 3074 1727 3116 ipsorum
1743 3083 1851 3107 tamen
1863 3075 2063 3109 consensum

1167 3131 1242 3155 ante
1254 3121 1341 3156 illius
1352 3122 1611 3166 publicationem
1628 3124 1696 3157 vult
1707 3125 1878 3167 exquiri&
1893 3125 2061 3160 obtineri.

1169 3170 1352 3206 Adrianum
1375 3174 1554 3207 secundum
1579 3173 1621 3207 ab
1648 3173 1843 3217 Episcopis,
1872 3175 1998 3214 Cler0‚
2023 3175 2058 3210 δε

1167 3220 1273 3255 Urbis
1293 3220 1494 3258 primoribus
1516 3234 1705 3266 promotum
1729 3225 1866 3260 affirmat
1878 3223 2062 3260 Bibliothe-

1164 3271 1268 3305 carius
1289 3272 1491 3308 Guilielmus
1514 3298 1524 3314 ,
1554 3272 1675 3308 addens
1698 3273 1785 3309 hisce
1806 3274 1946 3318 populos
1963 3274 2058 3310 obse-

1162 3322 1321 3356 cundatos
1347 3335 1356 3357 ι
1396 3324 1529 3368 Utique
1556 3325 1709 3367 applausu
1734 3325 1768 3358 &
1795 3325 2056 3362 acclamatione.

1164 3371 1263 3416 Apud
1292 3372 1463 3410 Guilielmi
1482 3374 1781 3409 Malmesberienfis
1804 3375 1971 3409 novellam
1993 3374 2059 3406 Hi-

1162 3422 1294 3456 storiam
1306 3424 1408 3458 exstat
1421 3424 1567 3468 Epistola
1581 3449 1591 3464 ‚
1618 3437 1681 3468 qua
1695 3423 1829 3459 Petrum
1842 3424 1964 3461 Leonis
1977 3423 2055 3457 fuis·-

1164 3473 1194 3507 se
1217 3473 1236 3507 a
1257 3472 1488 3512 Cardinalibus
1499 3486 1573 3511 cum
1587 3474 1746 3516 petitione
1758 3474 1916 3519 populi&
1930 3472 2050 3510 Hono·

1585 3523 1619 3561 G
1917 3531 2001 3560 rator
