2366 3756
356 194 372 224 1
424 194 449 225 2

275 191 681 299 annihilat-Eccum,
706 258 815 294 nullus
825 255 1026 301 Epispopus,
1051 255 1167 305 nullqp

273 311 480 347 Christianus
503 308 599 353 poffit
619 310 637 344 ὲ
661 309 770 344 Saneti
794 307 883 345 Petri
902 307 1103 352 Apostolatu
1119 310 1166 343 es-

708 172 748 219 S.
786 168 1109 220 Gueo'onu
1144 177 1392 221 sepnmt'
1426 171 1809 224 P'onnrims

1206 255 1290 331 ¹tim
1310 254 1451 301 publicis
1473 254 1620 300 precibus
1637 280 1649 297 ‚
1686 266 1818 293 necnon
1839 256 1874 293 in
1898 259 2038 296 formata
2058 272 2114 306 per

1231 306 1331 344 Pium
1350 315 1504 349 quartum
1527 307 1604 342 fidei
1629 306 1844 349 proseffione‚
1871 307 2011 346 Ecctefia
2032 314 2115 348 sem.

271 364 303 396 se
324 369 510 403 exemptuS.
535 359 631 394 Circa
651 357 832 397 secundum
856 358 1008 398 illatum,
1034 366 1072 393 ut
1091 358 1165 402 quis
1231 358 1513 402 perponiturante
1526 356 1746 391 Pontificem:
1766 355 1879 404 Atque
1889 358 1936 393 ita
1945 359 2032 398 lucet
2041 372 2115 398 non

271 411 395 457 priores
407 422 483 445 cum
504 407 736 454 posterioribus
747 406 927 448 Pontifices
938 409 1022 446 inter
1033 408 1066 444 se
1076 419 1166 446 com·

270 461 382 497 mittat
408 461 498 495 nulla
519 459 566 498 est
587 459 778 501 neceffitas,
806 459 897 498 nulia
919 459 1066 500 occafio,
1092 458 1166 498 nul-

270 511 338 544 lum
361 512 558 554 periculum·
594 510 688 548 Nam
708 510 744 546 &
766 510 801 547 in
826 510 958 549 laudata
980 509 1165 548 Chalcedo-

270 560 358 598 nensx
385 561 524 605 Synodo
543 560 731 605 Apostoliei
754 559 876 607 Legati
897 572 1056 605 magnum
1079 561 1184 626 Leo-1

270 622 346 645 nem
369 613 567 659 quandoque
589 610 805 648 universalem
827 612 882 652 seu
905 610 1093 651 universalis
1103 611 1165 645 Ec»

269 661 391 703 cidiz,
419 663 618 705 quandoque
642 660 796 699 Ecclesiae
816 687 828 703 ‚
863 661 1064 707 quandoque
1088 671 1165 698 cum

269 711 385 749 addito
406 712 496 749 Urbis
521 714 645 753 Romae,
671 710 848 751 titularunt
868 711 992 756 Papam
1012 708 1075 746 *aut
1090 711 1163 754 Epi-

269 762 403 806 scopum
427 776 438 802 ς
477 761 521 798 Et
544 761 667 807 ubique
691 763 781 798 idern
802 763 970 800 senserunt
991 786 999 795 .
1028 762 1164 795 Diversa

268 813 365 851 verba
375 811 516 850 eundem
528 811 668 851 habuere
679 813 823 851 sensum,
850 813 930 851 Haec
943 810 1164 858 attendamus,

267 862 300 896 δε
324 864 546 910 cogitationes
572 863 698 901 nostras
719 873 976 905 componamus.

316 914 358 952 ln
381 913 528 959 Epistola
550 912 591 950 ad
616 911 1002 957 FoelicemPhilippaeum
1012 911 1162 951 Btossum

266 963 409 1007 Ioannes
431 964 599 999 Launoius
619 963 753 1002 resumit
785 963 924 998 eandem
945 961 1062 1004 thesim
1081 985 1093 1006 2
1128 964 1164 998 ἃ.

265 1016 375 1051 firmat
394 1015 523 1053 duobus
547 1014 717 1058 praesertim
743 1014 946 1060 argumentis
969 1028 982 1051 ,·
1013 1012 1162 1048 Primum

263 1067 337 1106 sunt
362 1066 483 1103 Siricio
505 1064 664 1104 Pontifici
685 1075 739 1110 per
759 1065 955 1109 Capuanam
979 1064 1015 1098 in
1041 1063 1163 1103 Bonosl

263 1116 461 1152 Macedonis
474 1115 629 1160 Episcopi
639 1113 914 1158 causasynodum
927 1115 1001 1148 fixae
1012 1114 1100 1158 leges
1110 1139 1121 1154 ,
1129 1115 1163 1154 ὃς

264 1167 377 1211 Jacobi
386 1166 538 1204 Almai'ni
558 1165 658 1210 ionga
670 1165 711 1199 de
724 1165 797 1209 ipsis
807 1165 1000 1209 disceptatio
1011 1164 1163 1201 adversus

263 1217 443 1256 Thomam
456 1215 668 1255 Cardinalem
678 1214 895 1254 Caietanum.
923 1213 1078 1251 Alterum
1093 1215 1164 1252 fun-

263 1267 464 1304 damentum
490 1266 536 1301 est
563 1265 629 1300 haec
641 1263 1163 1310 AugustinianiEnchytidiicir-

263 1328 302 1352 ca
330 1316 522 1360 Apostolici
549 1315 700 1359 symboli
720 1315 873 1353 ordinem
898 1314 1011 1360 regula
1034 1326 1043 1351 ;
1071 1316 1164 1355 spirt-

261 1378 313 1404 tus
334 1365 455 1410 sandlus
476 1364 507 1406 fi
536 1372 693 1405 creatura,
719 1374 777 1396 non
803 1367 929 1399 Creator
949 1363 1018 1405 esset
1036 1385 1047 1401 ,
1084 1361 1164 1406 sum-

262 1430 313 1452 ma
339 1426 479 1451 creatura
505 1417 571 1464 effet
596 1438 608 1455 ,
632 1415 667 1448 Θ
693 1414 759 1453 ideo
785 1418 817 1446 in
842 1410 973 1456 Regula‘
993 1411 1068 1455 fidet
1105 1425 1162 1446 non

259 1477 418 1510 poneretur
443 1473 516 1500 ante
542 1463 700 1505 Ecclesiam
713 1487 724 1503 ,
750 1469 822 1506 quta
847 1464 882 1503 <5
907 1461 970 1505 1·in
993 1464 1038 1499 ad
1062 1465 1166 1496 Eccle—

264 1569 312 1601 At
335 1567 412 1601 vero
434 1567 469 1604 in
490 1565 665 1600 parasceve
679 1584 690 1600 ‚
715 1561 750 1595 in
776 1559 943 1599 Sabbatho
967 1562 1076 1594 sancto
1090 1584 1100 1599 ‚
1126 1560 1159 1593 in

264 1617 407 1655 Litaniis
418 1639 431 1661 ,
457 1615 491 1652 in
505 1615 662 1655 Romano
675 1610 821 1657 Missali,
843 1610 879 1649 in
894 1610 1018 1651 cunetis
1031 1621 1161 1662 genera·

256 1517 332 1560 fiam
354 1521 520 1559 pertineret
545 1521 577 1548 in
603 1513 657 1549 illa
673 1515 736 1552 ejus
745 1521 836 1554 parte
847 1535 859 1551 ,
884 1522 952 1557 ραι·
963 1516 995 1545 in
1009 1513 1090 1543 caelis
1101 1512 1140 1551 est
1153 1537 1161 1544 .
1220 1508 1222 1510 ’

1231 407 1343 448 hunc,
1368 406 1426 445 sed
1447 407 1540 443 illam
1561 407 1625 442 esse
1647 406 1803 451 majorem
1816 431 1828 448 ,
1847 416 1952 452 ‘atque
1972 412 2115 452 praeeffe.

1229 457 1428 503 Respondeo
1448 468 1565 496 ornnes
1584 469 1646 492 nos
1663 468 1755 494 orare
1775 467 1834 502 pro
1847 458 1990 496 Ecclesia
2001 461 2036 495 ὅ(
2047 460 2119 495 Ro.

1230 519 1330 547 mano
1352 508 1519 554 Episcopo
1541 508 1583 543 ad
1613 508 1711 545 istum
1742 506 1878 546 modum
1898 533 1910 550 ‚
1947 520 2016 553 quo
2048 511 2117 547 veri

1228 558 1345 596 Franci
1366 569 1464 599 orant
1483 570 1542 602 pro
1562 560 1621 597 sua
1644 558 1829 602 Republica
1846 583 1855 592 .
1891 559 1987 596 Prius
2019 570 2116 597 orant

1228 621 1287 654 pro
1307 610 1429 654 Regno
1439 634 1451 651 ,
1469 608 1591 646 deinde
1610 619 1668 653 pto
1681 609 1833 646 Domino
1846 610 1903 646 suo
1914 610 2009 656 Rege
2020 609 2119 647 Chri-

1229 653 1420 698 stianiffimo
1439 684 1447 694 .
1487 660 1563 698 Nec
1587 657 1664 697 ide&
1687 660 1814 703 Regem
1843 659 1964 705 Regno
1992 660 2116 697 subesse

1231 699 1423 760 profitemur
1434 736 1442 744 .
1469 709 1654 750 istiusmodi
1672 711 1758 746 enim
1767 709 1875 745 oratio
1885 710 1962 744 erret
1972 709 2029 745 ina
2039 736 2051 754 ‚
2072 710 2115 748 de

1229 773 1292 805 qua
1316 761 1471 805 scriptum
1497 761 1562 797 est:
1589 763 1635 798 Et
1657 766 1750 797 oratio
1760 762 1826 800 ejus
1832 759 1891 801 fiat
1901 765 1934 793 tn
1939 767 2112 802 peccatum.

1229 812 1274 851 Et
1297 810 1431 855 quidem
1450 812 1489 851 in
1511 811 1769 855 peccatumlaesae
1778 810 1979 855 Majestatis.
2010 809 2116 847 Nem-

1230 858 1270 905 pe
1295 861 1454 908 Regnum
1469 861 1666 907 quandoque
1679 872 1738 907 pro
1751 869 1847 901 toto,
1865 858 1957 904 quod
1967 860 2115 898 membre

1230 911 1265 951 ἀ
1288 923 1388 956 caput
1411 912 1586 953 continet,
1610 922 1749 955 corpore
1765 910 1944 955 accipitur,
1969 911 2118 956 quando-

1228 973 1290 1006 que
1311 974 1372 1007 pro
1398 963 1477 1000 solis
1497 970 1613 998 contra
1632 972 1732 1006 caput
1751 960 1985 998 condistinetis
2006 971 2115 997 mem-

1229 1012 1315 1047 bris.
1345 1013 1390 1051 Et
1409 1011 1475 1052 hoc
1490 1013 1581 1051 sensu
1603 1012 1724 1047 dicitur
1734 1021 1843 1047 totum
1855 1012 2013 1056 Regnum
2025 1011 2115 1057 Regi

1228 1063 1405 1107 supplicare
1418 1087 1429 1104 ‚
1453 1064 1591 1103 servire,
1617 1062 1740 1099 tributa
1774 1063 1936 1108 pendere,
1954 1071 1992 1097 ac
2011 1061 2115 1099 etiam

1228 1112 1381 1160 rebellare
1402 1136 1415 1154 ,
1448 1111 1595 1160 adeoque
1616 1123 1685 1150 non
1705 1115 1831 1156 praeesse
1848 1138 1860 1156 ,
1895 1111 1950 1149 sed
1970 1110 2092 1151 subesse
2105 1137 2113 1145 .

1229 1162 1357 1200 Verum
1377 1161 1456 1195 dum
1480 1172 1541 1209 pro
1567 1162 1638 1205 ipso
1649 1164 1780 1199 oramu's
1791 1162 1954 1199 Divinam
1964 1162 2116 1205 Maiesta-

1228 1223 1294 1252 tem
1308 1237 1320 1255 ‚
1346 1210 1425 1251 absit
1445 1221 1482 1247 ut
1501 1211 1865 1259 excludamuslkegem
1879 1237 1887 1246 .
1913 1211 2020 1248 Priori
2032 1222 2114 1248 tunc

1229 1263 1322 1303 sensu
1348 1262 1510 1306 accipitur
1524 1286 1536 1308 ‚
1561 1260 1705 1305 ideoque
1725 1261 1760 1296 ὅ(
1781 1271 1859 1295 ante
1869 1262 1997 1304 Regem
2011 1261 2114 1297 bono

1227 1313 1297 1357 jure
1311 1312 1491 1351 celebratur
1505 1335 1513 1344 .
1540 1310 1666 1350 Eadem
1688 1310 1734 1344 est
1759 1309 1845 1348 ratio
1855 1310 2045 1347 universalis
2054 1311 2115 1347 Eo

1228 1362 1327 1402 clesne
1349 1373 1388 1396 ac
1409 1360 1567 1405 Episcopi
1587 1360 1734 1397 Romani
1755 1382 1764 1396 ‚
1799 1359 1968 1404 Capuanae
1984 1359 2114 1407 Synodi

1228 1413 1410 1451 Decretum
1432 1411 1540 1456 tangit
1562 1410 1795 1454 quaestionem,
1820 1421 1863 1446 an
1882 1409 2114 1449 Romanorum

1230 1462 1411 1505 Episcopus
1431 1461 1526 1501 subsit
1548 1461 1692 1505 generali
1714 1460 1896 1495 Concilioe
1933 1460 2015 1497 Non
2033 1461 2114 1497 facit

1228 1513 1268 1549 ad
1294 1513 1478 1555 praesentem
1489 1509 1675 1553 Untversalts
1685 1510 1826 1555 Epist-opt
1838 1510 1995 1555 titulum,
2020 1509 2111 1549 ideo·

1228 1571 1293 1610 que
1311 1562 1357 1601 est
1377 1561 1457 1599 alibi
1475 1559 1728 1600 elucidandum.

553 1889 1467 1983 CANON

1637 1891 1813 2014 111.

2014 2043 2040 2061 <⁴

270 2094 524 2239 QUod
560 2094 636 2144 illc
672 2090 783 2143 solus
818 2086 946 2159 possit
980 2085 1197 2154 deponere
1231 2079 1496 2151 Episcop08‚
1530 2082 1600 2134 vel
1633 2079 1940 2141 reconciliate·>

463 2316 962 2360 Scuorron.

363 2464 462 2499 Anon
477 2461 530 2497 hic
543 2459 662 2496 habere
675 2457 769 2503 possit
782 2456 866 2492 duos
878 2454 987 2490 sensus
997 2477 1005 2487 .
1035 2450 1165 2487 Primus

274 2467 357 2552 C
385 2515 429 2550 est
450 2514 527 2550 hic.-
552 2511 672 2546 Nullus
695 2509 789 2551 possit
813 2507 993 2550 Episcopus
1021 2502 1164 2546 depone·

272 2580 307 2604 xe
331 2578 384 2601 aut
407 2563 641 2602 reconciliare,
669 2559 727 2594 nisi
752 2558 840 2592 solus
860 2557 969 2598 Papa.
995 2552 1096 2589 Alter
1117 2552 1162 2587 est

275 2618 355 2652 hic.-
386 2616 439 2649 Ad
463 2613 676 2658 deponendos
691 2609 739 2643 vel
756 2605 1016 2642 reconciliandos
1031 2603 1164 2648 Episco-

276 2679 337 2712 pos
357 2666 445 2710 Papa
469 2675 551 2708 opus
571 2674 639 2697 non
679 2659 776 2695 haber
808 2655 980 2691 assistentia
1012 2653 1164 2697 Synodi,

277 2718 331 2751 sed
355 2717 441 2751 solus
467 2716 499 2748 id
522 2713 625 2758 potest
639 2737 646 2746 .
675 2710 744 2744 Hic
757 2708 863 2743 sensus
877 2706 994 2749 spectat
1005 2705 1045 2738 ad
1059 2704 1168 2738 Cano-

278 2777 356 2803 nem
368 2766 557 2811 vigesimum
569 2766 727 2807 quintum
740 2784 751 2799 ,
777 2757 918 2800 ideoque
927 2757 1013 2799 prior
1024 2753 1063 2788 ad
1077 2753 1166 2788 hunc

280 2816 465 2861 praesentem
483 2838 490 2846 .
517 2811 620 2858 Qod
644 2810 799 2852 cujusque
818 2806 1001 2843 Provinciae
1015 2802 1168 2847 synodus

282 2865 427 2909 potuerit
452 2863 536 2896 olim
565 2860 746 2903 Episcopos
771 2857 936 2900 deponere
961 2865 999 2890 ac
1027 2854 1170 2889 reconci-

284 2917 384 2954 liare,
409 2914 442 2947 &
469 2912 625 2946 Canones
649 2907 771 2942 docent
788 2932 800 2949 ,
828 2907 863 2940 δε
889 2905 1077 2940 universalis
1097 2916 1170 2939 om·

288 2967 383 3000 nium
409 2961 629 2999 Ecclesiarum
661 2956 865 2993 consuetudo
885 2981 896 2997 ,
929 2956 964 2989 &
1001 2955 1169 2989 innumera

288 3014 459 3057 exempla.
491 3010 625 3046 Etenim
646 3009 782 3053 quintus
794 3007 941 3049 Nicenus
963 3006 1083 3039 Canon
1098 3018 1108 3038 :
1128 3007 1172 3039 De

287 3065 337 3101 bis
355 3069 408 3106 qui
429 3066 623 3095 communione
639 3061 806 3102 prIvantur
819 3082 830 3098 ,
853 3055 908 3102 seu
928 3067 967 3088 ex
992 3057 1097 3094 clero,
1120 3052 1172 3098 seu

288 3128 329 3149 ex
353 3118 439 3148 Lateo
459 3113 561 3145 ordine
582 3135 593 3150 ,
631 3110 670 3143 ab
694 3106 846 3151 Episcopir
865 3115 920 3149 per
935 3116 1173 3149 unamquamque

292 3169 505 3201 Provinciam,
531 3159 680 3206 sententia
701 3160 860 3203 Regularis
890 3155 1021 3188 obtineat
1044 3180 1054 3196 ‚
1079 3166 1115 3188 ut
1140 3154 1172 3188 ht

290 3221 344 3259 qui
365 3214 567 3255 abjiciuntur,
592 3209 631 3244 ab
654 3210 724 3241 aliis
747 3219 803 3242 non
814 3211 1012 3248 recipiantur:
1040 3206 1174 3246 Voces,

294 3269 347 3300 Ex
375 3266 461 3298 clero
478 3286 489 3301 ,
523 3256 809 3303 comprehendunt
837 3257 938 3291 etiam
974 3256 1173 3299 Episcopos.

292 3316 397 3349 Lucet
417 3325 459 3347 ex
473 3311 645 3354 Rescripto
657 3307 831 3343 Innocenti
844 3306 937 3350 primi
950 3304 1124 3341 Pontificis
1134 3305 1173 3340 ad

292 3363 489 3398 Victi-icium
502 3361 703 3405 Episcopum
717 3356 1018 3401 Rothomagensem
1032 3370 1042 3389 .·
1068 3359 1099 3391 51·
1109 3367 1175 3398 quae

290 3413 388 3457 causae
412 3413 465 3447 vel
480 3416 677 3446 contentiones
707 3413 783 3441 inter
809 3409 936 3441 Clericos
952 3431 962 3446 ‚
1004 3416 1069 3440 tam
1090 3405 1175 3449 supe-

291 3470 377 3500 rioris
391 3464 504 3499 ordinis
517 3463 608 3508 quim
618 3465 708 3496 etiam
718 3457 872 3500 inferioris
885 3481 896 3500 ,
914 3457 1035 3502 facerim
1048 3464 1173 3496 exorta,

1207 2299 1377 2345 lsecundum
1389 2303 1425 2334 N
1429 2303 1542 2340 icenaem
1554 2300 1695 2339 synodum
1702 2304 1885 2346 congregatis
1893 2300 2027 2346 &usdem
2040 2306 2113 2338 Pro·

1208 2342 1215 2561 ἱ

1182 3485 1193 3545 ί

1224 2355 1335 2385 vinciae
1357 2347 1513 2391 Episcopi:
1527 2352 1663 2393 jurgium
1675 2351 1867 2385 terminetur.
1896 2353 2039 2387 stantem
2048 2366 2113 2386 ma-

1227 2402 1306 2439 iores
1330 2398 1429 2442 causae
1449 2405 1482 2432 in
1502 2401 1633 2434 medium
1646 2398 1768 2442 fuerint
1787 2400 1940 2436 devoluta·
1963 2426 1975 2444 ‚
2000 2404 2047 2437 ad
2061 2405 2112 2438 Se·

1223 2452 1292 2484 dem
1313 2448 1498 2491 apostolicam
1519 2472 1530 2488 ‚
1561 2448 1633 2491 ficut
1653 2451 1780 2489 synodus
1794 2449 1904 2491 statuit
1922 2474 1934 2492 ,
1968 2454 2005 2488 &
2024 2452 2112 2488 beata
2154 2462 2161 2471 ·
2211 2466 2222 2476 ·

1222 2498 1404 2543 consuetudo
1417 2504 1533 2542 exigit,
1555 2499 1618 2542 post
1631 2501 1781 2541 judicium
1805 2499 1981 2546 Episcopale
1997 2504 2112 2546 refero·

1229 2561 1298 2585 tur.
1337 2549 1406 2584 Sub
1425 2549 1565 2584 laudatis
1592 2549 1721 2593 Synodi
1748 2551 1887 2586 vocibus
1911 2562 1980 2585 non
2005 2552 2111 2587 solum

1229 2600 1414 2636 inferiorem
1428 2623 1439 2639 ,
1465 2597 1518 2632 sed
1538 2599 1638 2633 etiam
1661 2600 1857 2644 superiorem
1876 2598 2012 2635 Clerutn
2022 2612 2113 2636 com·

1229 2649 1385 2694 prehendi
1412 2648 1518 2691 palam
1541 2648 1647 2682 asserit
1670 2672 1682 2691 ‚
1714 2648 1923 2684 definitivum
1942 2651 2043 2684 etiam
2068 2653 2111 2687 de

1229 2700 1299 2745 ipso
1323 2698 1481 2742 judicium
1502 2698 1656 2733 adscribit
1677 2698 1856 2734 Provinciae
1877 2699 2015 2743 Synodo
2034 2724 2045 2740 ,
2069 2712 2110 2738 ac

1229 2749 1428 2795 Apostolicae
1453 2749 1530 2784 Sedi
1545 2748 1636 2785 aliud
1658 2759 1728 2784 uon
1750 2749 1853 2784 defert
1865 2750 1962 2794 quam
1974 2751 2112 2794 proban·

1228 2801 1277 2837 dae
1299 2798 1796 2844 velimprobandaedefinitionis
1807 2800 2018 2835 relationem.
2045 2802 2110 2838 Re·

1230 2851 1384 2887 lationem
1407 2849 1494 2885 hanc
1504 2847 1618 2884 diserte
1638 2860 1707 2883 non
1725 2849 1874 2892 expressit
1896 2851 2031 2886 Nicaena
2050 2854 2110 2896 Sy-

1232 2902 1336 2936 nodus
1348 2927 1358 2942 ,
1378 2899 1516 2945 ideoque
1528 2900 1728 2935 Hincmarus
1743 2900 1958 2943 Metropolita
1970 2902 2112 2937 Remen-

1230 2951 1269 2987 fis
1292 2953 1361 2985 vult
1385 2951 1440 2986 hic
1464 2950 1506 2987 ab
1526 2950 1725 2984 Innocentio
1747 2961 1816 2985 nou
1840 2950 1942 2993 ipsam
1963 2951 2112 2995 laudari,

1232 3002 1284 3037 sed
1311 3000 1482 3046 synodum
1503 3000 1744 3035 sardicensem.
1770 2999 1972 3036 Verumfine
1996 3002 2112 3038 funda-

1232 3063 1362 3087 mento,
1389 3052 1471 3087 Haec
1492 3051 1581 3085 enim
1604 3049 1705 3095 longe
1725 3051 1834 3084 minus
1855 3051 2010 3086 meminit
2020 3052 2112 3088 istius

1235 3102 1422 3147 Apostolici
1440 3101 1538 3146 juris.
1563 3099 1661 3135 Recte:
1687 3098 1814 3135 addidit
1840 3099 1997 3137 Pontifex
2017 3116 2028 3137 :
2063 3105 2111 3137 Et

1233 3151 1499 3197 beataeonsuetudo
1523 3157 1636 3195 exigit.
1665 3150 1797 3195 Utique
1808 3150 1937 3185 inducta
1951 3161 2007 3193 per
2021 3150 2111 3196 Apo-

1235 3202 1332 3239 stolos
1344 3228 1356 3244 ,
1379 3202 1421 3237 de
1429 3214 1493 3247 qua
1503 3202 1607 3236 sextus
1620 3201 1765 3246 Nicenus
1774 3201 1912 3236 Canon:
1938 3202 2114 3245 Suisprtvi·

1234 3254 1308 3298 legia
1328 3253 1487 3298 serventur
1507 3251 1641 3294 Ecclefiis
1667 3277 1674 3285 .
1714 3251 1796 3297 Qae
1813 3260 1922 3285 tamen
1943 3252 2112 3288 consuetu-

1237 3305 1279 3338 do
1306 3304 1391 3348 apud
1413 3313 1527 3337 omnes
1553 3312 1666 3346 gentes
1703 3302 1834 3335 videtur
1867 3310 1935 3333 non
1957 3300 2050 3337 fuisse
2075 3303 2111 3337 in

1238 3354 1334 3397 pleno
1354 3356 1476 3397 semper
1497 3353 1572 3386 usu.
1598 3351 1756 3387 Africana
1779 3348 1867 3385 enirn
1891 3349 2029 3385 Ecclesia
2040 3363 2111 3388 non

1237 3404 1434 3448 singulorum
1463 3402 1702 3446 Episcoporum
1732 3399 1980 3444 degradationes
1999 3424 2010 3440 ,
2054 3403 2110 3438 sed

1236 3454 1341 3489 solum
1360 3452 1679 3491 communicantium
1713 3448 1903 3496 catalogum
1938 3450 1997 3485 suo
2032 3461 2111 3490 tem-

1981 3511 2062 3545 pore
