2366 3756
63 610 147 652 Epist,
163 620 208 646 24.

474 171 534 220 -C
569 177 601 218 o
635 172 782 219 uei
812 177 839 221 i.
862 181 891 216 -1
923 183 953 214 u
988 179 1022 216 M
1050 163 1124 215 “F
1157 168 1677 230 1=01·n>e'1·>n··r21'‘u·u
1713 187 1774 222 M..

225 267 301 297 nam
312 258 548 295 miserationem
561 258 694 298 fiducia,
710 268 752 291 ex
763 267 824 300 qua
836 255 1004 290 laudatum
1019 255 1106 289 Eho*

225 313 292 346 raci
303 311 496 355 Episcopum
512 307 834 351 Guilielmumegisso
859 306 991 350 quidam
1018 306 1099 339 dixe-

225 371 302 395 mnt
311 362 394 404 apud
410 360 574 394 laudatum
586 358 803 391 Guilielmnm
816 356 1076 400 Neubrigensem
1092 368 1104 388 .-

227 414 339 446 Fertur
352 422 416 444 eum
426 410 528 453 dixiffe
540 432 551 447 ,
577 407 762 450 quodcoelestt
782 408 922 439 Antidoto
947 418 1005 439 non
1027 407 1105 445 adji-

226 470 304 495 ceret
314 460 476 493 humanum
487 483 494 491 .
520 458 564 491 Et
577 458 617 490 de
628 459 745 492 Sansto
758 457 929 490 Conrardo
945 455 1102 490 Constan-

226 511 316 544 tienfi
329 510 513 553 Episcopo,
540 507 707 542 solennem
729 507 763 540 in
788 506 935 540 Paschali
956 504 1107 540 festivita-

226 560 403 594 teMiss‘am
426 556 630 596 celebrante,
664 556 776 591 scribit
797 557 935 599 ejusdem
960 555 1108 589 Ecclefiae

227 608 424 645 Chronicon
440 621 448 641 ι
478 610 595 652 Accepto
608 611 752 640 Dominici
766 613 892 648 corporis
902 609 1107 644 sacramento,

226 666 350 694 venitur
374 660 418 691 ad
441 660 596 701 Sanguinis
619 663 879 699 participationem
898 682 906 688 .
944 656 1035 688 calix
1070 666 1107 687 ex

229 720 308 742 more
346 708 551 751 discooperitur
574 719 583 738 2
619 711 733 741 Aranea
769 713 845 740 vitae
871 708 975 748 liquori
1002 702 1108 747 illapsa

227 764 359 795 cernitur
372 783 379 790 .
407 757 526 791 Animal
548 762 652 790 mortis
678 763 802 790 exitium
826 756 936 789 bomini
974 759 1109 788 exteriori

228 815 383 847 minatur,
403 805 461 850 sed
478 803 597 840 interim
615 809 716 849 poculo
741 808 901 841 immortali
927 811 1079 838 animatur
1092 818 1105 838 ·.

227 860 317 902 ‚Quid
342 858 424 899 facit
459 857 591 897 Minister
627 857 757 898 Coelestis
793 856 950 890 convivii?
987 859 1108 888 Summa

227 908 372 942 accinctus
393 907 477 949 fide,
502 906 579 940 nibil
601 913 634 939 in
660 906 715 940 bac
738 919 770 942 re
795 900 938 945 mortale,
967 905 1045 938 nibil
1053 905 1108 937 du-

226 965 267 992 cit
290 959 430 998 exitiale,
455 958 575 990 avidius
600 955 764 999 consumit,
790 960 824 991 (⁸7
850 958 930 999 quod
939 958 1105 988 Sacramen-

227 1015 271 1047 ti,
298 1009 332 1041 Θ
353 1009 435 1050 quod
449 1012 618 1040 exterminii
633 1007 701 1048 fuit
713 1031 722 1046 ‚
749 1018 807 1040 non
826 1012 977 1040 immemor
989 1010 1107 1047 antiqui

220 1057 369 1102 serpentis
384 1068 528 1090 venenum
550 1058 691 1090 Antidoto
711 1061 880 1090 Dominicae'
890 1056 1024 1098 paffionis
1036 1067 1107 1089 eva·

225 1118 360 1142 cuatum.
387 1112 527 1141 Cerneres
536 1116 732 1150 cooperatores
753 1106 844 1148 hujus
865 1106 1021 1148 Ministerii
1040 1105 1106 1147 pal·

224 1156 345 1201 lescen,
382 1163 541 1191 imminens
576 1157 731 1197 Antistia,
779 1166 816 1190 ut
849 1153 1075 1199 ficspicabantur
1092 1178 1104 1194 ‚

225 1213 304 1241 necis
327 1208 487 1249 periculum
511 1207 760 1247 circumstantibus
786 1212 923 1240 innuere.
962 1205 1007 1238 Ab
1041 1216 1100 1237 om-

224 1258 313 1291 nibus
349 1264 382 1290 in
417 1268 563 1291 commune
597 1256 731 1297 tristano
776 1268 812 1290 ac
849 1262 968 1290 timetur
996 1278 1008 1295 ,
1041 1255 1106 1288 dies

220 1308 329 1351 gaudii
354 1312 387 1339 in
412 1319 565 1340 maerorem
589 1312 738 1341 vertitur.
766 1310 878 1341 Tamen
886 1305 1012 1350 peraffa
1026 1309 1109 1338 Com-

224 1362 373 1390 munionis
404 1357 619 1398 distributione,
667 1359 749 1391 ultra
765 1363 895 1390 omnium
922 1355 1008 1399 spem
1022 1381 1032 1396 ,
1069 1355 1113 1387 ad

226 1406 358 1449 mensam
369 1416 453 1439 artus
458 1409 586 1446 jejunus
596 1415 768 1437 attenuatos
790 1406 956 1449 refeci-'urus
970 1405 1082 1436 accedit
1093 1426 1104 1442 ,

222 1455 282 1499 sed
301 1465 360 1491 non
378 1454 525 1497 gustando
553 1453 649 1486 cibum
676 1454 861 1493 aliquamdiu
888 1451 970 1493 fidit
989 1477 1001 1486 .,
1037 1455 1110 1483 Per-

229 1501 386 1536 cunHatur
395 1503 574 1532 secretarius
595 1501 759 1540 queffl’t
781 1498 901 1530 aeturus
914 1511 925 1531 .·
953 1496 1089 1539 ExpecIo
1102 1514 1126 1536 ,.

170 1569 189 1586 .-
216 1555 347 1593 inquit,
372 1546 511 1591 hospitem
537 1553 570 1580 in
586 1553 722 1589 proximo
745 1553 934 1581 venientem.
961 1550 1007 1579 Et
1026 1533 1126 1580 recu-²

56 1939 119 1972 nb.
134 1937 189 1970 ult.

228 1598 394 1643 natofitper
404 1596 536 1641 mensam
545 1603 639 1639 capite
650 1603 765 1632 exitum
779 1601 904 1631 Araneae
913 1605 1017 1639 aperto
1025 1605 1108 1638 prae-

225 1652 276 1686 bet
286 1660 355 1690 ore,
381 1658 450 1691 quae
459 1658 510 1682 nec
519 1653 591 1681 mori
600 1653 633 1680 in
669 1647 786 1681 homine
806 1651 883 1689 Dei,
910 1658 961 1681 nec
987 1655 1109 1680 mortem

223 1705 324 1744 potuit
334 1698 446 1741 inferre
458 1723 466 1731 .
494 1697 539 1731 Et
550 1698 582 1731 in
594 1696 819 1732 Occidentalis
833 1698 980 1732 Ecclefiae
994 1697 1110 1731 Histo-

228 1751 276 1785 ria
286 1749 396 1784 scribit
408 1746 546 1792 Iacobus
567 1747 751 1782 Cardinalis
772 1748 814 1782 de
835 1748 984 1782 Vitriaco
998 1760 1006 1779 :
1032 1749 1109 1791 ,Qui-

110 1831 112 1834 .
174 1842 177 1848 ¹
229 1802 304 1834 dam
312 1800 482 1832 Sacerdotes
493 1809 531 1831 ex
543 1806 631 1831 tanta
641 1798 702 1841 fide
716 1799 887 1841 quandoque
900 1797 1034 1842 muscam¹
1043 1822 1053 1837 ‚
1075 1799 1110 1831 (9‘

231 1855 382 1884 Araneam
402 1859 468 1882 cum
488 1850 634 1892 sanguine
651 1857 843 1899 acceperunt,
868 1850 949 1892 quod
970 1855 1012 1882 eis
1034 1847 1113 1881 nihil

230 1907 401 1934 nocuerunt.
429 1900 543 1931 Audivi
553 1907 652 1931 autem
662 1900 699 1931 de
710 1901 837 1941 quodam
851 1922 862 1938 ,
888 1904 941 1942 qui
959 1898 1110 1941 postquam

231 1955 382 1983 Araneam
406 1959 471 1981 cum
489 1950 639 1992 Sanguine
655 1947 806 1992 suftepit‚
825 1948 889 1991 post
908 1951 974 1983 dies
996 1950 1111 1991 aliquot

229 1998 355 2040 cumfibi
366 2004 510 2031 minueret
521 2023 532 2038 ‚
559 2003 677 2032 Aranea
688 2005 766 2032 viva
777 2001 810 2033 (9
823 2006 942 2043 integra
953 2010 1016 2033 cum
1039 2000 1113 2031 San·

225 2056 319 2094 guine
339 2049 378 2082 de
397 2047 516 2081 brachio
537 2050 602 2090 eius
619 2048 759 2091 profilia..
789 2049 841 2082 Ex
865 2049 925 2083 hac
937 2048 1000 2083 fide
1011 2048 1111 2083 etiam
1133 2087 1136 2091 ¹

230 2101 346 2134 Simon
358 2096 542 2133 Patriarcha
555 2098 643 2132 trinae
654 2099 833 2133 ablutionis
845 2099 982 2133 toxicon
996 2099 1112 2132 illaesus

229 2149 355 2183 admisit
365 2173 372 2181 .
402 2149 443 2182 Et
453 2148 691 2183 Haereticorum
704 2173 715 2188 ,
737 2150 771 2183 <Sc
784 2149 1035 2183 Catholicorum
1048 2149 1113 2181 Eu-

230 2199 419 2233 charistiam
428 2209 553 2231 veneno
566 2198 653 2241 poffe
664 2199 755 2231 infici
777 2198 918 2237 fatetur,
944 2196 1054 2228 verum
1077 2196 1110 2227 in

232 2248 309 2280 solis
321 2245 373 2279 his
383 2247 547 2279 laudatam
564 2248 651 2288 posse
674 2244 802 2288 reperiri
824 2244 923 2278 fidem
948 2243 1016 2277 vult
1037 2245 1111 2277 San·

233 2298 302 2330 &us
311 2295 488 2339 Gregorius
499 2294 699 2327 Turonenfis
709 2318 717 2324 .

247 2360 249 2364 ·
283 2345 327 2378 Et
338 2342 416 2377 hinc
427 2343 532 2377 oritur
543 2343 604 2375 alia
618 2342 771 2386 quaestio‚
811 2341 866 2377 An
888 2342 928 2377 ad
952 2341 1110 2387 ejusmodi

232 2394 331 2429 fidem
352 2403 465 2427 omnes
486 2392 692 2437 obligemur?
720 2392 919 2436 Respondeo
942 2394 1109 2438 negative.

231 2444 369 2478 Etenim
391 2443 546 2476 infestum
566 2441 714 2476 Calicem
737 2444 805 2476 non
828 2444 958 2486 sumpsit
995 2443 1111 2477 Vistor

230 2493 389 2528 secundus
403 2516 415 2532 ,
440 2492 492 2525 sed
506 2492 694 2526 seervandum
708 2493 847 2534 seposuit
859 2493 907 2527 uti
918 2493 1087 2536 Reliquias
1100 2517 1111 2534 ,

231 2556 271 2577 ac
282 2554 339 2586 pro
353 2541 506 2575 Sacrificii
517 2542 759 2585 complemento
772 2542 872 2576 alium
892 2544 1090 2577 consecravit
1101 2568 1109 2576 .

192 2589 194 2592 ¹
231 2594 277 2627 Et
290 2592 380 2636 quod
394 2591 592 2625 Guilielmus
606 2591 809 2626 Eboracenfis
833 2592 1110 2637 Archiepiscopus

6 2958 12 2967 ”
60 2955 88 2985 Υ
105 2964 131 2990 9.
142 2964 218 2989 024„

232 2641 418 2677 antidotum
455 2642 621 2685 sumpserit
638 2665 649 2681 ‚
686 2640 881 2677 authenticis
916 2643 1111 2677 testimoniis

232 2692 433 2726 demonstrat
448 2692 645 2725 Guilielmus
658 2691 901 2736 Neubrigefflis,
913 2694 947 2727 &
959 2694 1109 2727 adversus

233 2741 322 2776 aliud
358 2743 530 2783 opinantes
565 2742 715 2786 adjungit
738 2756 749 2775 .·
788 2744 880 2786 ,Quod
910 2744 1085 2776 Guilielmus
1098 2767 1108 2783 ,

232 2797 306 2835 quia
316 2797 366 2825 vir
371 2790 493 2834 sapiens
497 2790 586 2833 fuit,
608 2794 643 2826 <9
668 2794 824 2825 Dominum
843 2804 899 2825 non
918 2794 969 2834 esse
992 2800 1110 2826 tentan-

233 2843 305 2874 dum
318 2845 435 2874 Divina
447 2841 618 2875 auctoritate
627 2842 744 2875 edollur
755 2866 765 2881 ,
792 2853 844 2876 nec
856 2841 967 2886 dixisse
979 2868 989 2883 ‚
1016 2854 1109 2886 neque

233 2892 314 2935 egisse
333 2892 492 2924 credendus
513 2891 571 2931 est.
598 2892 681 2926 Non
710 2892 824 2926 dixisse
840 2917 851 2932 ‚
875 2892 966 2936 quod
992 2893 1106 2933 caelesti

232 2942 374 2974 Antidoto
385 2940 482 2982 nonsit
494 2943 694 2982 adjiciendum
716 2941 876 2975 humanum
887 2967 895 2974 .
925 2943 968 2977 Et
989 2942 1023 2976 in
1050 2944 1108 2977 suo

234 2989 418 3034 Capitulari
427 2990 535 3025 statuit
558 2991 763 3026 Venerabilis
785 2991 1006 3026 Parifienfium
1031 2994 1110 3037 Epi-

232 3043 348 3083 scopus
358 3039 460 3074 Odos
484 3043 558 3074 siin
568 3044 687 3074 Domini
707 3044 884 3086 Sanguinem
910 3041 1030 3086 musca,
1057 3045 1110 3077 vel

230 3101 364 3130 aranea,
395 3090 447 3123 vel
467 3091 581 3133 aliquid
602 3093 662 3125 tale
686 3093 842 3133 ceciderit,
880 3100 951 3135 quia
971 3104 1028 3126 non
1046 3093 1107 3135 fine

232 3145 345 3175 vomitu
355 3141 389 3173 ὁ·
396 3141 523 3180 periculo
530 3146 654 3182 corporis
664 3143 824 3184 aliquando
827 3141 850 3186 s
847 3149 906 3175 ami
913 3142 1004 3185 potest
1015 3168 1026 3183 ‚
1040 3150 1106 3187 igne

230 3190 421 3224 cremandum
433 3188 490 3230 est,
518 3191 552 3223 (²1
571 3198 638 3224 tunc
663 3193 790 3236 Sanguit
815 3197 932 3226 Domini
948 3192 1103 3236 sumatur.

234 3240 318 3274 illud
336 3249 456 3279 tamen,
481 3240 559 3281 quod
580 3241 658 3274 intsis
676 3243 828 3283 ceciderit,
851 3244 937 3284 prius
958 3249 990 3276 in
1008 3245 1107 3277 Calice

232 3290 320 3323 debet
330 3294 404 3322 vino
412 3289 559 3330 perfundi
570 3314 582 3329 ‚
608 3292 641 3323 6·
653 3294 764 3333 quanto
775 3294 891 3326 cautius
912 3293 979 3334 fieri
996 3297 1106 3334 poterit

231 3338 335 3378 abiut,
360 3339 395 3371 (5
412 3337 509 3379 postea
528 3337 614 3380 super
634 3338 780 3382 piscinam
797 3343 946 3383 comburi,
973 3344 1008 3377 t&
1023 3345 1107 3376 illam

232 3389 411 3421 ablutionem
435 3389 574 3422 sacerdos
596 3388 712 3431 sumat.
751 3393 794 3425 Et
821 3392 968 3427 laudatus
994 3393 1104 3427 Cardi-

235 3437 320 3473 nalis
350 3435 391 3470 de
433 3436 604 3472 Vitriaco:
637 3441 668 3472 si
704 3439 826 3482 musca,
861 3443 914 3483 vel
934 3453 1048 3477 aranea
1071 3448 1103 3474 in

297 3512 301 3516 .
333 3485 441 3527 christ.
453 3490 532 3529 Lupi
543 3492 630 3531 Oper.
643 3491 758 3523 Tom.V.

1168 2951 1287 2985 propter
1313 2947 1473 2978 simoniam
1502 2969 1511 2984 ,

1166 257 1298 290 Calicem
1317 257 1471 296 ceciderit,
1499 266 1556 288 non
1576 255 1614 295 est
1638 259 1736 289 tutum
1757 257 2049 300 propter'vomituni'

1165 304 1292 348 muscam
1313 307 1363 338 vel
1380 317 1522 339 araneam
1545 306 1609 339 cum
1631 307 1777 350 sanguine
1786 305 1905 349 sumere
1918 331 1926 338 .
1954 306 2046 340 Debet

1167 363 1256 401 igitur
1268 356 1407 387 sacerdos
1422 357 1578 396 diligenter
1591 357 1746 397 &pluries
1763 355 1892 399 muscam
1913 358 1966 390 vel
1980 367 2049 399 ara-

1167 416 1253 438 neam
1262 404 1380 438 abluere
1393 428 1403 443 ,
1428 406 1462 437 <ff
1474 414 1582 445 aquam
1593 404 1756 438 ablutionis
1774 404 1891 448 sumere
1902 430 1909 436 .
1937 407 1975 437 Id
1994 406 2053 439 vec

1166 457 1198 487 νδ
1212 456 1290 496 quod
1300 454 1435 487 ablutum
1445 452 1483 492 est
1501 452 1684 486 comburatur
1701 478 1710 492 ,
1736 456 1769 486 ἐν
1787 461 1861 488 cinis
1883 462 1915 488 in
1931 454 2050 497 piscina

1166 513 1324 546 reponatur
1343 529 1354 544 ,
1394 505 1446 536 vel
1466 508 1498 535 in
1531 504 1648 544 liquida
1675 501 1841 545 substantia
1871 510 2026 546 recipiatur
2039 529 2052 538 ,

1167 554 1322 587 ΡίτῐηαἚῃ
1338 555 1446 587 Deum
1460 552 1538 586 fides
1550 552 1594 585 est
1607 552 1892 596 fingulariffimum
1905 555 1968 588 Dei
1995 552 2054 587 do«

1169 615 1245 637 num
1258 626 1269 641 ‚
1294 600 1433 647 ideoque
1458 601 1593 636 addufla
1605 602 1795 635 Sanctorum
1805 603 1952 644 exempla
1976 605 2051 638 sunt

1168 655 1276 698 potius
1289 651 1477 687 admiranda
1488 653 1521 686 &
1531 652 1715 686 veneranda
1725 677 1736 691 ‚
1758 662 1856 694 quam
1868 652 2027 686 imitanda
2042 676 2052 685 .

1168 704 1326 750 Qisquis
1340 703 1461 737 temere
1472 713 1636 736 venenum
1647 703 1690 736 sic
1714 702 1881 748 sumpserit
1894 725 1905 741 ‚
1931 701 1973 736 de
1992 700 2053 735 Di-

1168 755 1249 787 vinae
1259 751 1441 795 Maiestatis
1451 752 1635 787 tentatione
1644 752 1690 785 est
1714 751 1831 788 merito
1854 749 2062 795 arguendus„

1168 805 1258 838 Nam
1278 804 1311 837 &
1324 804 1492 837 Simonem
1503 801 1726 838 patriarcham
1740 801 1758 834 ὲ
1770 813 1883 844 quarta
1898 801 2057 843 sumptim

1170 854 1285 897 nejam
1301 853 1486 887 audivimus
1497 854 1640 887 occisum
1652 877 1659 885 .
1687 853 1801 900 Qare
1824 852 1859 885 &
1879 850 2056 884 Turonen-

1170 905 1209 938 sis
1231 903 1411 948 Gregorius
1437 903 1530 938 istam
1555 903 1653 937 fidem
1685 899 1893 936 solummodo
1921 900 2057 940 laudat,

1171 966 1237 987 non
1256 953 1367 988 statuit
1379 954 1411 986 in
1425 953 1574 998 generale
1597 962 1790 997 praeceptum
1804 978 1812 985 .
1839 950 2058 985 Horrendum

1179 1004 1287 1037 nescio
1301 1003 1389 1046 cujus
1402 1003 1436 1036 in
1447 1003 1645 1037 Belluacenfi
1660 1014 1738 1047 agro
1763 1002 1895 1039 rustici,
1919 1002 1976 1043 qui
2000 1001 2063 1033 im·

1172 1054 1265 1088 misso
1277 1053 1409 1087 bufonis
1418 1053 1575 1097 sanguine
1588 1054 1712 1087 sacrum
1725 1052 1773 1086 sui
1787 1051 1972 1094 Presbyteri
1996 1050 2061 1084 Ca·
2076 1055 2142 1091 L3.
2153 1062 2170 1084 c
2184 1062 2196 1082 ι
2212 1061 2236 1087 7,
2270 1058 2294 1101 α·

1171 1104 1267 1138 licem
1302 1105 1499 1138 intoxicavit
1527 1128 1538 1143 ‚
1575 1102 1702 1136 facinus
1722 1101 1815 1140 refert
1845 1102 1880 1135 in
1906 1100 1997 1135 libris
2018 1099 2061 1134 de

1176 1156 1230 1188 sua
1244 1154 1309 1188 vita
1321 1153 1421 1188 etiam
1432 1152 1624 1187 venerabilis
1638 1153 1808 1187 Guibenus
1819 1150 1933 1185 Abbas
1954 1150 2062 1184 Novi-

1171 1204 1260 1249 genti
1274 1229 1280 1236 .
1308 1202 1413 1237 Addit
1426 1203 1653 1245 Presbyterum
1667 1213 1734 1236 non
1748 1203 1867 1236 virtute
1875 1202 2066 1235 Sacramen-

1171 1255 1220 1295 ti‚
1245 1254 1299 1288 sed
1314 1254 1422 1288 Sansti
1447 1253 1601 1289 Marcelli
1625 1252 1805 1287 Parifienfis
1830 1250 1986 1295 Episcopi
2013 1250 2067 1283 in·

1171 1305 1360 1339 terceffione
1386 1304 1479 1338 fuiffe
1504 1303 1524 1338 a
1548 1312 1655 1338 morte
1682 1303 1844 1339 servatum
1867 1326 1874 1334 .
1913 1301 1958 1334 Et
1994 1299 2063 1333 haec

1173 1354 1311 1389 breviter
1336 1353 1420 1390 dieta
1447 1354 1507 1389 smt
1533 1353 1578 1388 ob
1602 1352 1733 1388 Victori
1760 1351 1872 1387 nostro
1899 1350 2065 1387 intoxica-

1168 1399 1244 1437 'tum
1270 1403 1442 1436 Calicem.

1222 1452 1277 1482 De
1286 1451 1403 1482 eodem
1417 1451 1551 1482 victore
1562 1451 1603 1483 ad
1615 1451 1706 1483 istius
1717 1451 1822 1483 saeculi
1834 1462 1958 1484 annum
1972 1450 2067 1493 quin·-

1173 1497 1394 1542 quagefimum
1409 1498 1583 1539 septimum
1608 1499 1712 1542 pergit
1733 1498 1928 1536 Lambertus
1956 1498 2067 1532 schaf-

1174 1546 1397 1592 naburgensis:
1425 1551 1490 1580 Rex
1504 1552 1651 1582 Henricus
1671 1553 1776 1581 tertius
1787 1549 1936 1581 Natalem
1964 1551 2065 1580 Domi-

1171 1602 1246 1631 mini
1259 1596 1434 1631 Ratisbonae
1447 1596 1631 1638 celebravit,
1654 1597 1802 1642 praesente
1828 1597 1925 1631 adhuc
1949 1598 2068 1631 Vic‘i'ore

1173 1651 1262 1690 Papa
1273 1673 1284 1688 ‚
1310 1653 1362 1690 qui
1370 1649 1477 1681 exinde
1491 1647 1650 1690 compofitis
1665 1650 1849 1682 mediocriter
1861 1651 1958 1692 Regni
1982 1659 2069 1692 nego·

1172 1705 1224 1731 tiis
1238 1723 1248 1739 ,
1274 1705 1307 1731 in
1333 1698 1455 1731 Italiam
1466 1696 1616 1747 regrestus
1634 1723 1645 1738 ,
1672 1704 1776 1741 quinto
1786 1698 1947 1731 Kalendas
1973 1702 2069 1742 Augu-

1167 1749 1207 1789 sti
1231 1755 1378 1792 migravit
1403 1750 1448 1781 ad
1470 1753 1628 1794 Dominum
1643 1772 1650 1781 .
1687 1747 1886 1791 Etstetensem
1908 1747 2069 1791 Episcopa-

1173 1809 1236 1833 tum
1250 1823 1260 1839 ‚
1286 1810 1340 1841 quo
1347 1797 1439 1841 seille
1456 1801 1544 1841 Papa
1558 1795 1665 1845 fadus
1679 1810 1737 1831 non
1748 1798 1950 1831 abdicaverat
1963 1821 1974 1837 ,
2009 1801 2070 1830 Gu-

1173 1855 1234 1883 rizo
1251 1847 1399 1892 ficsbepit.
1442 1848 1510 1883 Uti
1534 1849 1607 1897 Leo
1629 1860 1737 1882 nonus
1760 1848 1957 1882 Tullensem
1972 1871 1983 1887 ‚
2022 1848 2070 1883 ita

1176 1899 1289 1933 Victor
1303 1899 1764 1942 EistetensemEpiscopatum
1793 1899 1888 1932 fimul
1911 1908 1989 1932 cum
2009 1896 2067 1931 Pa-

1174 1960 1249 1993 patu
1263 1949 1417 1984 retinuie:
1434 1949 1547 1997 Qod
1561 1949 1665 1992 ipsum
1676 1950 1716 1984 de
1731 1949 1870 1983 Lucenfi
1900 1946 2070 1982 Cathedra

1175 1998 1381 2043 postmodum
1400 1999 1477 2034 fecit
1489 1999 1678 2034 Alexander
1691 1998 1848 2033 secundus
1861 2025 1868 2032 .
1898 1997 2070 2033 Laudatus
2084 2019 2088 2038 ,

1175 2050 1244 2084 Leo
1265 2050 1350 2084 obiit
1370 2048 1500 2083 decimo
1524 2051 1621 2084 tertio
1647 2049 1811 2085 Kalendas
1846 2047 1952 2091 Maias
1990 2048 2070 2082 anni

1175 2100 1434 2146 quinquagefimi
1453 2100 1581 2144 quarti,
1617 2100 1732 2134 eodem
1754 2110 1844 2134 anno
1879 2100 1998 2134 electus
2021 2098 2071 2132 est

1176 2149 1313 2188 Victor,
1339 2151 1482 2190 sequenti
1504 2160 1680 2184 coronatus
1703 2152 1737 2183 in
1765 2150 1870 2184 Coena
1898 2148 2068 2189 Domini,

1175 2208 1212 2230 ac
1226 2197 1296 2239 post
1311 2196 1480 2230 biennium
1495 2196 1665 2231 defunctus
1679 2222 1686 2230 .
1714 2199 1807 2231 Hinc
1825 2200 1843 2230 a
1873 2198 2071 2238 quibusdam

1174 2246 1214 2278 ad
1227 2245 1330 2284 duos,
1361 2243 1583 2286 &quibusdam
1594 2246 1635 2279 ad
1648 2255 1711 2279 tres
1725 2257 1829 2279 annos
1854 2245 1965 2280 sedisse
1989 2245 2073 2280 dici-

1174 2305 1246 2327 tur.
1273 2292 1374 2339 Qod
1386 2304 1504 2336 nempe
1517 2294 1600 2328 olim
1613 2294 1702 2329 sedes
1725 2306 1792 2328 non
1816 2294 1858 2329 ab
1883 2295 2067 2338 electione,
2088 2313 2152 2347 μοι.
2176 2326 2251 2352 ¹¹4*

1176 2344 1228 2378 sed
1253 2345 1271 2377 ὲ
1296 2343 1577 2386 (Σοηΐεει-αῑῐοηε,
1604 2344 1655 2378 vel
1677 2345 1908 2380 Coronatione
1930 2347 2071 2383 sumeret

1173 2394 1369 2428 exordium.
1398 2394 1564 2438 Magnum
1592 2394 1700 2440 Belgii
1722 2393 1919 2431 Chronicon
1940 2397 1988 2431 ait
2023 2398 2072 2432 se·

1172 2443 1248 2477 dem
1260 2444 1276 2477 a
1292 2442 1416 2478 Leonis
1427 2452 1531 2479 morte
1545 2444 1586 2478 ad
1600 2454 1664 2480 tres
1675 2445 1848 2481 dumtaxat
1872 2446 1941 2480 dies
1965 2448 2071 2488 vacat}

1175 2495 1224 2528 se.
1252 2493 1352 2539 Qod
1365 2499 1480 2538 nempe
1504 2496 1602 2529 tertio
1625 2493 1679 2529 die
1698 2495 1871 2530 Romanus
1894 2497 2010 2533 Clerus
2033 2498 2071 2532 δε

1174 2544 1324 2587 Populus
1350 2544 1610 2588 compromiserit
1629 2546 1665 2579 in
1691 2545 1962 2582 Hildebrandum
1985 2546 2071 2583 Sub-

1172 2594 1346 2628 diaconum
1359 2617 1370 2633 ‚
1395 2605 1492 2639 atque
1503 2593 1557 2629 hic
1570 2596 1680 2630 statim
1701 2597 1838 2640 elegerit
1852 2620 1860 2628 .
1888 2595 2070 2644 QuiurVi-

1172 2645 1239 2678 &or
1252 2644 1354 2687 plures
1365 2645 1519 2687 Synodos
1540 2644 1733 2685 celebrarit,
1761 2646 1887 2680 nonest
1918 2645 2072 2698 dubitan-

1171 2694 1270 2728 dum.
1301 2691 1426 2728 Verum
1449 2695 1530 2738 ipsas
1554 2697 1641 2729 varia
1666 2695 1790 2728 dierum
1817 2697 1943 2730 malitia
1967 2695 2068 2734 nobis

1173 2743 1308 2787 perdidit
1330 2769 1341 2785 ,
1379 2755 1476 2786 atque
1497 2746 1595 2787 usque
1619 2755 1708 2778 nunc
1732 2744 1912 2778 occultavit
1933 2770 1941 2778 .
1980 2742 2065 2779 Om-

1176 2795 1264 2827 nium
1290 2795 1393 2838 prima
1417 2793 1542 2828 videtur
1565 2793 1659 2828 fuisse
1687 2794 1903 2834 Florentina,
1941 2794 1983 2828 de
2001 2806 2068 2838 qua

1173 2843 1336 2878 laudatum
1359 2843 1571 2878 Chronicon:
1603 2844 1703 2878 Victor
1729 2845 1871 2883 synodum
1897 2846 2066 2879 Florentiae

1171 2893 1328 2927 celebravit
1341 2919 1350 2934 ,
1378 2894 1426 2927 ubi
1435 2896 1520 2928 multi
1537 2896 1666 2928 Praelati
1681 2919 1691 2935 ,
1730 2897 1765 2930 (7
1780 2893 1918 2937 Episcopi
1943 2893 2063 2937 depofiti

1548 2946 1582 2978 (9⁰
1596 2944 1830 2986 fornicationem
1852 2946 2061 2978 damnantur.

1176 2994 1259 3027 Etin
1274 2994 1447 3029 Citizenfis
1474 2994 1619 3028 Ecclefiae
1637 2993 1805 3028 Chronico
1830 2994 1949 3030 Paulus
1978 2995 2065 3029 Lan·

1171 3045 1241 3087 gius
1256 3058 1266 3077 .·
1294 3045 1423 3083 synodus
1446 3046 1610 3078 Florentiae
1632 3044 1778 3078 celebrata
1802 3043 1839 3083 est
1862 3043 1917 3086 sub
1947 3045 2062 3079 Villore

1173 3096 1259 3135 Papa
1270 3096 1333 3133 eius
1344 3100 1472 3126 nominis
1483 3093 1610 3137 secundo
1626 3119 1636 3134 ,
1663 3100 1695 3126 in
1721 3106 1780 3136 qua
1803 3097 1890 3128 multi
1917 3094 2062 3138 Episcopi

1167 3152 1287 3185 propter
1311 3147 1473 3177 slmoniam
1499 3146 1533 3178 <fit
1553 3146 1788 3188 fornicationem
1823 3144 1939 3187 depositi
1969 3144 2060 3187 sunt.

1172 3192 1373 3229 Celebratam
1389 3194 1469 3229 dicit
1481 3195 1750 3239 qssinquageiimo
1765 3195 1884 3235 quinto
1896 3195 1984 3228 istius
2011 3196 2064 3228 sae-

1171 3244 1235 3277 culi
1249 3254 1337 3279 anno
1352 3268 1362 3284 ,
1387 3245 1443 3288 qui
1459 3245 1522 3278 fuit
1541 3244 1681 3280 Victoris
1698 3246 1817 3288 primus
1830 3270 1837 3277 .
1865 3245 1972 3281 Fuisse
1998 3243 2063 3287 ple-

1174 3294 1322 3335 narium,
1349 3295 1462 3337 utique
1495 3295 1596 3328 totius
1631 3296 1774 3329 Romani
1798 3294 2065 3337 Patriarchatus‚

1172 3343 1364 3378 Concilium
1376 3367 1386 3383 ‚
1411 3345 1444 3378 &
1460 3343 1591 3379 adfuifle
1607 3346 1793 3378 Henricum
1810 3345 2036 3387 lmperatorem
2053 3365 2064 3382 ,

1171 3394 1326 3427 testantur
1346 3393 1379 3426 in
1405 3394 1519 3428 litteris
1545 3394 1583 3427 ad
1608 3395 1717 3429 nescio
1740 3405 1837 3437 quem
1860 3395 2062 3437 Episcopum

1172 3445 1304 3479 Sanetus
1324 3441 1436 3478 Petrus
1456 3442 1612 3479 Damiani
1626 3468 1637 3483 ,
1661 3445 1695 3480 ἃς
1709 3445 1834 3488 Auster
1860 3444 1938 3535 vitaeI
1954 3441 2063 3480 Sanffi

1590 3492 1622 3526 A
1673 3504 1695 3530 2
1936 3490 2015 3525 oan-

2083 3282 2140 3309 L.4.
2151 3281 2198 3319 Ep.
2205 3290 2239 3311 n
