2366 3756
104 601 136 631 L
161 611 195 635 7·
215 606 260 634 In-

104 638 171 670 diCt.
192 653 218 672 2.

102 682 186 722 Epist·
195 691 241 720 33,

100 1108 136 1146 ἶ..
158 1117 203 1139 22..
219 1108 252 1139 Ε-

135 1146 164 1177 st.
189 1158 232 1177 ιο.

107 2966 137 2994 1,.
170 2973 198 3000 3.
230 2964 261 2991 Ε

108 3003 172 3040 pist.
199 3014 243 3035 11-

106 3046 136 3073 L.
166 3055 193 3079 4.
228 3045 261 3074 li-

107 3084 170 3120 pist.
197 3094 219 3113 ι.

67 3154 71 3165 x
107 3124 139 3152 L.
167 3133 194 3158 5.
232 3125 262 3153 Ε-

109 3163 168 3200 pist.
194 3167 242 3195 28.

109 3203 139 3231 L.
165 3207 196 3233 6.
231 3205 263 3233 E·

109 3242 171 3279 pist.
196 3252 242 3278 40·

586 168 1121 212 Concurrunt
1191 167 1662 214 ROMANUM.

281 255 347 290 lem
370 251 547 287 Ecclesiam
560 275 570 291 ,
593 254 725 293 primum
742 252 777 285 rb·
799 259 897 284 terras
918 255 946 281 ei
957 250 1076 290 deputet
1084 247 1165 291 suffi-

279 309 412 344 cienter,
437 304 472 337 (9⁶
495 304 621 336 clericos
645 309 696 345 qui
711 302 819 335 ibidem
823 298 883 341 sua
894 300 984 341 officia
998 300 1163 340 impleant,

279 363 316 387 ut
332 352 465 396 sacratis
484 355 553 387 locis
563 357 735 390 reverentia
744 351 889 392 condigna
902 350 1053 383 tribuatur
1067 375 1074 381 .
1102 349 1164 383 Per

281 403 489 438 Clericorum
525 414 633 438 tamen
669 400 919 444 deputationern
955 400 1058 443 aliqui
1095 410 1163 434 non

279 455 492 497 praesentandi
517 454 588 495 jus,
614 450 668 486 sed
694 452 797 486 solam
823 449 1033 486 dotationem
1046 450 1165 484 volunt

280 504 424 550 intelligi
446 529 454 536 .
491 501 664 549 dequid
689 501 728 535 fit
750 527 761 541 ,
798 502 840 535 ad
868 501 1074 538 Venantium
1099 500 1167 534 Lu-

280 555 412 593 nensem
438 553 639 596 Episcopum
675 550 787 586 scribit
821 554 954 590 Sanstus
989 550 1166 595 Gregorius

280 604 427 650 Magnus
441 616 453 637 :
478 600 714 647 ,Quiagloriofics
725 604 811 635 Aldio
824 626 836 642 ‚
860 601 999 645 Magister
1009 601 1141 633 Militum
1155 622 1166 640 ,

280 659 314 691 in
341 659 466 687 civitate
489 652 578 695 ipsius
609 651 797 692 Presbyteros
816 654 871 686 vel
892 656 1037 685 Diaconos
1048 651 1166 687 omnini}

279 702 425 745 desiderat
446 705 582 742 ordinari
602 727 613 743 ‚
650 715 697 736 eos
731 709 785 746 qui
806 705 852 736 ad
872 701 1095 746 consecrandum
1114 700 1167 735 eli·

276 764 389 798 guntur
402 778 413 794 ‚
439 759 633 789 Fraternitas
653 753 751 793 vestra
761 753 919 796 diligenter
939 758 1074 795 inquirat
1086 776 1094 784 .
1120 753 1167 782 Et

277 804 304 848 fi
322 803 399 838 nibil
420 803 458 845 est
478 805 559 846 quod
580 804 728 842 Canonice
747 815 847 840 eorum
870 806 1087 842 ordinationem
1113 806 1167 833 im-

276 856 406 896 pediat,
431 856 493 887 Deo
508 861 640 896 propitio
661 855 726 888 illos
741 853 862 894 studeat
881 856 1020 888 ordinare
1032 878 1039 885 .
1066 851 1168 885 Nem-

279 905 318 948 pe
343 905 402 938 suae
427 903 584 939 Civitatis
609 904 788 943 Ecclesiam
815 904 921 939 Aldio
941 903 1166 938 aedificaveran

279 954 353 988 Nec
373 952 466 988 obest
503 954 594 996 quod
622 954 767 999 ejusdem
797 954 973 991 Pontificis
1006 952 1048 987 ad
1085 951 1169 986 Feli-

276 1014 349 1037 cem
388 1004 620 1039 Messinensem
666 1005 862 1042 Antistitem
896 1003 1044 1049 Epistola
1079 1002 1168 1036 dicat

278 1053 415 1096 Bafilicae
436 1056 591 1088 conditori
610 1055 690 1089 nibil
706 1064 863 1098 competere
867 1057 951 1097 juris
962 1078 974 1096 ‚
1001 1051 1168 1095 nifiproces-

275 1103 361 1150 {ionis
378 1109 513 1148 gratiam
532 1130 545 1147 ,
570 1117 637 1149 quae
658 1106 793 1140 omnibus
821 1106 1001 1146 Christianis
1038 1110 1071 1139 in
1096 1115 1168 1138 com·

278 1165 366 1187 mune
389 1155 512 1193 debetur
527 1181 534 1194 2
563 1157 648 1201 Agit
673 1157 765 1197 enim
786 1156 828 1192 de
847 1155 1003 1195 Bafflica,
1031 1166 1101 1189 non
1113 1165 1168 1197 per

1226 248 1447 293 praesumpsbrit
1468 247 1634 292 Epiftopus
1658 250 1818 292 ordinare,
1846 251 1881 285 Θ
1905 252 2116 287 ordinationem

1227 298 1315 342 suam
1334 305 1452 336 irritam
1472 296 1670 342 effenoverit,
1696 301 1731 334 δ’
1753 302 1798 334 ad
1809 302 2027 336 verecundiam
2029 301 2116 346 sitam

1231 351 1302 383 alios
1321 355 1354 383 in
1377 360 1475 382 eorum
1493 351 1572 390 loco,
1600 362 1673 393 quos
1683 351 1779 387 eidem
1801 351 1857 393 ipsi
1858 352 2042 392 fundatores
2052 365 2118 387 con-

1233 403 1337 444 dignos
1356 400 1526 442 elegerunt,
1552 401 1688 436 ordinari
1709 425 1717 432 .
1744 401 1827 449 Qae
1849 402 2033 437 Patronatae
2057 403 2119 438 Ec·

1232 451 1332 483 clefiae
1357 449 1487 483 libertas
1507 446 1635 484 videtur
1654 451 1748 486 fuisse
1780 451 1867 494 apud
1889 452 1976 487 solos
2000 453 2120 497 Hispa-

1235 511 1314 533 nos:
1345 498 1446 542 Apud
1457 498 1535 532 alias
1545 499 1670 537 Gentes
1692 500 1900 540 praesentandi
1922 501 1970 544 jus
1991 500 2119 538 videtur

1234 549 1325 584 fuisse
1356 559 1547 592 perpetuum
1566 573 1577 589 ‚
1614 548 1647 581 δε
1666 547 1709 582 ad
1745 546 1880 583 haeredes
1916 553 2089 588 transivisse
2108 580 2118 586 .

1233 597 1408 645 Qidquid
1427 598 1487 639 fit,
1511 597 1578 640 jam
1598 598 1724 641 pridem
1736 598 1779 632 ita
1790 600 1911 633 transiit
1923 603 2022 636 etiam
2035 601 2121 647 apud

1234 650 1401 693 Hispanos
1423 675 1430 682 .
1468 648 1646 687 Notandus
1666 650 1710 683 est
1736 649 1855 686 Canon
1878 650 2033 693 septimus
2054 653 2124 696 jam

1233 699 1382 734 laudatus
1401 709 1519 743 quartae
1540 698 1669 742 Synodi
1690 697 1955 734 Aurelianenfis:
1982 700 2124 737 Violen-

1234 750 1314 784 tiam
1336 749 1426 783 illam
1447 775 1458 790 ,
1485 760 1548 793 qua
1564 745 1670 784 'Laici
1686 748 1822 783 Patroni
1842 749 2060 795 Presbyteros
2082 763 2123 787 ac

1233 800 1315 835 alios
1336 800 1482 835 Clericos
1492 798 1689 846 quandoque
1698 800 1821 844 gratis,
1848 800 2044 845 quandoque
2054 814 2123 846 pre-

1234 852 1302 892 tio,
1328 851 1362 885 in
1388 851 1546 890 Ecclefias
1568 849 1778 887 intrudebant
1800 849 1912 883 invitis
1926 851 2120 895 Epffcopis,

1233 901 1375 936 ostendit
1401 902 1464 935 effe
1487 899 1582 935 vaide
1606 901 1778 944 antiquam
1800 925 1807 932 .
1837 899 2005 934 Adversus
2026 901 2118 937 illam

1237 953 1358 995 semper
1378 953 1596 997 resurgentem
1618 949 1776 986 habemus
1799 950 1957 994 plurimos
1967 950 2121 994 posterio-

1236 1013 1284 1036 res
1306 1002 1485 1043 Canones,
1512 1014 1596 1046 quos
1618 1000 1673 1039 hic
1697 1001 1849 1036 adversus
1858 1001 1997 1036 eandem
2008 1000 2122 1036 denuo

1234 1052 1412 1090 redivivam
1432 1053 1570 1086 innovat
1591 1051 1752 1087 Nicolaus
1773 1051 1948 1090 secundus.
1977 1053 2128 1087 Damnat

1235 1104 1267 1137 ὅ(
1290 1103 1389 1137 aliam
1414 1103 1461 1138 sui
1489 1103 1645 1145 temporis
1667 1102 1874 1147 iniquitatem
1889 1126 1900 1142 ‚
1925 1102 1968 1136 de
1993 1113 2055 1145 qua
2067 1113 2126 1135 no-

1238 1154 1287 1187 bis
1311 1152 1404 1197 supra,
1425 1153 1511 1186 dixit
1534 1153 1665 1187 Sanctus
1701 1152 1814 1188 Petrus
1847 1152 2008 1187 Damiani
2033 1166 2039 1184 :
2078 1151 2126 1185 Ab

279 1204 419 1238 Laicum
443 1229 455 1246 ,
481 1215 538 1240 aut
559 1206 760 1251 Episcopum
780 1229 792 1246 ‚
832 1207 886 1242 sed
908 1217 965 1250 per
984 1205 1172 1241 inferiorem
1216 1198 1392 1247 lEpiscopis
1415 1201 1532 1246 insuper
1549 1208 1640 1237 etiam
1651 1205 1784 1239 Decimae
1805 1204 1840 1236 (9⁸
1846 1203 1973 1244 plebes,
2000 1203 2055 1235 seu
2067 1201 2130 1235 Pa—

279 1254 449 1289 clericum
462 1280 473 1295 ‚
498 1257 612 1299 utpote
631 1257 820 1299 Ianuarium
841 1256 1047 1295 Meffinenfis
1060 1255 1170 1289 Eccle-

279 1304 327 1337 siae
337 1304 584 1341 subdiaconum
597 1330 609 1346 ‚
631 1307 788 1342 exstrusta
799 1333 811 1353 ‚
836 1307 890 1343 cui
902 1306 1172 1352 gradarpraesen-

279 1352 372 1388 tandi
394 1354 446 1397 jus
468 1354 526 1390 ista
546 1365 623 1394 aetas
643 1352 1015 1393 nondum'attribuebat
1028 1379 1035 1387 .
1064 1355 1171 1389 Addit

278 1415 370 1442 nona.
391 1404 561 1439 Toletana
583 1405 756 1446 Synodus:
785 1408 845 1443 Pia
853 1406 1035 1447 compafflone
1044 1405 1172 1438 decerni-

277 1465 345 1490 mus
359 1478 369 1493 ‚
395 1463 428 1486 ut
440 1454 583 1497 quamdiu
596 1454 781 1496 fundatores
795 1455 989 1497 Ecclefiarum
1005 1460 1039 1488 tn
1049 1453 1109 1488 bac
1120 1460 1168 1492 vl-

277 1511 314 1534 ta
317 1501 489 1543 superstites
510 1502 678 1539 exstiterint
689 1526 700 1541 ,
722 1512 781 1544 pro
789 1502 898 1544 eisdem
909 1507 980 1536 Iocis
987 1513 1095 1538 curam
1101 1510 1171 1541 per-

276 1555 439 1582 mittantur
450 1549 559 1585 habere
575 1548 752 1591 sollicitam,
779 1551 814 1583 ὁ·
831 1550 1063 1593 fhiltcitudrnena
1077 1551 1169 1590 ferre

273 1604 460 1642 praecipuam
470 1623 481 1639 ,
507 1608 597 1641 atque
607 1600 744 1634 Rectores
756 1602 875 1638 idoneos
886 1607 920 1633 in
939 1601 1052 1642 eisdem
1065 1597 1170 1639 Bafili-

276 1654 318 1683 cis
329 1649 425 1683 eidem
436 1648 490 1692 ipfi
496 1649 622 1690 offerant
642 1648 786 1693 Episcopo
807 1652 994 1684 ordinandos
1005 1675 1012 1682 .
1044 1648 1175 1692 ,Quodfi

271 1697 479 1747 superstitibus
503 1698 611 1743 eisdem
640 1699 859 1742 fundatoribus
898 1701 1034 1736 Reiiores
1058 1700 1170 1734 ibidem

1236 1253 1396 1289 rochiales
1419 1253 1571 1291 Ecclefiae
1590 1276 1602 1292 ‚
1641 1253 1799 1286 adduntur
1821 1258 1853 1285 in
1881 1251 2048 1295 beneficium
2069 1249 2128 1293 [αε-

1234 1304 1381 1338 mlaribus
1408 1328 1416 1337 .
1449 1301 1634 1352 Qomodo
1670 1303 1757 1337 olim
1782 1302 1923 1337 Carolus
1949 1300 2127 1335 Martellus

1237 1354 1408 1396 Episcopia
1439 1365 1477 1387 ac
1505 1353 1709 1390 Monasteria
1731 1377 1742 1393 ,
1781 1351 1826 1385 ita
1861 1360 1942 1386 tunc
1968 1350 2129 1394 Episcopi

1235 1403 1363 1437 Altaria
1386 1402 1508 1436 dabant
1530 1402 1639 1437 Laicis
1661 1402 1697 1436 in
1723 1401 1848 1436 militiae³
1871 1400 2050 1444 stipendia:
2079 1400 2127 1434 Et

1233 1452 1405 1496 quomodo
1429 1462 1510 1486 tunc
1532 1451 1626 1485 Laici
1650 1451 1730 1492 illa,
1756 1451 1801 1485 ita
1826 1462 1915 1484 nunc
1942 1449 2053 1485 &haec
2064 1460 2128 1484 tra-

1233 1502 1362 1533 &abant
1373 1509 1411 1532 ut
1423 1501 1553 1542 propria
1565 1499 1687 1532 allodia
1699 1522 1711 1538 ‚
1743 1499 1882 1542 ideoque
1904 1501 1939 1532 in
1951 1500 2008 1533 illa
2020 1500 2127 1534 Cleri-

1233 1558 1291 1582 cos
1313 1548 1426 1581 invitis
1439 1547 1610 1590 Episcopis
1621 1546 1819 1591 quandoque
1831 1549 1954 1591 gratis,
1980 1548 2130 1592 frequen-

1233 1607 1282 1632 ter
1301 1598 1408 1641 pretio
1431 1596 1663 1633 intrudebant.
1691 1597 1797 1646 Qod
1819 1596 1874 1631 hic
1897 1597 2017 1632 Canon
2029 1600 2129 1638 etiam

1231 1647 1387 1684 damnat.

529 1909 1453 2008 CANON
1638 1911 1868 2006 VII.

418 2098 459 2146 T
495 2099 636 2148 nullus
668 2098 868 2149 habitum
897 2103 1109 2153 Monachi
1147 2100 1375 2171 suscipiat,
1404 2098 1525 2169 spem
1579 2116 1656 2152 aut
1692 2102 2012 2169 promissionem
2051 2101 2128 2155 ha-

451 2167 582 2231 bens,
618 2183 669 2216 ut
705 2169 860 2216 Abbas
895 2170 972 2219 fiat
992 2206 1005 2219 .

461 2343 970 2389 Senex-lou.

372 2447 504 2496 Bbatias
523 2448 542 2482 a
563 2447 702 2483 Clericis
724 2449 832 2493 appeti
845 2462 883 2484 ac
893 2449 1064 2485 ambitiose
1076 2453 1168 2487 inva-

395 2498 433 2534 di
454 2499 500 2533 est
513 2499 649 2543 antiqua
661 2499 788 2533 miseria
799 2522 809 2538 ‚
837 2499 854 2533 ὲ
868 2501 988 2535 Sansto
999 2502 1166 2547 Gregorio

1216 2300 1356 2337 ¹dudum
1375 2299 1638 2344 impugnarunt,
1663 2302 1697 2335 &
1727 2302 1869 2338 necdum
1890 2304 2012 2349 ubique
2025 2317 2123 2350 expu-

1230 2360 1375 2396 gnarunt
1396 2350 1580 2385 sanstiffimi
1600 2350 1747 2394 Majores
1773 2353 1900 2393 nostri,
1938 2356 1972 2390 δε
1989 2367 2029 2390 ex
2052 2357 2122 2400 ejus

1230 2401 1394 2436 cineribus
1413 2400 1536 2444 prodiit
1557 2401 1621 2435 alia
1641 2402 1836 2438 ambitionis
1858 2405 1966 2448 lepra,
1992 2418 2055 2450 qua
2079 2408 2121 2442 ad

1231 2450 1370 2486 Abbatis
1392 2452 1521 2486 senium
1534 2475 1546 2492 ,
1572 2452 1727 2489 morbum
1749 2465 1806 2488 aut
1831 2465 1973 2489 mortem
1999 2457 2094 2491 Laici
2111 2480 2122 2496 ,

1230 2514 1268 2537 ac
1286 2502 1458 2545 praesertim
1483 2502 1605 2536 Clerici
1630 2501 1671 2537 ab
1698 2503 1928 2546 Elector-ibus,
1966 2507 2120 2551 praecipue

279 2549 412 2593 Magno
434 2547 588 2585 damnata
610 2549 646 2582 in
667 2549 783 2583 litteris
806 2548 847 2583 ad
870 2551 1022 2585 Sanctum
1056 2553 1166 2588 Maxi·
1212 2530 1246 2594 [a
1268 2553 1464 2586 nominante
1485 2552 1660 2597 Principe,
1686 2566 1854 2599 coeperunt
1867 2556 2041 2600 dignitatis
2051 2569 2121 2601 pro-

280 2599 430 2634 mianum
463 2599 628 2642 Syracusae
659 2599 863 2643 Episcopum
886 2614 898 2634 .·
944 2602 1131 2641 Presbyteros
1153 2628 1166 2645 ,

280 2653 429 2683 Diaconos
451 2674 462 2689 ‚
487 2648 659 2694 caeterosque
680 2649 834 2690 cujuslibet
871 2652 985 2686 ordinis
1011 2654 1163 2695 Clericus,

281 2704 332 2741 qui
353 2704 386 2732 in
407 2699 540 2742 Ecclefiis
560 2712 671 2744 quoquo
693 2702 776 2734 modo
785 2702 922 2736 militant
934 2727 945 2743 ,
972 2704 1104 2738 Abbates
1111 2713 1169 2747 per

283 2749 457 2789 Monasteria
477 2751 530 2794 effe
553 2761 610 2784 non
624 2757 810 2793 permittat,
829 2750 892 2796 sed
899 2762 952 2785 aut
962 2755 1090 2798 admissa
1102 2757 1169 2789 Cle-

283 2805 396 2833 ricatus
416 2802 526 2834 militia
549 2801 717 2841 Monasticis
739 2814 797 2836 non
811 2803 1023 2847 provehantur
1056 2807 1170 2839 ordini·

284 2850 341 2884 bus
363 2874 374 2890 ‚
413 2860 465 2883 aut
480 2850 510 2892 fi
534 2857 567 2886 in
597 2852 725 2886 Abbatis
751 2854 807 2889 loco
823 2861 1002 2895 permanere
1031 2857 1169 2890 decreve-

283 2905 371 2940 rint,
396 2903 560 2937 clericatus
582 2903 750 2937 nullatenus
768 2909 987 2947 permittantur
997 2904 1105 2940 babere
1116 2912 1169 2939 mi-

282 2954 383 2987 litiam
395 2975 402 2982 .
428 2954 508 2986 Satis
528 2957 607 2987 enlm
618 2958 806 2999 incongruum
824 2954 882 2995 est,
903 2955 934 2997 fi
950 2957 1014 2990 cum
1025 2968 1118 2992 unum
1129 2969 1167 2990 ex

284 2998 333 3032 his
354 3009 411 3041 pro
426 2999 476 3044 sui
499 3004 707 3047 magnitudine
741 3005 898 3049 diligenter
920 3012 986 3048 quis
1009 3018 1067 3041 non
1086 3009 1168 3050 pcfft

281 3052 420 3091 explere,
446 3053 490 3083 ad
510 3061 666 3095 utrumque
678 3055 832 3095 judicetur
853 3057 993 3097 idoneus,
1015 3057 1113 3101 ficque
1125 3063 1169 3090 in-

283 3106 380 3135 vicem
399 3102 433 3134 (5
458 3101 668 3142 Ecclesiasticus
690 3105 759 3136 ordo
791 3110 868 3139 vitae
897 3106 1063 3148 Monasticae
1086 3133 1098 3148 ,
1135 3109 1167 3141 (θ’

284 3150 488 3191 Ecclefiasticis
506 3152 688 3186 utilitatibus
721 3157 833 3198 Regula
858 3156 1053 3192 Monachum:
1079 3163 1167 3200 impe-

281 3201 405 3234 diatur.
433 3200 587 3235 Eundem
608 3201 768 3238 ambitum
789 3206 923 3242 damnat
949 3208 985 3242 in
1002 3208 1117 3243 litteris
1127 3208 1167 3243 ad

283 3250 445 3293 Ioannem
473 3251 638 3286 Ravennae
659 3251 972 3300 Archiepiscopum,
1007 3269 1047 3294 ac
1070 3258 1105 3295 in
1120 3259 1168 3293 lit·

283 3300 361 3334 teris
388 3301 428 3335 ad
450 3301 517 3344 ejus
537 3302 745 3339 successorem
756 3304 999 3342 Marinianum.
1028 3309 1167 3344 Carolus

284 3350 458 3385 Martellus
478 3351 611 3388 induxit
621 3350 755 3390 abusum
768 3354 867 3401 longe
877 3358 1049 3393 foediorem
1063 3385 1074 3400 ‚
1101 3369 1166 3403 quo

284 3411 354 3434 non
377 3401 482 3437 solum
501 3402 659 3442 clericis,
687 3402 741 3439 sed
763 3404 864 3440 etiam
886 3407 997 3442 Laicis
1017 3409 1166 3443 Abbatiae

285 3449 447 3487 dabantur
482 3452 518 3487 in
555 3451 797 3489 Commendam
817 3481 824 3487 .
862 3456 1054 3494 Monstrum
1080 3459 1165 3495 istud

1231 2602 1414 2636 miffionem
1433 2603 1466 2637 &
1489 2612 1612 2639 certam
1636 2605 1725 2647 spem
1749 2607 1895 2650 accipere
1917 2630 1927 2646 ,
1953 2617 2052 2651 atque
2077 2620 2120 2642 ex

1244 2653 1295 2697 psa
1317 2664 1372 2695 per
1395 2653 1612 2696 Hipocryfim
1632 2655 1840 2691 monachari.
1869 2657 1923 2690 Ex
1944 2658 2119 2691 fimilinon

1230 2702 1367 2746 alicujus
1390 2702 1542 2737 Abbatiae
1563 2729 1574 2746 ‚
1610 2705 1664 2738 sed
1692 2705 1786 2748 ipfius
1806 2706 2119 2750 Constantinopoli-

1228 2754 1298 2788 tani
1321 2752 1561 2788 patriarchatus
1581 2754 1794 2798 promiffione
1815 2767 1854 2791 ac
1876 2758 1931 2800 spe
1949 2757 2117 2792 attonderi

1230 2805 1260 2838 se
1283 2806 1319 2838 in
1339 2803 1549 2840 Monachum
1559 2805 1638 2841 fecit
1651 2805 1823 2850 versipellis
1836 2805 1999 2848 photius,
2024 2807 2116 2843 ideo-

1228 2865 1292 2898 que
1310 2855 1423 2889 statuit
1444 2854 1598 2898 Synodus
1618 2856 1732 2892 octava
1755 2870 1766 2892 .·
1805 2857 1960 2894 Prioribus
1986 2862 2116 2892 Canoni-

1226 2904 1280 2939 bus
1300 2907 1509 2940 concordantes
1532 2905 1688 2948 definimus
1722 2913 1866 2942 neminem
1888 2911 1927 2943 de
1958 2912 2114 2944 senatoria

1226 2957 1377 3000 dignitate
1401 2982 1412 2998 ‚
1447 2958 1500 2992 vel
1515 2958 1675 2993 mundana
1690 2958 1912 3002 conversatione
1930 2969 2026 3001 nuper
2049 2970 2114 2993 ton-

1222 3005 1289 3050 sum
1302 3006 1394 3050 super
1415 3013 1579 3043 intentione
1602 3010 1657 3044 vel
1676 3008 1892 3053 exspecqatione
1913 3009 2112 3051 Pontificatus

1225 3059 1280 3091 vel
1299 3058 1532 3094 Patrlarcbatus
1555 3058 1673 3093 honoris
1695 3084 1707 3099 ‚
1744 3061 1892 3095 clericum
1921 3069 1976 3094 aut
2009 3063 2111 3094 Mona-

1225 3106 1309 3142 chum
1322 3107 1466 3150 sallum,
1493 3110 1537 3141 ad
1556 3107 1721 3152 hujusmodi
1738 3108 1883 3153 scandere
1899 3112 2053 3155 gradum,
2073 3111 2108 3142 li-

1226 3166 1270 3191 cet
1287 3166 1344 3200 per
1358 3158 1485 3203 singulos
1505 3160 1634 3193 Ordines
1655 3161 1766 3194 Divini
1779 3162 1939 3197 sacerdotii
1943 3162 2109 3202 plurimum

1225 3214 1364 3251 temporis
1380 3209 1481 3254 fecisse
1491 3209 1649 3252 probetur.
1677 3210 1809 3246 Taliter
1820 3219 2009 3254 promotum
2020 3221 2110 3244 man·
2125 3224 2198 3258 Can,
2227 3235 2251 3267 ς,

1227 3257 1283 3292 dat
1302 3258 1377 3302 ejici
1402 3271 1441 3295 ac
1460 3258 1651 3305 degradari.
1678 3260 1722 3295 Et
1749 3261 1807 3295 sub
1837 3260 1972 3295 Vistore
1998 3261 2109 3295 secun-

1227 3307 1271 3341 do
1297 3309 1459 3344 celebrata
1483 3310 1638 3357 Synodus
1664 3309 1862 3348 Tholosana,
1893 3310 2005 3344 statuit
2028 3325 2039 3342 .·
2074 3312 2107 3342 Si

1227 3362 1295 3400 quis
1317 3361 1516 3401 clericorum,
1547 3360 1750 3405 adipistendae
1763 3360 1899 3397 Abbatiae
1908 3360 2019 3402 causa,
2045 3364 2109 3393 Mo·

1228 3407 1338 3441 nacbus
1358 3409 1478 3450 effet¹7ur
1491 3410 1593 3452 fuerit
1615 3436 1626 3452 ,
1663 3417 1696 3446 in
1732 3411 1863 3445 Abbatia
1896 3411 2015 3452 quidem
2046 3413 2108 3443 Mo·

1228 3456 1339 3494 nachus
1362 3468 1562 3503 permaneat,
1584 3459 1643 3503 sed
1665 3462 1710 3494 ad
1732 3459 1826 3504 ipfiim
1860 3458 1993 3495 bonorem
2016 3481 2028 3498 ‚
2063 3462 2109 3499 ad

1975 3519 2059 3556 quem
