2366 3756
931 138 1428 194 Dicturus.

1949 158 2043 202 233

281 231 423 264 scentem
447 225 641 260 Gnidonem
654 249 664 266 ,
690 225 710 258 ii
730 224 925 260 Rauennate
944 220 1086 259 Ecclesia
1107 220 1168 255 ele·
1207 222 1394 282 {clefiarum
1416 221 1527 267 Mater
1550 220 1727 269 &Capqt‚
1754 222 1790 263 ὃς
1812 223 1853 271 ad
1876 225 1945 270 ejus
1963 225 2109 270 splendo-

279 278 371 314 &um
396 277 595 322 Episcopum
619 301 631 317 ,
667 276 767 309 etiam
789 272 952 310 Fredcrici
976 272 1072 316 primi
1098 271 1167 310 Au-

279 322 372 374 gusti
396 327 546 373 precibus
568 325 776 372 denegaverit
807 322 973 357 Adrianus
1009 331 1142 364 quartus
1157 346 1167 362 ,

278 371 393 413 *videre
429 377 525 424 poffis
551 377 636 424 apud
668 373 876 421 'Radevicum
903 371 1137 416 Frifingensem
1159 396 1165 402 .

280 428 514 463 Romanorum
534 426 736 461 Clericorum
777 423 818 457 ad
851 421 986 457 aliarum
1011 421 1167 471 Ecclesia·

279 489 354 515 rum
392 478 595 513 Praefeeturas
630 475 824 510 electionem
844 474 906 507 esse
948 473 1041 507 omni
1064 471 1166 507 modo

278 525 581 564 commendandam
603 525 685 561 reste
708 536 750 559 ex
768 523 910 567 praesenti
934 523 1069 557 Distatu
1094 524 1167 556 affe-

280 577 412 618 verabat
449 576 604 622 Princeps
625 588 636 624 ἰ
674 575 810 623 perstitit
834 584 957 621 tamen„
979 573 1142 621 ‘Pontifex
1156 596 1166 612 ,

278 637 377 671 atque
392 629 436 662 ita
459 627 553 662 novis
580 622 614 661 &
639 621 747 671 longis
779 627 863 660 inter
876 623 1102 660 Sacerdotium
1130 634 1167 659 ac

282 677 461 720 Imperium
496 674 763 712 contentionibus
802 675 935 719 januam
977 673 1130 718 patefecit
1159 699 1167 706 .

277 726 359 770 Ejus
371 726 769 769 fundam'entumcxpouit
789 726 822 759 in
836 725 951 760 litteris
974 725 1016 761 ad
1030 722 1167 767 Cypria-

278 787 359 810 num
372 778 584 822 Diaconum,
611 772 798 823 Apostolici
819 775 855 809 iu
879 774 995 817 Sicilia
1010 774 1168 823 Patrimo-

276 827 328 861 nii
351 825 522 861 Restorefn
556 850 568 866 ,
593 826 635 862 de
659 817 784 870 Jdanne
810 813 1000 874 Catanensis
1020 824 1168 859 Ecclefiae

214 914 219 919 ,
276 875 529 911 Archidiacono
553 876 590 910 in
613 877 852 920 Syracusanum
887 875 1087 919 Episcopum
1112 874 1168 908 eli-

96 915 158 950 Ῐ·4“
171 912 253 952 51⁹¹st
274 924 386 971 gendo
407 936 507 970 agens
536 948 546 964 ‚
572 926 707 960 Sanstus
731 925 914 971 Gregorius
936 938 943 957 :
972 927 1064 970 ,Quod
1078 922 1168 965 sifa-

97 964 182 1025 ffn,
196 996 252 1024 c6·
275 976 356 1015 ‹Jum
379 974 503 1018 fuerit,
528 980 618 1015 etiam
654 980 768 1020 Frater
794 977 828 1009 (rr
847 974 1041 1021 coepiscopus
1075 973 1168 1014 noster

215 1014 220 1022 .
275 1030 336 1061 Leo
356 1032 382 1060 ei
403 1027 544 1067 ceffionem
562 1024 709 1068 proestare
733 1025 872 1066 debebit,
896 1020 930 1059 ut
956 1025 1029 1059 liber
1041 1025 1086 1058 ad
1094 1026 1169 1057 ordi-

276 1079 411 1110 nandum
420 1077 500 1118 poffit
522 1081 675 1110 inveniri.
704 1074 748 1109 Et
763 1075 797 1109 in
811 1075 927 1110 litteris
945 1075 985 1108 ad
1001 1076 1166 1119 Ioannem

98 381 255 416 L.2-<·.15.

101 423 143 448 16.
171 429 213 452 17,

274 1127 386 1161 nescio
402 1125 493 1169 cujus
505 1124 649 1160 civitatis
663 1124 882 1169 Episcopum:
912 1126 1064 1158 Florentio
1096 1130 1167 1157 Dia·
1187 1137 1190 1139 ·

273 1187 342 1209 cono
367 1180 546 1210 Ravennati
570 1199 582 1216 ,
619 1174 654 1208 &
675 1174 899 1209 Anconitanae
923 1173 1074 1208 Ecclefiae
1096 1175 1168 1209 Ele·

272 1227 327 1262 &0
352 1244 362 1266 ᾗ
398 1224 428 1266 Ji
448 1226 560 1261 nullum
583 1231 698 1259 crimen
732 1225 771 1266 est
810 1225 891 1268 quod
909 1222 1019 1270 obfistat
1043 1249 1055 1265 ‚
1086 1227 1170 1269 apud
1189 1239 1194 1261 z

274 1273 455 1318 Epifiopum
478 1276 549 1315 ejus.
569 1278 619 1318 agi
643 1274 746 1320 ncceffe
771 1273 809 1317 est
828 1299 840 1317 ,
874 1282 910 1308 ut
926 1279 954 1308 ei
981 1275 1091 1309 debeat
1113 1274 1168 1318 ces·

266 1324 395 1368 fiunem»
405 1325 555 1360 concedere
578 1347 591 1365 ,
627 1335 686 1357 non
709 1333 808 1358 tamen
832 1336 872 1367 en
907 1323 1004 1365 nostro,
1026 1327 1169 1366 mandato
1191 1336 1195 1349 -·

274 1376 327 1410 vel
349 1375 458 1411 Editio
481 1398 495 1415 ,
537 1385 574 1408 ne
596 1384 700 1412 contra
717 1373 807 1418 suam
828 1376 1015 1409 voluntatem
1035 1386 1102 1410 eum
1126 1387 1169 1409 ce-

272 1426 344 1462 dere
365 1426 507 1459 videatur
527 1449 536 1456 .

272 1474 425 1511 Ecclefiae
457 1475 664 1520 Episcopum
692 1475 814 1511 elestus
838 1474 1005 1519 postulari·
1033 1474 1169 1513 debebat

272 1523 292 1559 ὲ
314 1526 373 1560 suo
394 1525 561 1569 Episcopo
581 1548 594 1564 ‚
630 1523 670 1566 &5
686 1524 756 1561 fine
776 1524 847 1568 ejus
869 1525 1029 1562 consensu
1071 1534 1169 1568 atque

273 1574 460 1610 donatione
493 1574 680 1614 consentire
701 1573 863 1619 nequibat
879 1573 928 1609 ⁴in
949 1572 1143 1612 electionem
1157 1598 1168 1614 ,

271 1623 376 1668 longe
414 1624 527 1662 minus
553 1622 738 1659 consecrari.
761 1643 771 1654 .
806 1617 966 1657 Donatio
989 1622 1053 1656 seut
1068 1623 1168 1659 cestio

269 1671 413 1709 debebat
431 1672 495 1709 esse
517 1671 615 1715 plene
638 1669 741 1712 libera
766 1688 783 1713 s
804 1669 899 1705 Hinc
921 1671 1023 1714 ipsam
1046 1683 1086 1706 ex
1109 1674 1167 1707 suo

270 1723 413 1758 nomine
433 1719 595 1766 postulari
614 1719 750 1755 nolebat
774 1719 954 1768 Gregorius
967 1746 974 1752 .
1002 1721 1070 1756 Isto
1085 1723 1163 1757 sem-

273 1785 331 1818 per
350 1773 420 1818 jure
448 1771 602 1808 Romana
624 1770 772 1812 Ecclesia
795 1770 842 1807 est
866 1769 1072 1817 singulariter
1092 1783 1162 1819 gra-

275 1823 344 1858 visa
358 1848 365 1855 .
952 1856 956 1861 s

326 1872 443 1908 Aliam.
473 1872 614 1918 antiquae
651 1873 829 1920 disciplinas
861 1873 1029 1920 Regulam
1063 1872 1163 1909 habes

270 1923 310 1960 in
332 1923 477 1967 ejusdem
511 1925 666 1969 Gregorii
688 1924 804 1961 litteris
834 1925 875 1959 ad
898 1925 1062 1969 Joannem
1086 1923 1163 1967 Epi-

267 1974 406 2016 scopum
426 1975 665 2016 Syracusanum
681 1995 692 2007 .
732 1975 892 2010 Cosmam
926 1973 1159 2015 Monachum,

266 2021 287 2055 i
320 2024 442 2057 Sancto
474 2023 684 2059 Maximiano
714 2026 880 2069 syracusa
911 2023 1085 2068 Episcopo,
1107 2035 1162 2058 ex-

266 2074 406 2107 trastum
428 2072 446 2107 ὲ
468 2072 676 2108 Monasterio
702 2099 716 2116 ,
742 2074 929 2117 factumque
954 2073 1161 2108 Cathedralis

268 2121 422 2157 Ecclesia,
442 2121 689 2158 Subdiaconum
714 2145 727 2161 ‚
764 2125 923 2155 successor
947 2123 1090 2164 Joannes
1112 2131 1162 2153 or-

273 2173 441 2205 dinaverat
453 2171 689 2213 Presbyterum
723 2170 873 2203 Ecclefiae
907 2169 942 2202 in
966 2169 1159 2213 possessione

271 2220 399 2262 Iuliana
427 2243 436 2252 .
474 2220 555 2254 Hoc
574 2219 620 2254 est
645 2244 659 2261 ,
703 2229 744 2254 ex
765 2218 979 2254 Cathedralis
1008 2217 1160 2253 Ecclefiae

270 2269 448 2304 Canonico
478 2268 598 2304 fecerat
630 2267 829 2305 rusticanum
851 2266 1038 2304 Parochum
1061 2292 1077 2309 ,.
1113 2278 1159 2303 at-

268 2329 334 2363 que
356 2319 403 2352 ita
423 2317 530 2352 virum
562 2317 831 2353 adeoafflixerat
854 2344 866 2359 ,
906 2328 944 2353 ut
970 2319 1072 2353 vitam
1098 2318 1156 2352 fibi

266 2368 468 2404 existimaret
482 2379 614 2413 poenam
638 2393 646 2403 .
683 2368 778 2403 Hinc
810 2368 866 2402 ille
890 2368 1058 2412 Gregorio
1080 2379 1157 2412 que-

267 2418 336 2452 ssus
355 2418 402 2453 est
418 2442 431 2459 ,
468 2418 652 2462 meruitque
675 2416 734 2452 has
763 2416 804 2452 ad
827 2420 920 2453 suum
951 2418 1153 2461 Episcopum

265 2469 391 2502 litteras
412 2481 419 2500 :
446 2470 533 2511 ‚Quia
553 2470 631 2502 tales
641 2479 712 2511 erga
716 2465 862 2510 subJ'ec‘los
887 2467 994 2508 nostros
1015 2467 1153 2502 debemus

265 2518 392 2557 existere
415 2541 427 2559 ,
452 2518 557 2560 quales
577 2517 661 2552 nobis
679 2542 689 2559 ,
709 2516 740 2558 fi
751 2516 876 2560 subjeHi
900 2516 1076 2563 sumemus,
1103 2529 1154 2551 no-

259 2567 338 2607 stros
359 2567 548 2600 volueramus
571 2570 623 2610 offe
644 2566 818 2609 Praepofitou
839 2590 851 2607 ,
880 2566 1154 2612 magnaefbemgni-

90 2638 169 2666 Ln-
193 2639 246 2675 Ep.
269 2621 346 2649 tatis
367 2615 426 2657 est,
449 2615 480 2656 fi
494 2626 561 2649 eum
580 2621 615 2649 iu
634 2614 815 2658 Ecclefiam,
838 2616 889 2649 ubi
911 2616 1087 2650 Subdiaconi
1114 2618 1153 2658 est

88 2683 134 2713 3⁶,
266 2665 386 2708 func‘lus
395 2666 503 2708 officio,
529 2665 686 2699 Sannaus,
702 2665 798 2706 vestra
819 2668 958 2701 reducere
972 2691 983 2707 ,
1009 2676 1098 2709 atque
1119 2669 1152 2702 il·

269 2718 307 2751 lic
334 2716 534 2755 Presbyterum
569 2716 694 2750 voluerit
729 2715 894 2755 constituere
935 2718 1148 2750 cardinalem..

270 2765 365 2809 ‚Quod
388 2766 422 2799 (θ’
436 2765 539 2807 facere
559 2790 571 2807 ,
596 2774 744 2809 quantum
766 2766 951 2800 arbitramur
975 2791 986 2808 ,
1012 2766 1122 2800 debetis
1138 2792 1149 2808 ,

261 2814 292 2856 fi
307 2824 407 2848 tamen
430 2814 507 2847 nibil
529 2815 567 2855 est
591 2817 671 2858 quod
682 2815 764 2858 juste
787 2823 887 2850 contra
909 2815 1006 2859 ipsum
1031 2823 1146 2850 animos

265 2865 378 2906 vestros
399 2862 573 2907 exasperet.
602 2865 750 2910 Exponit
773 2866 808 2900 in
831 2866 956 2901 laudati·
976 2866 1148 2902 Pontificis

266 2915 333 2950 vita
344 2916 487 2959 Joannes
499 2913 691 2950 Diaconus:
716 2918 919 2957 Cardinales,
946 2917 1001 2951 seu
1027 2916 1147 2952 Cathe-

266 2965 408 2999 dralium
430 2963 643 3001 Ecclesiarum
666 2965 855 3001 Canonicos
878 2992 889 3008 ,
931 2968 1075 3001 violenter
1113 2973 1146 3000 in

266 3013 421 3050 Parochiis
442 3015 593 3048 ordinatos
616 3015 809 3057 Forensibus,
835 3021 868 3049 in
897 3017 1057 3058 pristinum
1074 3028 1145 3061 gra-

266 3066 340 3098 dum
356 3066 515 3107 Gregorius
527 3063 699 3100 revocabat.
726 3066 905 3102 Neminem
929 3066 985 3101 sub
1008 3065 1143 3101 honoris

266 3116 342 3148 fuco
364 3112 571 3157 permittebat
582 3115 725 3149 invitum
737 3118 820 3160 quasi
835 3116 1025 3162 degradari.
1052 3117 1144 3151 Hinc

265 3165 421 3203 sanetum
441 3163 590 3198 Leonem
614 3164 784 3207 imitatus,
809 3169 908 3202 etiam
933 3168 1062 3201 nullum
1082 3167 1143 3201 Ar-

265 3213 499 3248 chidiaconum
520 3213 727 3256 permittebat
750 3216 890 3251 invitum
913 3217 1140 3261 promoveriin

265 3263 499 3308 Presbyterum
522 3276 532 3296 .·
569 3263 870 3304 Archidiaconatus
903 3269 992 3302 enim
1015 3291 1025 3307 ‚
1065 3267 1140 3302 licet

265 3313 369 3359 gradu
394 3313 428 3348 &
450 3313 696 3349 consecratione
715 3315 791 3350 esset
811 3317 945 3352 inferior
969 3343 981 3360 ‚
1013 3317 1139 3352 honore

267 3374 377 3399 tamen
403 3362 727 3399 &administratione
749 3366 916 3409 superabat
937 3367 1138 3413 Presbytera-

266 3423 357 3451 tum.
384 3413 490 3448 Porro
508 3413 662 3448 Romana
675 3414 818 3452 Ecclesia
838 3416 883 3453 est
902 3419 1055 3455 omnium
1079 3419 1139 3452 Ec-

368 3463 558 3508 cbrstLupi
571 3468 776 3508 Oper.Tom.V.

571 1422 787 1473 Qicumque
820 1424 977 1467 Clericus,
997 1426 1032 1469 in
1057 1425 1169 1467 alienae
1193 1467 1195 1469 ¹

1229 282 1298 319 rem
1335 271 1425 312 nulla
1449 272 1548 313 etiam
1581 269 1812 318 Patriarcha'lis
1849 275 1991 318 Ecclesia
2014 277 2110 320 possit

1232 322 1282 354 vel
1305 320 1470 365 adspicere
1492 336 1503 360 .,·
1528 323 1622 359 Hinc
1659 320 1701 360 ei:
1722 324 1790 368 ejus
1816 327 1985 361 matricula
2008 338 2109 361 nemo

1208 377 1212 434 ¹
1231 372 1323 427 possit
1334 371 1374 421 ad
1386 371 1484 414 aliam
1496 375 1679 415 transferri,
1707 376 1763 410 nisi
1775 376 1983 421 degradatus.
2012 377 2109 423 Qin

1230 420 1349 474 mode
1357 421 1522 471 „Gregorio
1534 425 1637 469 pergit
1647 423 1788 471 Ioannes
1810 427 2002 471 Diaconus:
2030 428 2108 468 ciam

1229 469 1390 515 Gregorius
1406 497 1418 513 ,
1438 481 1582 514 percepta
1604 473 1739 516 occasione
1763 501 1773 516 ,
1800 476 1934 518 Ecclefiae
1948 476 2012 521 suae
2033 480 2108 510 Car-

1229 523 1366 561 simules,
1394 523 1448 556 seu
1472 523 1628 557 Romano
1650 525 1788 559 Cardini
1811 527 1980 570 inscriptos
2002 526 2107 561 Cleri-

1230 583 1315 620 cos,
1329 571 1465 622 fitanqen
1475 571 1690 616 consentirent,
1711 572 1790 620 satis
1812 577 1980 609 voluntarie
1995 585 2105 618 prove-

1228 621 1311 655 heret
1323 645 1334 661 ‚
1360 628 1505 657 neminem
1516 626 1641 666 prorsus
1656 651 1667 666 ‚
1680 620 1927 670 'quantacumque
1948 628 2105 667 neceffitate

1229 672 1365 712 coac‘ius,
1391 675 1535 707 violenter
1541 683 1715 716 promovere
1726 676 1860 710 certabat
1873 701 1884 717 ,
1910 688 1946 710 ne
1962 673 2019 718 sub
2031 675 2105 719 eius-

1229 723 1306 755 modi
1325 722 1462 764 occasione
1485 736 1663 767 quemquam
1672 726 1851 760 eliminando
1872 728 2009 769 deponere
2023 727 2105 760 vide-

1229 781 1312 820 tetur
1323 796 1331 805 .
1359 771 1472 818 Plures
1482 775 1574 808 enirn
1585 774 1749 825 malebant
1760 775 1877 821 R0mi⁸
1887 779 1949 811 effe
1959 776 2081 810 Clerici
2093 800 2105 816 ‚

1228 824 1328 866 'quam
1348 823 1391 857 in⁴
1409 824 1473 858 alia
1498 823 1643 860 Civitate
1666 826 1849 870 Episcopi,
1874 827 1908 859 &
1935 837 1989 869 per
2006 826 2105 860 talem

1232 874 1331 908 etiam
1343 875 1588 916 promotionem
1598 875 1827 911 existimabant
1838 877 1870 909 se
1880 875 1971 908 mitti
1983 875 2017 908 in
2039 875 2108 909 exi-

1233 922 1313 957 lium
1340 948 1352 965 ,
1376 936 1414 958 ac
1436 924 1622 969 degradari.
1651 927 1763 974 Qem
1789 926 1915 960 sensum
1940 926 2002 959 effe
2027 915 2180 958 anti-Qu·
2197 924 2262 947 ¹⁶¹·

1232 974 1417 1020 qnisfimum
1438 974 1527 1021 lucet
1550 987 1593 1021 ex
1617 977 1721 1020 prima
1741 975 1880 1022 Synodo
1903 973 2107 1016 Arelatensi,

1231 1022 1352 1057 Hilaro
1374 1024 1530 1065 Diacono
1560 1026 1594 1060 in
1615 1027 1861 1073 tquaestionibus
1895 1025 1975 1059 novi
1992 1025 2109 1068 Testa-

1234 1074 1367 1118 menti,
1386 1073 1492 1108 Sancti
1505 1076 1759 1120 Hieronymiad
1772 1076 1951 1123 Evagsium
1972 1074 2110 1119 ljtteris,

1232 1122 1440 1168 arguentibus
1467 1124 1614 1158 Romani
1641 1127 1730 1160 Cleri
1757 1128 1876 1162 fastum
1903 1126 1948 1161 ob
1961 1124 2109 1162 Ecclefiae

1233 1173 1435 1217 splendorem
1449 1199 1456 1206 .
1484 1173 1540 1208 Ab
1561 1173 1623 1207 illo
1643 1177 1742 1210 etiam
1754 1176 1980 1211 Tertullianus
2000 1175 2111 1209 nescio

1232 1235 1329 1268 quam
1361 1223 1467 1269 passus
1486 1223 1639 1266 injuriam
1653 1249 1664 1266 ,
1681 1238 1752 1270 ‚prae
1771 1226 1977 1271 impatientia
1991 1224 2113 1259 defecit

1232 1273 1271 1308 ad
1290 1267 1514 1314 Montanum.
1527 1271 1634 1314 *Hinc
1656 1276 1760 1322 igitur
1780 1277 1943 1313 Romanae
1964 1274 2113 1309 Ecclesiae

1231 1323 1346 1358 Clerus
1359 1323 1450 1359 alteri
1470 1325 1618 1360 Ecclefiae
1637 1338 1815 1373 numquam
1841 1327 1981 1361 militare
2002 1323 2114 1369 potuit

1231 1382 1287 1407 aut
1321 1374 1453 1415 voluit,
1478 1375 1533 1410 sed
1566 1376 1743 1414 dumtaxat
1766 1378 1891 1421 praeeffe
1914 1401 1921 1409 ·
1961 1375 2006 1416 Et
2031 1372 2112 1409 hinc

1230 1422 1311 1458 dum
1334 1436 1391 1468 pet
1416 1424 1608 1460 Donatistas
1630 1426 1821 1469 devastatae,
1848 1439 1886 1462 ac
1908 1425 1950 1462 ad
1962 1424 2115 1468 miseran·

1230 1474 1306 1508 dam
1333 1474 1427 1508 Cleri
1446 1475 1596 1517 inopiam
1623 1476 1756 1511 redacta:
1777 1477 1940 1517 Africana
1963 1474 2121 1512 Ecclesiae—

1231 1522 1369 1556 subsidia
1391 1524 1566 1557 transmisit
1588 1534 1702 1568 rogata
1729 1526 1824 1560 Italia
1847 1550 1859 1567 ,
1884 1525 1995 1562 nullus
2018 1525 2113 1566 fuisse

1229 1572 1436 1609 transmissus.
1453 1573 1573 1618 legitur
1584 1573 1733 1611 Clericus
1743 1575 1916 1611 Romanus
1929 1601 1938 1608 .

1280 1622 1363 1670 Qae
1387 1623 1501 1658 omnia
1527 1624 1638 1661 locum
1649 1636 1719 1661 non
1734 1625 1857 1663 habent
1869 1626 1902 1662 in
1915 1624 2003 1666 illis,
2030 1634 2121 1670 quos

1228 1683 1298 1707 non
1321 1672 1363 1707 ad
1386 1674 1446 1708 suae
1458 1674 1606 1709 Ecclesiae
1639 1676 1841 1719 Cardinem,
1866 1675 2037 1712 scdsolius
2054 1675 2115 1715 ho·

1227 1722 1317 1757 noris
1337 1725 1433 1758 causa
1451 1723 1626 1760 Romanus
1639 1726 1800 1762 Pontifex
1810 1724 2114 1772 propriis,manibus

1226 1772 1389 1808 ordinarit
1411 1800 1420 1807 .
1457 1772 1615 1812 Attamen
1641 1777 1675 1811 &
1699 1775 1734 1811 hi
1756 1776 1879 1813 habent
1900 1778 1975 1812 suas
1992 1775 2113 1812 Praero·

1225 1823 1381 1869 gativas..
1415 1824 1551 1859 Etenim
1585 1825 1630 1861 ad
1649 1827 1877 1864 Mutinensem
1913 1827 2113 1871 Episcopum

1226 1873 1336 1909 scribit
1355 1875 1446 1917 apud
1457 1875 1661 1921 Gregorium-
1680 1889 1805 1914 nonum
1826 1876 2040 1913 Innocentius
2051 1887 2114 1912 ter-

1225 1922 1311 1957 tius.-
1343 1925 1538 1961 Meminimus
1563 1929 1583 1959 ἃ
1606 1927 1689 1962 uobis
1704 1928 1792 1972 fuiffe
1809 1927 1980 1972 fiippliciter
1989 1927 2113 1970 postula-

1224 1982 1288 2007 tum
1301 1998 1312 2014 ,
1338 1981 1371 2007 ut
1394 1975 1624 2016 quia-Clericus
1649 1978 1704 2012 ille
1723 1988 1789 2012 erat
1812 1982 1956 2013 Roma-me
1976 1976 2112 2020 Bcclefie

1223 2023 1448 2064 subdiaconus,
1473 2028 1686 2062 mandaremus
1706 2027 1802 2072 ipsum
1822 2037 1879 2071 per
1898 2027 2110 2072 Bononiensem

1221 2071 1404 2114 Episcopum
1424 2083 1595 2115 promoveri
1621 2103 1629 2112 .
1668 2076 1783 2115 ¹Voces
1802 2104 1813 2121 ‚
1841 2082 1925 2115 Erat
1963 2083 2111 2117 Romane

1221 2119 1355 2161 Ecclefiae
1367 2122 1589 2163 subdiaconus,
1613 2127 1773 2163 evincunt,
1804 2129 1901 2163 illum
1926 2129 2020 2166 fuisse
2040 2129 2111 2167 Ro-

1221 2180 1320 2203 mano
1333 2169 1471 2206 Cardini
1486 2171 1678 2216 inscriptum
1697 2187 1707 2216 3
1737 2174 1849 2210 verum
1863 2177 2010 2219 Capituli
2031 2178 2109 2221 Epi-

1218 2217 1341 2263 graphe
1377 2219 1456 2253 facit
1478 2221 1604 2256 sensum
1641 2223 1834 2267 ampliorem
1856 2239 1874 2258 .·.
1893 2227 2059 2259 ordinatus
2084 2230 2107 2261 ὰ

1220 2271 1308 2311 Papa
1322 2267 1384 2309 fine
1404 2270 1523 2302 licentia
1535 2273 1629 2312 Papae
1655 2274 1701 2305 ad
1715 2272 1883 2316 ficperiores
1904 2277 2020 2309 ordines
2046 2288 2106 2311 non

1215 2326 1406 2360 promovetur
1430 2343 1436 2350 .
1470 2318 1582 2353 Gloffiz
1604 2319 1662 2355 dat
1684 2323 1843 2359 rationem
1864 2338 1872 2358 ι
1901 2329 1962 2358 Hoc
1977 2324 2104 2368 speciale

1218 2367 1254 2409 est
1260 2375 1384 2409 propter
1396 2368 1599 2402 excellentiam
1617 2372 1785 2414 Superioris
1795 2398 1807 2415 ,
1835 2380 1886 2417 qui
1907 2386 2026 2408 manum
2048 2368 2102 2411 ini-

1213 2418 1334 2460 posuit-.
1363 2416 1406 2453 Et
1420 2419 1594 2455 confirmat
1606 2423 1800 2459 auctoritate
1825 2425 1860 2459 ec
1874 2425 2024 2469 exemplo
2043 2425 2102 2467 hu-

1216 2467 1266 2511 jus
1278 2466 1425 2502 Canonis
1449 2467 1748 2508 Antisiodorensis:
1776 2477 1814 2507 In
1834 2475 1933 2508 Altari
1948 2500 1960 2516 ,
1988 2481 2021 2509 in
2042 2488 2099 2519 quo

1218 2515 1384 2560 Episcopus
1406 2518 1522 2561 Miffam
1543 2526 1682 2557 cantavit
1702 2546 1714 2563 ,
1740 2524 1898 2564 Presbyter
1919 2528 2023 2560 eadem
2048 2527 2098 2560 die

1217 2568 1308 2600 aliam
1324 2566 1468 2602 celebrare
1482 2569 1733 2613 nonpraesumau
1763 2574 1807 2611 Et
1829 2586 1869 2609 ex
1893 2573 1954 2608 hac
1966 2575 2095 2620 Regula

1218 2617 1388 2651 Ruffinum
1399 2617 1605 2654 Monachum
1617 2646 1628 2662 ‚
1655 2633 1752 2666 quem
1764 2622 1995 2668 Presbyterum
2014 2638 2095 2665 con-

1214 2667 1332 2702 sectare
1345 2668 1575 2712 promittebat,
1602 2673 1636 2706 in
1662 2673 1855 2708 Diaconum
1880 2686 1918 2710 ac
1938 2676 2019 2711 alios
2040 2677 2092 2709 in-

1214 2718 1346 2752 feriores
1354 2717 1471 2762 gradus
1482 2721 1659 2755 consecrari
1673 2722 1759 2766 jusiit
1771 2722 1790 2756 ὲ
1803 2724 1903 2758 Bono
1924 2725 1991 2769 ejus
2014 2725 2093 2769 Epi·

1213 2768 1312 2811 scopo
1325 2766 1477 2813 Pelagius
1489 2771 1668 2805 secundus:
1697 2773 1800 2820 Qod
1822 2774 1938 2817 nempe
1960 2775 1978 2808 a
2001 2774 2091 2819 Papa

1210 2817 1358 2853 initiatus
1381 2817 1422 2852 ab
1442 2819 1508 2853 alio
1531 2820 1639 2864 postea
1654 2822 1819 2867 Episcopo
1840 2834 1911 2857 non
1934 2825 2089 2867 potuisset

1208 2867 1336 2910 perfici,
1364 2878 1460 2912 atque
1475 2869 1520 2904 ita
1532 2881 1647 2908 vacans
1661 2872 1802 2911 Ecclesia
1823 2883 1893 2911 non
1903 2874 2095 2918 accipiendi.

1207 2917 1388 2962 Presbyteri
1408 2919 1587 2962 periculum
1600 2920 1740 2964 subjiffet
1751 2948 1759 2959 .

1255 2968 1309 3003 De
1319 2967 1500 3003 istiusmodi
1514 2971 1532 3004 a
1546 2970 1634 3015 Papa
1645 2970 1870 3008 ordinatorum
1892 2973 1954 3008 alia
1968 2974 2086 3013 Praero-

1204 3018 1313 3061 gativa
1338 3018 1447 3053 scribit
1478 3018 1628 3054 laudatus
1651 3022 1865 3057 innocentius
1885 3023 1925 3058 ad
1948 3024 2082 3060 Floren-

1204 3069 1312 3102 tinum
1336 3069 1554 3113 Episcopum:
1583 3070 1733 3111 Postulasti
1740 3081 1796 3114 per
1813 3075 1897 3107 sedis
1918 3073 2080 3116 Apostolicae

1203 3119 1351 3151 oraculum
1375 3119 1483 3153 edoceri
1507 3144 1518 3160 ,
1555 3121 1653 3153 utrum
1683 3127 1753 3164 quis
1780 3131 1837 3165 per
1860 3124 1991 3157 ordinem
2010 3124 2079 3156 sub-

1204 3168 1375 3201 diaconatus
1398 3170 1418 3200 ἂ
1441 3173 1572 3202 Romano
1593 3171 1734 3213 Pontifice
1759 3170 1929 3215 susceptum
1951 3176 1971 3205 ἃ
1996 3173 2078 3205 ciebi-

1202 3226 1235 3249 ta
1262 3216 1316 3249 tibi
1342 3226 1507 3253 reverentia
1523 3218 1724 3262 subtrabatur
1744 3248 1751 3255 .
1779 3224 1829 3255 Ad
1845 3223 1925 3264 quod
1946 3222 2077 3257 breviter

1201 3265 1408 3309 respondemus
1432 3291 1443 3308 ,
1468 3271 1546 3311 quod
1560 3269 1615 3311 etsi
1631 3272 1735 3305 decens
1750 3271 1789 3313 fit
1810 3297 1820 3313 ‚
1848 3282 1881 3305 ut
1898 3272 1958 3305 illis
1981 3283 2077 3314 quan-

1201 3326 1264 3350 tum
1285 3323 1422 3352 convenit
1443 3342 1453 3358 ,
1480 3322 1499 3352 ἃ
1523 3328 1552 3352 te
1575 3326 1652 3355 inter
1672 3323 1747 3355 alios
1767 3321 1823 3354 tibi
1838 3319 1972 3365 subditos
1992 3320 2075 3361 defi*-

1200 3375 1286 3400 ratur
1303 3391 1314 3407 ,
1340 3378 1411 3410 quos
1447 3369 1618 3414 benignitas
1641 3371 1796 3413 Apostolica
1816 3373 1961 3405 collatione
1985 3368 2073 3410 ipsius
2092 3372 2123 3401 L·
2143 3381 2168 3401 1·
2188 3373 2247 3416 Tit·

1199 3418 1314 3451 ordinis
1336 3416 1493 3452 bonoravit
1514 3444 1526 3462 ,
1546 3428 1605 3463 per
1623 3432 1691 3457 eam
1710 3428 1811 3455 tamen
1830 3421 1867 3455 ab
1887 3420 2072 3460 obedientia,
2092 3419 2106 3447 3
2113 3419 2139 3448 3·
2155 3421 2211 3451 ‘²²7’

1630 3469 1664 3505 V
1714 3480 1735 3518 3
1931 3479 2024 3513 quam

2126 454 2186 491 L3.
2201 453 2259 484 ω.

2131 1908 2164 1939 1..
2181 1919 2203 1940 1.
2226 1909 2287 1943 'riti

2134 1959 2262 1982 ¹1-c.12..
