2366 3756
108 2408 182 2444 cap.
196 2410 236 2435 16·

119 2939 187 2975 Cap
213 2945 227 2971 3

125 2957 254 3012 A.1o5{·

961 100 966 105 -
1109 85 1141 120 6

276 71 2104 271 ἒωῶξὲῧῶὲδῶΰῶἒὲἑὲὲἓέῡέῇᾚῶῧῶΰῶὣΰῢῶωΰῶἒ

282 353 1115 496 CONC

2069 268 2102 292 &a

1208 357 2103 501 ILIUM

580 564 1794 655 TURONENSE.

280 734 719 817 celebratum
747 757 871 841 per
909 733 1448 816 Hildebrandum
1479 732 1740 840 sanHae’
1764 688 2101 822 Romana

393 851 462 933 E
463 848 591 928 cele
581 844 709 952 stae
730 850 787 929 S
788 848 1226 930 ubdiaconum
1246 914 1263 942 ‚
1302 878 1382 929 ac
1402 847 1983 959 Welorisficundi

813 963 880 1043 in
913 964 1154 1045 Gallia
1191 965 1565 1076 Legatum.

354 1153 362 1167 ἢ
409 1142 423 1152 ς
446 1138 569 1177 mem-v?
606 1120 725 1153 Sancto
773 1119 984 1156 Guitmondo
1025 1120 1151 1156 Aversae

449 1163 571 1219 ’,βξ
613 1170 778 1213 Episcopo
802 1169 943 1213 superius
968 1170 1149 1207 addustain

613 1219 800 1254 defunctum
834 1221 987 1258 Sansturn
1013 1222 1152 1257 Pontifi-

557 1295 561 1299 Α
614 1281 685 1303 cem
708 1271 856 1305 Leonem
878 1294 889 1310 ‚
922 1283 960 1305 ac
980 1271 1048 1315 ejus
1075 1272 1153 1306 Ver-

613 1417 858 1451 Sacramentum
870 1417 1053 1462 Berengarii
1077 1418 1154 1452 blas-

616 1464 733 1507 pherna
745 1466 922 1497 scommata
937 1488 947 1504 ,
964 1477 1001 1498 ac
1011 1466 1154 1507 ejusdem

259 1517 343 1562 *post
358 1512 567 1549 parisiensem
579 1513 752 1558 Synodum
765 1514 916 1557 relapsus,
927 1515 960 1548 &
976 1515 1007 1548 in
1022 1515 1156 1549 Floren-

274 1569 380 1602 tinam
407 1564 569 1605 resumpta
592 1564 798 1597 contumacia
819 1589 830 1605 ,
857 1563 933 1598 huic
953 1575 1042 1599 anno
1064 1565 1155 1599 istius

275 1617 380 1653 saeculi
404 1613 671 1659 quinquagesimo
697 1614 814 1657 quinto
834 1613 1000 1648 celebratae
1018 1615 1154 1658 synodo

281 1668 442 1704 dederunt
481 1662 591 1698 ansam
614 1689 624 1704 ,
653 1665 821 1708 pergitque
846 1664 887 1697 de
914 1665 978 1707 ipsa
1006 1665 1155 1699 laudatus

277 1713 524 1753 Guitmondus:
552 1718 677 1748 Turonis
687 1719 759 1748 item
769 1715 902 1758 general!
912 1724 1068 1758 aggregato
1080 1719 1155 1749 Con-

277 1771 343 1804 cilio
356 1794 366 1809 ,
390 1762 536 1808 praesente
549 1775 618 1799 tunc
629 1765 794 1799 Venerabili
810 1768 895 1807 Papa
908 1769 1046 1809 Gregorio
1055 1791 1065 1807 ,
1099 1770 1154 1798 Ro-

279 1830 366 1853 mano
386 1826 455 1849 tunc
478 1814 681 1849 Archidiacono
704 1839 715 1855 ,
737 1823 846 1856 panem
869 1816 903 1849 6·
926 1821 1031 1849 vinum
1059 1822 1091 1848 in
1106 1815 1154 1858 sa-

278 1869 385 1912 crificio
397 1869 518 1899 Domtm·
542 1877 598 1898 non
610 1863 773 1899 umbratice
783 1889 793 1905 ‚
816 1864 871 1908 fied
881 1867 948 1899 ‘vere
961 1865 1070 1906 Christi
1081 1870 1159 1899 Car-⁴

280 1931 347 1955 nem
367 1917 400 1951 (5
421 1917 599 1958 Sanguinem
623 1914 710 1957 fieri,
736 1916 806 1948 dato
823 1920 956 1957 propriae
980 1927 1083 1949 manus
1106 1918 1155 1949 Sa·

281 1975 429 2005 eramento
441 1968 645 2011 Berengarius
659 1965 853 2008 confirmavit.
884 1965 925 1997 Et
938 1965 1071 1999 iterum:
1099 1969 1155 1998 Ro·

282 2032 375 2055 mana
396 2014 520 2057 Ecclesia
543 2025 597 2058 per
606 2015 723 2048 beatum
739 2019 864 2049 Leonem
883 2018 998 2057 Papam
1009 2019 1154 2059 Berengae

281 2077 370 2104 riana
400 2074 526 2111 gmenta
548 2078 614 2099 mox
625 2070 657 2099 t'n
663 2063 716 2108 suo
739 2074 842 2098 exortu
856 2067 1034 2099 damnavit,
1063 2069 1153 2098 Dein-

282 2123 321 2155 de
341 2129 397 2163 per
417 2117 492 2150 hunc
515 2114 609 2160 ipsum
631 2139 641 2155 ,
665 2120 716 2157 qui
741 2126 817 2148 nunc
833 2114 941 2157 praeest
961 2138 971 2154 ,
998 2119 1156 2154 Dominam

284 2174 457 2214 Gregorium
487 2170 605 2208 Papam
628 2187 639 2202 ,
666 2174 735 2196 tunc
757 2163 996 2196 Arcbtdtaconum
1013 2164 1157 2197 Romana·

282 2222 368 2254 Sedrs
389 2244 399 2260 ‚
426 2222 457 2250 in
484 2215 610 2249 Concilio
636 2211 797 2251 Turonenfi
816 2217 943 2243 convicit
964 2234 974 2249 ‚
1003 2210 1156 2252 ipsumque

283 2271 498 2311 Berengarium
521 2288 531 2302 ‚
557 2271 590 2297 ut
612 2260 770 2297 videbatur
791 2281 801 2297 ,
826 2258 982 2293 corret‘i'um
1001 2282 1012 2299 ,
1037 2270 1071 2291 ac
1091 2267 1156 2301 pro-

280 2326 359 2362 priae
380 2325 484 2350 manus
505 2315 688 2346 sacramento
712 2305 950 2352 satisfacientem
966 2333 977 2349 ‚
1003 2309 1158 2342 clementer

281 2367 408 2414 suscepit
432 2390 439 2397 .
478 2364 521 2398 Et
543 2361 672 2396 Sanctus
701 2359 902 2402 Lanfrancus
924 2370 931 2391 ε
959 2359 1038 2401 ,Quae
1059 2355 1157 2400 sanffl

288 2423 399 2453 Leonis
416 2413 562 2459 sententia
586 2422 641 2443 non
662 2407 948 2453 'effugitsucceffirrem
959 2406 1157 2451 quoquesuum

279 2469 380 2512 felicis
403 2470 546 2499 memoriae
570 2460 687 2503 Papan-
699 2459 863 2498 ViHorem,
884 2457 940 2502 sed
965 2459 1158 2500 quldquidde

286 2518 342 2552 hac
362 2528 393 2550 re
402 2514 453 2559 seu
476 2517 590 2547 caeteris
614 2509 690 2553 ipfis-
699 2509 826 2551 statuit,
844 2507 974 2548 statuive
990 2514 1134 2550 precepit
1146 2533 1157 2549 ‚

288 2568 337 2602 hoc
361 2572 449 2600 etiam
472 2562 581 2606 istesua
602 2570 690 2604 atque
700 2567 828 2593 omnium
840 2560 1032 2591 conciliorum
1040 2557 1158 2600 suornm

288 2619 463 2652 aueloritate
478 2614 633 2656 firmavit.
665 2614 799 2652 Denique
822 2614 856 2641 in
876 2609 1006 2640 Concilio
1015 2611 1157 2642 Turonen-

282 2667 330 2710 fi,
355 2673 398 2700 cui
411 2664 494 2708 ipfius
520 2661 675 2703 interfuere
694 2671 732 2694 ac
747 2658 897 2701 praefuere
922 2661 1028 2701 Legati
1047 2682 1057 2697 ,
1083 2659 1159 2691 data

290 2718 412 2758 esttibi,
440 2717 622 2756 Berengarr,
647 2708 912 2752 optiodefendendl
929 2716 1047 2750 partem
1059 2717 1159 2741 mam.

294 2770 399 2810 ,Quam
409 2766 471 2798 ciam
484 2762 699 2804 defendendam
707 2758 851 2802 suftipere
861 2769 918 2791 non
928 2759 1053 2791 auderes
1063 2782 1074 2798 ,
1099 2769 1163 2790 con·

288 2818 380 2861 fessus
393 2826 489 2848 coram
505 2811 637 2845 omnibus
650 2819 827 2842 communem
840 2807 972 2848 Ecclefiae
979 2807 1070 2849 fidon
1080 2831 1090 2846 ‚
1110 2810 1161 2848 ju-

293 2867 364 2908 rasti
388 2875 416 2899 te
437 2864 474 2897 ab
495 2864 546 2895 illa
557 2861 628 2892 hora
651 2866 695 2891 ita
705 2860 902 2897 crediturum,
923 2857 996 2898 siem
1015 2863 1048 2889 in
1060 2861 1161 2890 Roma-

296 2930 331 2951 no
354 2911 559 2959 postmodum
582 2909 715 2942 Nicolai
739 2907 870 2941 secundi
892 2907 1065 2941 Pontificis
1088 2911 1160 2939 Con-

295 2970 360 3002 cilio
382 2974 411 2998 te
427 2963 558 3006 juraffe,
582 2959 618 3000 est
636 2957 770 3000 superius
794 2955 1028 2999 comprehenficm
1049 2982 1055 2989 .
1084 2958 1164 3004 Qae

296 3016 410 3052 omnia
433 3012 550 3047 eisdem
574 3008 677 3042 verbis
694 3006 899 3041 scribitMilo
913 3006 1082 3048 Crispinus
1095 3031 1105 3046 ‚
1132 3007 1162 3039 &

298 3071 332 3104 in
361 3063 530 3099 Chronico
552 3061 609 3092 suo
630 3057 802 3091 confirmat
826 3055 1020 3089 Bertholdus
1032 3055 1164 3099 Presby-

298 3130 345 3153 ter
369 3109 621 3149 Constantiensis
642 3132 648 3138 .
675 3106 832 3140 Notanda
855 3107 926 3139 sunt
947 3106 1054 3139 Sansti
1082 3107 1165 3140 Lan-

299 3165 399 3202 franci
436 3162 476 3196 de
513 3159 647 3193 Vistore
671 3156 833 3189 Pontifice
859 3155 954 3189 verba
982 3168 992 3188 :
1028 3160 1165 3188 Omnium

302 3216 491 3250 anciliorum
521 3208 637 3252 suorum
667 3206 838 3238 auHoritate
871 3205 1011 3246 firmavit
1039 3231 1044 3236 .
1075 3205 1163 3239 Allu-

301 3269 383 3301 dunt
405 3262 444 3296 ad
473 3258 692 3294 Florentinam
719 3255 826 3297 elapso
863 3266 951 3287 anno
976 3255 1164 3289 celebratam

302 3313 470 3359 Synodum
486 3334 495 3348 ‚
521 3308 538 3341 ὲ
566 3318 628 3349 qua
654 3305 755 3338 rursus
780 3315 948 3337 evocatum
973 3315 1009 3337 ac
1036 3304 1163 3338 damna·

301 3377 370 3401 tum
382 3362 471 3396 fuiffe
486 3356 714 3401 Berengarium
730 3378 740 3396 ,
751 3354 794 3389 est
809 3353 950 3398 pluribus
963 3354 1051 3398 supra
1063 3355 1165 3390 ossen-

614 1320 786 1354 cellensem
809 1320 980 1363 Synodum
996 1344 1011 1362 .‚
1038 1323 1154 1366 ipsum·

614 1380 677 1409 que
693 1370 934 1402 sacrosanctum
945 1370 1155 1402 Eucharistiae

1194 1119 1205 1594 l

1217 1119 1303 1153 sum.
1337 1119 1390 1154 De
1413 1119 1613 1155 sanstiffimis
1636 1120 1760 1158 Leonis
1780 1122 1883 1163 noni,
1909 1121 2096 1157 vercellen-

1217 1169 1254 1203 fis
1277 1194 1288 1211 ‚
1313 1181 1351 1203 ac
1375 1171 1436 1203 suae
1458 1171 1557 1204 etiam
1582 1171 1778 1206 Florentinae
1798 1172 1924 1216 Synodi
1946 1173 2096 1207 Decretis

1217 1218 1309 1253 illum
1334 1219 1489 1254 blaterare
1510 1219 1637 1264 peffima
1651 1245 1663 1262 ,
1687 1223 1721 1256 ὅ(
1734 1222 1884 1266 pejorain
1905 1222 1975 1256 dies
1989 1222 2096 1265 praedi-

1215 1280 1308 1310 care,
1336 1269 1482 1304 Romam
1503 1271 1594 1305 nolle
1613 1272 1764 1307 accedere
1777 1296 1789 1313 ,
1814 1273 1883 1307 imo
1894 1283 1953 1305 nec
1965 1271 2095 1306 Italiam

1217 1319 1354 1360 intrare,
1383 1319 1497 1353 videns
1507 1320 1655 1355 laudatus
1669 1321 1804 1362 Vistor,
1830 1334 1871 1356 ex
1883 1322 2011 1356 laudata
2021 1320 2097 1356 Flo-

1215 1369 1343 1401 rentina
1364 1367 1504 1408 Synodo
1528 1369 1796 1404 Hildebrandum
1816 1372 1975 1405 Romana,
1985 1371 2096 1405 Eccle-

1215 1414 1264 1449 fiae
1291 1414 1559 1456 Subdiaconum,
1587 1415 1691 1450 virum
1718 1417 1886 1452 sanctitate
1906 1419 2095 1458 &doctrina

1215 1465 1427 1505 conspicuum
1439 1485 1450 1502 ,
1477 1465 1597 1507 legavit
1606 1463 1641 1496 in
1654 1464 1799 1498 Galliam
1811 1490 1823 1506 ,
1848 1468 1904 1506 qui
1915 1467 1981 1501 huc
1993 1469 2095 1510 usque

1216 1522 1447 1545 contumacem
1468 1511 1702 1557 Berengarium
1725 1515 1788 1548 suae
1810 1514 1879 1548 illic
1890 1515 2029 1557 synodo
2041 1528 2094 1551 co·

1218 1569 1308 1605 geret
1318 1561 1438 1595 adeffe.
1468 1562 1601 1596 Sanctus
1611 1562 1836 1598 Guitmondus
1851 1588 1861 1605 ,
1873 1565 2008 1599 afferens
2018 1566 2094 1600 Hil-

1220 1609 1418 1646 debrandum
1437 1612 1531 1646 fuisse
1552 1621 1631 1646 tunc
1642 1613 1804 1648 Romanae
1816 1614 1965 1649 Ecclefiae
1976 1615 2095 1651 Archi·

1219 1662 1395 1699 ⁴diaconum
1408 1687 1419 1702 ,
1446 1660 1490 1695 est
1502 1663 1658 1697 memoria
1669 1662 1791 1707 lapsus.
1822 1664 1929 1700 Fuisse
1950 1674 2094 1701 tantum-

1220 1710 1320 1746 modo
1341 1710 1583 1746 Subdiaconum
1606 1737 1617 1752 ‚
1642 1713 1755 1748 diserte
1780 1714 1814 1748 in
1838 1714 1953 1749 litteris
1969 1716 2010 1750 ad
2032 1716 2094 1750 Ni·
2153 1745 2156 1750 .

1219 1762 1351 1796 colaum
1388 1762 1565 1797 secundum
1592 1762 1790 1798 Pontificem
1827 1765 1960 1802 testatur
1978 1765 2094 1800 Petrus

1222 1812 1375 1846 Damiani
1403 1825 1413 1846 ,-
1454 1813 1677 1847 Hildebrandus
1700 1838 1710 1854 ‚
1736 1814 1800 1847 ciem
1825 1815 1919 1847 adbuc
1940 1816 2094 1850 Subdraco-
2110 1821 2263 1862 1..1.Epist.

1220 1871 1308 1895 natus
1330 1863 1482 1896 duntaxat
1493 1862 1674 1907 fungeretur
1694 1865 1780 1906 officio
1794 1888 1804 1904 ‚
1831 1866 1851 1897 ἃ
1864 1865 1979 1899 Vic‘lore
2002 1869 2094 1907 Papa
2110 1871 2137 1897 9-

1221 1910 1416 1955 Apocrlsarius
1442 1918 1475 1946 in
1501 1913 1619 1947 Gallias
1645 1913 1806 1954 destinatus
1827 1939 1839 1955 ‚
1864 1916 2005 1954 synodum
2027 1926 2094 1949 con-

1213 1968 1357 2006 gregavit
1377 1988 1384 1995 .
1413 1963 1515 2010 Qod
1547 1963 1651 2006 ipsum
1689 1963 1730 1997 de
1756 1964 1926 2007 semetipso
1953 1965 2093 2001 affirmat

1222 2013 1284 2055 ipse
1307 2036 1317 2051 ‚
1344 2011 1409 2053 jam
1430 2014 1607 2056 Gregorius
1633 2014 1786 2057 septimus
1808 2039 1818 2054 ,
1845 2014 2091 2049 Hildebrandus

1218 2061 1251 2095 in
1266 2062 1419 2108 Dialogis
1442 2061 1560 2096 habitis
1579 2074 1653 2097 cum
1676 2063 1844 2098 Defiderio
1868 2064 2001 2099 Abbate
2014 2066 2092 2099 Cas-

1219 2111 1329 2146 finenfi
1351 2137 1358 2145 .
1387 2112 1418 2146 A
1443 2113 1588 2147 Nicoiao
1610 2113 1752 2148 secundo
1774 2113 1915 2158 primum
1936 2114 1997 2150 fuit
2017 2126 2089 2159 pro·

1219 2160 1374 2193 motusin
1385 2161 1595 2197 cardinalem
1606 2188 1613 2195 .

1268 2207 1417 2242 Primum
1438 2206 1480 2243 de
1498 2220 1622 2244 novato
1641 2211 1796 2255 dogmate
1817 2237 1828 2253 ‚
1854 2224 1891 2247 ac
1913 2214 2093 2257 qualicum-

1218 2265 1280 2298 que
1301 2265 1444 2289 novante
1465 2259 1600 2298 persona
1618 2259 1775 2300 judicium
1800 2264 1923 2304 semper
1945 2262 2093 2304 spectasse

1220 2303 1258 2337 ad
1285 2303 1403 2338 Sedem
1427 2303 1675 2348 Apostolicam,
1701 2307 1842 2352 ideoque
1867 2322 1926 2343 nec
1951 2312 1991 2345 de
2014 2312 2092 2354 ejus-

1221 2353 1311 2388 modi
1335 2353 1482 2388 inferiori
1501 2355 1632 2390 Clerico
1648 2380 1659 2397 ,
1685 2367 1741 2392 aut
1761 2360 1859 2393 etiam
1873 2359 1974 2394 Laico
1987 2362 2091 2396 ullum

1222 2401 1447 2438 Patriarcham
1471 2415 1526 2439 aut
1536 2405 1783 2448 Metropolitam
1803 2409 1870 2442 fine
1881 2410 1962 2444 faRa
1975 2411 2014 2444 ad
2028 2412 2093 2445 lau·

1219 2454 1328 2488 datam
1348 2454 1463 2498 Sedem
1487 2456 1643 2490 relatione
1662 2458 1797 2499 potuiffe
1817 2458 1953 2494 definire
1978 2485 1988 2500 ‚
2013 2473 2093 2495 cun-

1218 2505 1278 2538 stis
1306 2503 1534 2538 Ecclesiasticus
1555 2505 1751 2542 Hierarchiae
1776 2509 1886 2550 peritis
1907 2511 1951 2544 est
1978 2511 2091 2553 explo-

1223 2563 1327 2587 ratum
1347 2578 1354 2586 .
1381 2553 1516 2588 Etenim
1529 2557 1648 2598 primos
1660 2558 1816 2601 Origenis
1837 2559 1972 2594 minoris
1982 2560 2090 2595 adhuc

1222 2603 1341 2638 Clerici
1360 2604 1466 2647 lapsus
1486 2628 1498 2644 ‚
1524 2617 1591 2639 non
1613 2607 1673 2640 soli
1699 2607 1932 2642 Alexandrino
1954 2611 2089 2644 Patriar-

1220 2653 1287 2688 chae
1299 2678 1310 2694 ‚
1335 2653 1388 2688 sed
1399 2654 1498 2689 etiam
1511 2654 1656 2690 Fabiano
1667 2656 1821 2692 Pontifici
1844 2658 1934 2693 fuisse
1944 2659 2087 2702 delatos,

1221 2705 1354 2738 testatur
1374 2704 1406 2737 in
1421 2704 1540 2738 litteris·
1554 2705 1596 2739 ad
1607 2705 1851 2741 pammachium
1872 2710 1904 2743 &
1917 2711 2088 2744 Oceanum

1223 2754 1355 2787 Sanetus
1375 2754 1619 2798 Hieronymus.
1648 2757 1757 2790 Etiam
1779 2757 1958 2800 Montani,
1985 2759 2091 2794 sabel·
2108 2765 2192 2804 Epist,
2215 2772 2259 2803 65.

1224 2803 1260 2838 lii
1279 2816 1316 2838 ac
1328 2802 1566 2848 Praxeaelapsus
1588 2805 1627 2839 ad
1641 2806 1827 2841 Romanam
1848 2807 1957 2843 statim
1980 2810 2091 2844 Eccle·
2107 2815 2136 2836 C·
2158 2815 2185 2840 4·

1219 2854 1299 2890 fiam
1311 2853 1425 2888 Patres
1437 2854 1572 2889 istorum
1583 2864 1766 2899 temporum
1777 2858 1954 2893 retulerunt
1968 2885 1973 2891 .
1986 2859 2089 2906 Qod

1202 2913 1204 2916 ·
1224 2903 1328 2948 ipsum
1352 2903 1387 2936 in
1397 2903 1525 2949 Pelagii
1546 2906 1578 2938 ὃς
1603 2906 1741 2940 Caelestii
1764 2909 1857 2941 causa
1878 2910 2089 2952 feceruntSy-

1229 2953 1307 2987 nodi
1330 2952 1493 2988 Africanae
1515 2980 1521 2987 .
1548 2955 1591 2988 Et
1611 2956 1873 2998 Diospolitanam
1901 2959 2066 3001 synodum
2080 2982 2090 2998 ‚

1227 3003 1313 3048 quod
1336 3003 1375 3036 ad
1408 3005 1439 3037 se
1460 3004 1500 3037 de
1521 3006 1634 3039 eodem
1657 3005 1828 3040 Monacho
1860 3008 1994 3053 Pelagio
2018 3021 2090 3042 non

1229 3053 1380 3088 retulisset
1408 3078 1418 3092 ‚
1444 3053 1578 3096 probare
1601 3066 1779 3098 numquam
1806 3057 1910 3090 voluit
1931 3058 2090 3092 Innocen-

1228 3104 1290 3137 tius
1317 3104 1436 3145 primus
1463 3128 1469 3135 .
1504 3103 1613 3137 Etiam
1641 3105 1791 3139 Sanctum
1818 3107 2006 3141 Flavianum
2033 3108 2091 3141 Pa-

1228 3149 1397 3186 triarcham
1430 3153 1833 3196 Constantinopolitanum
1863 3182 1873 3197 ,
1909 3155 1997 3199 quod
2036 3159 2091 3192 sua

1229 3202 1373 3237 adversus
1399 3200 1587 3245 Eutychetis
1609 3203 1786 3246 Presbyteri
1812 3217 1950 3239 errorem
1971 3205 2003 3239 δε
2027 3219 2092 3248 per-

1230 3254 1339 3286 sonam
1366 3254 1502 3286 Decreta
1543 3252 1648 3285 statim
1686 3265 1752 3287 non
1792 3255 1944 3288 retulisset
1972 3279 1982 3294 ‚
2012 3256 2091 3290 dure

1229 3302 1332 3345 arguit
1359 3302 1488 3335 Santstus
1501 3303 1570 3336 Leo
1582 3302 1740 3347 Magnus.
1769 3304 1812 3337 Et
1833 3304 1963 3347 quidem
1976 3307 2091 3340 ursola

1229 3352 1383 3387 relatione
1411 3361 1585 3387 contentus
1613 3364 1678 3387 non
1706 3355 1780 3388 esset
1808 3376 1819 3394 ,
1846 3353 1896 3388 sed
1925 3353 2093 3398 Pelagium

2005 3417 2045 3440 CX
