2366 3756
375 128 435 175 14
752 114 1208 159 VICTORIS

295 215 369 238 nrm
392 201 639 238 Monachorum
662 201 920 237 confeffionibus
950 200 1013 234 effe
1038 201 1180 236 habilem

298 257 335 289 &
355 253 566 292 obstrictum,
594 252 735 296 ideoque
757 251 905 286 laudatus
926 249 1039 286 Abbas
1063 253 1185 296 suppli-

300 304 396 340 cabat
418 304 546 336 nullum
567 303 625 337 nin
639 302 871 345 Presbyterum
893 300 952 335 fibi
965 301 1119 345 deinceps
1131 303 1184 337 be·

302 354 410 389 nedici
432 353 466 387 in
489 353 707 388 successorem
724 376 731 383 .
761 351 806 384 Et
828 349 981 394 synodus
1008 352 1178 396 postulatis

302 404 444 439 omnino
462 405 597 437 annuit.
627 400 752 434 Verum
772 399 943 445 singularis
965 413 1033 436 erat
1055 402 1115 437 ista
1129 403 1184 437 lex

301 456 335 488 δε
356 455 477 498 gratia.
506 453 600 486 Hinc
621 451 754 485 interim
778 452 884 492 lucet,
913 452 1004 495 quod
1026 464 1068 486 ex
1103 462 1184 487 tunc

301 503 433 547 quidam
457 503 556 537 etiam
586 501 692 535 Gtaeci
714 501 930 545 judicaverint
967 503 1098 540 nullum
1125 505 1182 540 nisi

301 553 530 596 Presbyterum
555 552 673 586 debere
685 551 747 586 effe
759 550 922 589 Abbatem
938 577 945 585 .

352 602 503 650 Ejusdem
528 603 634 636 sensus
658 602 783 636 dudum
797 601 928 637 fuerunt
950 602 1052 647 aliqui
1076 605 1179 639 etiam

301 653 435 688 Latini.
464 653 560 687 Hinc
584 653 674 687 enim
696 653 729 688 in
743 654 795 686 sua
809 652 961 688 Romana
976 655 1112 698 Synodo
1126 656 1184 689 sta·

299 704 365 739 tuit
392 704 568 748 Eugenius
591 702 774 739 secu-ndns:
803 702 931 737 abbates
958 706 1176 739 sacerdotalem

299 753 436 787 honorem
449 753 510 796 sint
521 755 646 796 adepti,
672 761 704 786 ut
716 758 901 796 peccantium
915 752 1178 797 fibtsubjec‘lorum

292 804 428 847 fratrum
453 806 579 840 valeam
600 806 774 838 omnimodis
784 803 950 845 refraenare
972 807 1005 839 cb·
1018 815 1179 847 amputare

300 855 464 900 commiysa.
490 855 592 904 Qod
607 856 710 899 ipsum
731 855 766 887 in
781 855 833 888 sua
857 854 936 888 item
950 855 1102 890 Romana
1123 856 1181 900 Sy·
1204 859 1208 863 '

299 905 392 940 nodo
417 907 557 940 firmavit
568 906 638 942 Leo
663 915 818 948 quartus,
843 904 877 939 ὅ(
893 903 1039 939 addidit:
1066 908 1181 950 ,Quate-

299 966 358 989 nus
372 958 489 990 Domini
507 964 563 998 pro
582 955 692 990 cuneus
701 956 801 996 poffint
814 956 1012 990 elementrum
1035 968 1156 990 exorare
1169 981 1179 998 ‚

299 1015 335 1040 ut
349 1004 489 1050 scelerum
510 1007 603 1039 abluti
618 1004 768 1049 squallore
792 1029 802 1045 ,
823 1010 938 1047 piaque
958 1005 1180 1048 conversatione

299 1061 407 1089 muniti
428 1082 438 1097 ,
465 1057 637 1090 sanllorum
659 1062 825 1088 mereantur
834 1054 971 1098 confiartio
982 1054 1119 1100 sacraria
1135 1057 1179 1092 Et

299 1103 377 1139 hinc
398 1105 597 1139 Hilduinum
620 1105 817 1140 Altivillaris
839 1106 1032 1142 Monasterii
1058 1108 1180 1142 Diaco-

300 1165 379 1189 num
405 1166 443 1188 ac
480 1155 627 1191 Electum
665 1156 758 1189 fuiffe
784 1156 870 1200 prius
897 1158 1120 1192 consecratum
1144 1158 1176 1191 in

299 1204 548 1248 Presbyterum,
574 1218 613 1241 ac
637 1206 757 1240 deinde
783 1205 951 1242 Abbatiali
977 1207 1179 1241 benefflstio·

299 1265 340 1288 ne
369 1254 530 1292 donatum
552 1281 562 1297 ‚
593 1256 749 1292 testantur
784 1257 920 1290 secunda
946 1257 1178 1291 Sueffionenfis

297 1303 449 1348 Synodus
463 1331 473 1346 ‚
499 1308 533 1341 &
546 1307 578 1340 iu
593 1307 761 1343 Remensis
777 1306 928 1340 Ecclesiae
942 1307 1090 1344 Historia
1102 1308 1178 1340 Flo-

295 1353 436 1391 doardus
449 1380 458 1388 .
487 1356 621 1398 Utique
643 1357 689 1390 ob
703 1356 832 1389 laudata
846 1355 988 1397 Eugenii
999 1357 1041 1389 ἀ
1052 1357 1177 1388 Leonis

295 1406 456 1439 Decreta.
484 1406 595 1451 Qiam
620 1403 784 1445 Regulam
804 1401 897 1432 fuisse
922 1401 1030 1442 postea
1055 1400 1175 1443 lapsam

294 1456 471 1489 ostendunt
496 1453 657 1495 praesentis
679 1450 830 1484 Canonis
843 1448 960 1486 verba:
989 1448 1091 1483 Abbas
1106 1453 1174 1483 Pre-

289 1503 406 1548 sbyter:
434 1501 624 1536 ostendunt
648 1497 805 1544 quosdam
827 1498 972 1534 Abbates
994 1509 1061 1533 non
1079 1496 1176 1536 'fuisse

296 1553 508 1597 Presbytetos
528 1576 538 1592 ‚
565 1552 656 1596 quod
688 1552 793 1595 ipsum
818 1549 930 1583 multis
959 1548 1174 1584 demonstrari

321 1604 393 1639 oflit
408 1603 499 1640 istius
510 1603 613 1639 saeculi
628 1601 788 1645 exemplis
799 1627 806 1635 .
835 1600 924 1636 Nam
938 1601 970 1635 δε
985 1601 1046 1635 sese
1057 1625 1067 1641 ,
1079 1611 1173 1645 quem

297 1617 531 1690 ¹I'Qomanarum
558 1652 834 1689 constitutionum
861 1650 1173 1688 observantiffimum

295 1715 334 1740 ac
349 1704 490 1740 Urbano
502 1704 645 1738 secundo
656 1701 873 1738 charissimum
898 1700 1051 1738 novimus
1064 1726 1074 1745 ,
1101 1701 1174 1735 fuis·

296 1758 329 1792 se
339 1766 379 1790 ex
392 1755 547 1796 Diacono
569 1754 708 1790 elestum
729 1752 983 1788 &benedictum
1005 1753 1039 1786 in
1066 1751 1175 1790 Abba-

295 1816 386 1846 tem,
412 1807 447 1840 &
469 1816 537 1839 non
562 1805 618 1837 nili
642 1805 774 1847 postea,
800 1803 890 1844 quod
905 1803 1020 1836 Romae
1042 1803 1084 1837 ad
1101 1803 1175 1836 San-

297 1859 381 1891 stam
403 1855 547 1889 Priscam
574 1853 741 1898 Presbyter
762 1852 948 1888 cardinalis
971 1855 1070 1893 esset,
1098 1864 1175 1886 con-

295 1907 453 1942 secratum
464 1905 671 1939 Sacerdotem
683 1929 693 1944 ,
719 1903 850 1938 testatur
864 1904 896 1936 in
911 1903 1026 1936 litteris
1040 1901 1079 1935 ad
1095 1903 1176 1936 Gof·

297 1956 424 1992 fredum
448 1955 684 1990 Carnutensem
695 1952 905 1997 ‘Episcopum
916 1953 1093 1987 Goffredus
1108 1952 1176 1986 Ab·

298 2007 353 2042 bas
363 2006 636 2042 Vindocinenfis.
670 2004 712 2039 Et
738 2003 815 2037 hinc
829 2004 968 2048 Joannes
990 2002 1023 2035 &
1039 2003 1178 2036 Benedi-

299 2060 387 2099 ἂυς,
414 2055 579 2091 Pasclialis
604 2052 734 2089 secundi
758 2065 814 2098 per
826 2053 972 2087 Galliam
989 2051 1176 2089 Cardinales

299 2109 416 2154 Legati
431 2127 443 2149 ,-
468 2105 510 2141 ad
524 2108 645 2140 avitam
657 2105 822 2148 Regulam
834 2104 1041 2145 reparandam
1064 2103 1175 2137 statue·

297 2169 375 2194 runt
401 2159 435 2191 in
459 2156 560 2200 prima
582 2157 638 2191 sua
653 2154 845 2188 pictaviens:
857 2152 993 2194 synodo
1007 2166 1019 2185 .-
1047 2154 1176 2186 Abbates

297 2215 349 2251 qus
370 2205 536 2243 Presbyteri
558 2213 617 2235 non
636 2201 707 2244 sunt
734 2226 744 2241 ,
783 2202 948 2239 Presbyter}
981 2201 1064 2242 fiant
1089 2226 1099 2240 ,
1123 2213 1176 2235 aut

301 2258 498 2292 Praelationes
509 2259 654 2288 amntant
667 2276 674 2284 .
703 2252 746 2284 Et
757 2262 797 2283 ex
810 2250 868 2283 ista
883 2248 1014 2291 Regula
1025 2250 1178 2291 Suger‘rus

300 2308 407 2343 saneti
419 2304 572 2347 Dionysii
599 2301 698 2348 prope
711 2300 846 2333 Parisios
860 2299 1034 2333 Diaconos
1056 2309 1094 2331 ac
1108 2297 1178 2330 Ele-

301 2360 366 2391 &us
386 2356 421 2390 in
436 2353 597 2389 Ludovici
623 2350 731 2385 Grossi
755 2349 859 2393 Regis
885 2349 951 2381 vita
973 2347 1174 2386 testatursea

303 2407 438 2442 Calixto
448 2405 517 2438 secu
524 2404 590 2438 ndo
602 2401 762 2435 pontifice
774 2399 860 2444 ptius
874 2398 907 2432 in
922 2396 1151 2441 Presbyterum
1169 2421 1179 2436 ,

303 2469 342 2491 ac
366 2467 445 2490 tunc
465 2453 672 2488 benedittum
686 2452 779 2485 fuisse
809 2451 843 2484 in
856 2448 1039 2483 Abbatem.
1067 2448 1111 2481 Et
1139 2447 1180 2480 de

303 2505 520 2541 Theodorico
532 2503 638 2537 Sancti
650 2500 826 2535 Trudonis
847 2499 1003 2533 Diacono
1015 2504 1052 2532 ae
1064 2498 1178 2532 Eleae

305 2556 414 2593 scribit
436 2557 471 2590 in
492 2553 634 2598 ejusdem
645 2550 840 2587 Monasterii
865 2548 1036 2584 Chronico
1048 2547 1174 2593 Rwlot-

304 2607 388 2652 phus
402 2605 511 2640 Abbas
529 2618 539 2637 .·
567 2606 592 2636 A
608 2606 726 2636 Domino
737 2602 855 2635 olberto
875 2597 1025 2635 Leodienli
1035 2596 1175 2641 Eptftopo

305 2657 457 2695 Presbyter
479 2656 513 2690 6*
527 2653 624 2686 Abbas
649 2650 896 2695 esttonsecratus.
925 2648 1075 2683 Additin
1088 2657 1176 2692 quat*⁴

304 2719 341 2742 to
364 2709 457 2750 supet
467 2704 575 2739 Sancti
594 2703 762 2737 Benedicti
775 2701 939 2745 Regulam
951 2699 1036 2734 libro
1056 2699 1177 2742 Ruper-

306 2767 358 2791 tus
378 2754 601 2789 Tuitiensium
622 2751 754 2785 Abbas:
784 2752 877 2784 Hodie
898 2751 992 2784 nullus
998 2748 1066 2791 fin-e³
1079 2749 1178 2781 abbas

308 2807 467 2839 ordinatur
490 2826 500 2842 ,
526 2800 583 2842 nifi
599 2801 731 2841 primum
759 2801 910 2838 Presbyter
939 2799 1038 2842 fueris
1062 2800 1180 2831 ordena-

308 2865 377 2888 tus:
404 2853 483 2886 Olim
497 2861 552 2884 non
574 2856 617 2884 ita
638 2857 721 2883 erat.
750 2848 902 2883 Ostendit
917 2849 1053 2892 Ioannis
1075 2849 1108 2882 &
1124 2849 1180 2882 sse·

309 2904 431 2939 nedisti
454 2902 628 2937 canonem
651 2911 717 2932 non
743 2898 864 2943 ubique
887 2899 978 2933 fuisse
989 2897 1178 2934 admissum.

309 2957 418 3003 Qare
439 2952 543 2997 ipsum
567 2950 737 2983 innovavit
766 2948 934 2992 Eugenius
953 2949 1086 2988 tertius,
1113 2949 1181 2982 san-

310 3007 401 3038 ciens
425 3002 553 3036 nullum
575 3000 610 3033 in
634 2999 796 3033 Abbatem
819 2998 920 3042 eligi,
947 2999 1002 3031 nili
1015 2996 1180 3041 Presbyte-

312 3065 384 3088 rum
396 3062 451 3086 aut
462 3052 670 3085 Diaconum.
698 3048 888 3092 Majoresin
903 3047 1056 3089 Abbate,
1083 3060 1180 3092 quam

315 3106 349 3138 in
370 3102 524 3147 eligendo
537 3100 698 3143 Episcopo
718 3098 824 3132 sanxit
848 3099 1032 3132 necessarias
1046 3099 1181 3141 qualita-

313 3165 380 3188 tes:
410 3152 607 3197 Episcopum
619 3147 961 3184 enimeSubdiaconis
983 3148 1060 3193 eligi
1074 3148 1180 3191 permi-

316 3203 526 3238 fitUrbanus
548 3199 722 3234 secundus.
751 3198 886 3233 Exstant
897 3198 1042 3243 Eugenii
1064 3199 1180 3233 Decre-

316 3265 349 3289 ta
361 3252 444 3297 apud
456 3253 603 3287 Leonem
624 3249 835 3284 Hostiensern
847 3249 1044 3294 Episcopum
1065 3249 1098 3283 in
1116 3250 1180 3292 Ap·

317 3303 453 3350 pendice
474 3302 515 3336 ad
535 3300 727 3335 Chronicon
753 3299 943 3333 Monasterii
966 3298 1177 3334 Caffinenfis.

151 3358 224 3391 Cap.
240 3365 300 3392 1121-
318 3356 362 3387 Et
382 3353 447 3396 ipsa
460 3353 494 3385 in
516 3351 629 3385 litteris
640 3348 678 3384 ad
701 3349 812 3383 sansta:
825 3347 939 3383 Crucis
957 3348 1182 3393 Presbyterum

151 3396 185 3426 ὅ(
199 3407 264 3426 ¹²0·
317 3403 549 3444 cardinalem,
576 3399 633 3446 qui
652 3398 671 3435 ὲ
691 3398 897 3436 reformando
918 3400 1025 3436 Sancti
1053 3397 1183 3449 Qfirici

128 709 195 744 Cap
219 716 263 742 27·

130 912 204 950 Cap.
218 921 263 946 27.

125 1328 192 1359 Ast.
204 1331 231 1356 6.

127 1370 188 1398 Lib.
205 1379 231 1405 3.

128 1418 192 1448 cap.
211 1420 254 1440 11.

125 1869 178 1903 Lib
197 1883 223 1901 2.

123 1914 173 1950 Ep.
192 1921 234 1948 30.

128 2179 199 2216 Cap.
216 2181 242 2207 6.

136 2629 196 2662 Lib·
213 2634 239 2661 6.

1219 2781 1223 2798 l

1204 1000 1206 1003 ⁸
1225 1008 1333 1054 ,sacros
1359 1010 1505 1051 nonpoffir
1529 1012 1659 1043 Ordines
1677 1014 1865 1051 promoveri,
1894 1010 1929 1043 (ν
1949 1015 1983 1042 in
2004 1017 2157 1051 promove⁴

1232 2447 1377 2490 sbyteris,
1401 2445 1568 2490 caeterisque
1591 2447 1733 2487 ministris
1747 2472 1754 2480 .
1782 2447 1935 2481 Eundem
1960 2448 2113 2484 ordinem

1219 2485 1341 2542 lfigunt
1371 2496 1610 2533 Aurelianensis
1636 2508 1748 2541 quarta
1775 2521 1786 2537 ,
1814 2497 2112 2540 Antifiodotenfis,

1287 129 1680 160 SECUNDI

1243 203 1449 238 Monasterio
1473 202 1682 248 irregularem
1703 213 1744 236 ex
1757 204 1881 241 idoneae
1905 208 2044 251 personae
2056 207 2125 243 ino-

1244 254 1297 297 pia
1320 252 1551 297 postulandum
1573 263 1698 287 curarat
1721 276 1732 293 ‚
1758 256 1884 298 respicit
1906 258 2123 293 Innocentius

1244 304 1381 349 tertiu53
1407 303 1583 337 Monachum
1608 305 1692 337 illum
1715 327 1726 343 ‚
1753 315 1841 346 quem
1863 307 1900 340 de
1923 307 2070 347 honestate
2088 311 2124 343 Θ

1240 353 1385 395 industria
1405 352 1609 395 commendasti
1633 377 1644 394 ,
1669 353 1805 394 instituas
1830 361 1863 387 in
1876 351 2050 400 'Abbatenn
2076 364 2124 394 ιιι
2144 360 2175 389 L.
2190 359 2265 389 r.tir.

1242 405 1382 439 videlicet
1403 427 1414 444 ,
1440 406 1524 447 quod
1542 406 1587 437 ad
1600 402 1703 448 sacros
1724 406 1852 439 ordines
1878 416 1937 440 non
1955 407 2121 453 ascendas,
2146 410 2189 436 ¹4·
2215 409 2242 432 c·
2254 411 2297 435 ¹0·

1243 467 1308 488 cum
1328 454 1455 495 instante
1477 456 1646 496 neceffitans
1669 457 1790 489 articulo
1820 457 1903 498 poffit
1926 462 1959 490 in
1980 457 2122 492 abbatem

1243 505 1342 550 affumr'
1364 511 1457 539 etlam
1479 510 1511 539 in
1547 505 1709 541 minoribus
1735 507 1904 540 ordinibus
1936 507 2121 552 constitutus.

1245 554 1402 590 Notanda
1420 557 1502 590 sunt
1513 555 1607 590 verba
1621 581 1632 599 ,
1657 561 1694 590 In
1704 556 1864 590 minoribus
1876 558 2040 591 Ordinibus
2050 563 2124 592 *eon-

1237 605 1358 646 stitutus
1376 617 1384 638 ε
1413 605 1582 641 Videntur
1601 607 1733 641 asserere
1754 606 2001 642 Subdiaconutn
2019 609 2122 643 etiam

1243 657 1323 692 citra
1334 655 1551 703 necestitatem
1571 667 1609 691 ac
1620 657 1892 700 dispensationem
1914 658 2054 702 potuine
2065 659 2122 693 eli-

1241 707 1277 751 gi
1299 731 1309 747 ,
1335 717 1432 750 atque
1453 706 1499 741 ita
1535 707 1680 752 Eugenii
1705 708 1904 742 sanctionem
1931 718 2000 742 non
2027 708 2123 752 plene

1242 756 1337 791 fuisse
1357 767 1518 801 receptam
1541 782 1548 790 .
1577 759 1670 792 Hine
1689 757 1781 792 enim
1808 758 1849 792 ad
1872 757 2122 793 Melitiuensem

1243 807 1441 851 Episcopum
1462 833 1473 850 ,
1501 808 1557 849 qui
1580 808 1681 844 altera
1703 818 1805 843 manu
1838 808 2027 843 mutilatum
2049 831 2061 848 ,
2085 807 2126 842 &⁴

1242 857 1334 893 nullo
1347 859 1436 892 sacro
1456 859 1589 893 Ordine
1614 859 1808 902 insignitum
1818 857 2028 893 Monachum
2041 868 2121 892 con—

1242 909 1381 943 firmarat
1396 909 1430 942 in
1448 907 1639 949 Abbatem,
1662 909 1781 953 scripfit
1793 908 1879 943 idem
1891 907 2127 943 Innocentius:

1240 957 1457 1002 Respondemus
1481 960 1563 1001 quod
1583 971 1647 993 cum
1661 967 1719 1002 pro
1741 968 1806 993 tam
1827 965 1936 993 enormi
1950 958 2064 1000 defedu
2075 959 2193 1010 “d'Tt
2205 989 2251 1010 ιο.

1239 1061 1316 1093 tione
1323 1058 1382 1102 sua
1407 1061 1442 1092 id
1461 1066 1588 1092 tacuerit
1602 1059 1813 1101 fraudulenter
1828 1083 1839 1099 ,
1865 1059 1903 1091 ab
1915 1059 2119 1100 Abbatiaeoffi
2168 1023 2233 1059 Ρύ.

1237 1118 1282 1143 cto
1289 1109 1327 1149 est
1339 1121 1396 1142 mm
1421 1112 1567 1146 immerito
1578 1111 1769 1144 amovendus·
1778 1132 1786 1142 .
1815 1109 1897 1143 Non
1911 1109 1955 1143 ob
1968 1110 2118 1144 sacrior·

1238 1159 1325 1192 dinis
1347 1161 1523 1195 carentiam
1537 1184 1547 1199 ‚
1575 1159 1627 1194 sed
1653 1160 1698 1196 ob
1721 1160 1822 1196 solam
1846 1159 2116 1206 irregularitatem

1238 1210 1582 1245 affirmatelestionem
1606 1211 1939 1245 &confirmationem
1963 1210 2056 1245 fuisse
2072 1210 2118 1243 -ir-

1238 1260 1331 1293 ritam
1357 1260 1527 1294 &nullam
1542 1285 1549 1294 .
1581 1261 1622 1295 Et
1643 1261 1751 1297 forsan
1775 1259 1830 1296 hic
1844 1260 2029 1294 Monachus
2049 1268 2118 1293 erat

1237 1308 1343 1344 adhuc
1363 1311 1450 1347 mere.
1471 1310 1614 1352 Laicus,
1641 1313 1740 1355 ‚atque
1768 1311 1812 1344 ita
1830 1311 1932 1345 etiam
1945 1310 2018 1344 talis
2030 1309 2118 1344 vide-

1237 1368 1289 1390 tur
1303 1369 1382 1391 tunc
1394 1359 1542 1400 legitime
1553 1360 1737 1401 potuisse-in
1754 1360 1922 1396 Abbatem
1935 1360 2039 1404 eligi,
2057 1368 2115 1392 aut

1238 1405 1323 1436 certe
1350 1402 1503 1446 postulari
1527 1405 1613 1446 apud
1634 1405 1857 1446 Episcopum,
1884 1410 1917 1439 δε
1938 1419 1993 1448 per
2015 1410 2120 1449 ipsum

1237 1452 1467 1494 dispensatorie
1481 1452 1675 1488 confirmari.
1694 1451 1867 1499 Qidquid
1882 1455 1929 1496 fit,
1941 1454 2123 1490 Clementis

1236 1501 1343 1545 quinti
1365 1500 1554 1537 Viennense
1577 1501 1685 1544 postea
1699 1501 1895 1535 Concilium
1919 1502 2031 1537 statuit
2051 1515 2123 1539 out·

1236 1563 1292 1587 nes
1310 1549 1500 1586 Monachos
1514 1575 1525 1592 ‚
1551 1551 1630 1586 dum
1651 1550 1784 1595 quidem
1799 1550 1923 1586 Abbati
1943 1552 2118 1596 videretur,

1237 1602 1421 1646 promoveri
1441 1602 1483 1636 ad
1508 1602 1635 1637 sacrum
1664 1601 1911 1648 presbyteratus
1933 1603 2095 1639 Ordinem
2108 1628 2121 1645 ‚

1235 1652 1269 1687 &
1284 1649 1413 1686 nullum
1441 1652 1499 1687 nifi
1511 1651 1740 1695 Presbyterum
1765 1653 1950 1696 promoveri
1974 1651 2008 1688 in
2020 1652 2120 1689 Clau-

1220 1683 1290 1737 'stri
1303 1701 1469 1738 Priorem.
1497 1700 1630 1738 Exinde
1651 1703 1761 1736 nullus
1774 1714 1843 1736 non
1859 1702 2029 1746 Presbyter
2043 1704 2114 1739 lon·

1236 1753 1276 1798 ge
1297 1752 1417 1796 potiori
1437 1752 1507 1796 jure
1528 1753 1636 1796 potuit
1661 1753 1739 1798 eligi
1762 1752 1798 1787 in
1814 1753 1997 1788 Abbatem.
2025 1753 2127 1793 Uni-4

1237 1803 1337 1840 brosae
1358 1803 1466 1840 Vallis
1496 1802 1725 1848 Congregatio
1765 1804 2116 1847 neminem‘permittit

1236 1854 1312 1898 eligi
1327 1878 1337 1894 ,
1364 1848 1423 1887 nisi
1436 1853 1493 1897 qui
1515 1852 1557 1888 ad
1571 1863 1694 1887 novem
1713 1863 1818 1887 annos
1831 1854 1928 1887 fuerit
1940 1854 2124 1889 Sacerdos:

1239 1904 1281 1938 Et
1292 1903 1369 1938 talia
1383 1903 1511 1938 Statura
1523 1905 1596 1938 sunt
1617 1901 1715 1938 hodie
1730 1903 1764 1937 in
1781 1903 1876 1938 variis
1886 1905 2115 1951 congregatio·

1239 1953 1334 1989 nibus
1345 1963 1400 1992 aut
1415 1954 1568 1991 Abbatiis
1583 1954 1673 1998 plura
1685 1979 1692 1988 .

1286 2004 1368 2040 Haec
1387 2001 1472 2037 dicta
1496 2005 1558 2038 {int
1583 2003 1628 2038 ob
1650 2003 1810 2047 praesentis
1832 2002 1982 2038 Canonis
1994 2003 2111 2039 verba:

1239 2054 1297 2089 Vel
1315 2054 1416 2087 abbas
1442 2054 1595 2093 Presbyter
1607 2080 1614 2086 .
1642 2055 1727 2101 Qae
1740 2065 1849 2089 tamen
1862 2054 2011 2088 existimo
2024 2055 2114 2090 vitia·

1238 2115 1270 2138 ta
1297 2129 1304 2136 .
1333 2103 1529 2148 Legendurn
1554 2103 1706 2139 existimo
1732 2117 1742 2148 ;
1769 2102 1931 2148 Eprftopus
1951 2101 1965 2144 ⁴,
1989 2103 2112 2145 abbas,

1237 2155 1290 2189 vel
1310 2154 1485 2193 Presbyter.
1515 2155 1650 2189 Etenim
1676 2156 1710 2191 &
1723 2154 1901 2198 praecedens
1923 2150 2115 2194 Canonsdi·

1235 2203 1316 2237 ferte
1327 2203 1448 2239 habet:
1473 2203 1672 2246 Eptfiopum,
1694 2204 1861 2243 abbatem,
1886 2204 2115 2243 Presbyterum,

1236 2254 1417 2283 Dtacanum.
1444 2253 1560 2284 Ambo
1587 2255 1767 2292 loquuntur
1787 2264 1863 2286 cum
1890 2252 1992 2294 prima
2017 2252 2118 2287 Aure-

1238 2299 1370 2333 lianensi
1388 2298 1528 2340 Synodo
1545 2310 1552 2330 ι
1583 2299 1767 2337 abbatibus,
1798 2301 2001 2339 Presbyterrs,
2026 2305 2118 2332 omni·
2130 2313 2201 2348 C·7·

1235 2359 1290 2390 que
1319 2348 1499 2380 clero-Et
1520 2359 1595 2381 cum
1608 2346 1763 2380 secunda:
1791 2347 1942 2387 abbates,
1969 2352 2117 2387 Marum-

1237 2404 1296 2438 νὴ,
1326 2397 1508 2436 Presbyteri.
1538 2394 1668 2430 Etcum
1684 2398 1799 2431 tertia:
1827 2397 1993 2431 abbatibus
2006 2422 2016 2437 ,
2040 2401 2117 2433 Ρη·
2130 2429 2166 2458 ς.
2187 2436 2230 2464 13·

1236 2547 1374 2582 secunda
1419 2546 1624 2581 Turonensis
1666 2572 1676 2588 ,
1712 2546 1884 2582 Vernenfis
1917 2570 1928 2586 ‚
1974 2549 2112 2583 Franco-

1236 2597 1420 2632 fordienfis.
1447 2597 1550 2632 Multi
1576 2596 1720 2631 Abbates
1738 2606 1831 2632 erant
1866 2607 1946 2632 tunc
1985 2597 2112 2632 dumta-

1236 2659 1293 2682 xat
1318 2648 1484 2688 Dinoni,
1511 2648 1677 2682 inferiores
1687 2647 1833 2688 Clerici,
1860 2647 2026 2683 autetiam
2039 2649 2112 2683 Lai-

1237 2699 1267 2732 ci
1280 2712 1291 2732 .·
1319 2697 1416 2732 Adeo
1425 2697 1510 2740 apud
1525 2698 1662 2733 Latinos
1681 2697 1853 2742 antiquum
1866 2698 1910 2731 est
1930 2699 2015 2741 ipsos
2026 2699 2114 2733 Pres-

1237 2749 1363 2791 byteris
1384 2749 1535 2783 anteferri
1552 2772 1559 2780 .
1590 2748 1684 2781 Hinc
1705 2747 1746 2782 de
1775 2747 1876 2790 prima
1897 2749 2005 2782 Sancti
2026 2749 2114 2784 Lan·

1235 2798 1339 2835 franci
1350 2796 1603 2832 'cantuariensis
1616 2796 1861 2841 Archiepiscopi
1886 2799 1927 2832 ad
1938 2800 2114 2834 reforman-

1213 2849 1313 2891 “dam
1327 2847 1467 2894 Anglica
1474 2860 1547 2882 nam
1561 2848 1733 2882 Ecclesiam
1748 2848 1948 2882 Londinenfi
1960 2848 2113 2890 Synodo‚

1230 2900 1270 2946 g&
1284 2910 1336 2942 per
1348 2899 1449 2942 ipsam
1474 2898 1641 2933 innovatis
1652 2897 1794 2941 antiquis
1811 2898 1956 2933 Ecclefi'ae
1966 2899 2112 2933 Decretis

1230 2948 1346 2988 scribit
1369 2948 1458 2982 Milo
1481 2948 1650 2992 Crispinus
1673 2960 1681 2980 t
1709 2949 1758 2980 Ad
1776 2950 2024 2990 comprimendam
2044 2960 2111 2991 quo·
2128 2959 2163 2988 c,
2179 2967 2226 2989 22,

1230 3000 1377 3033 *rumdam
1388 2996 1607 3041 melfi-rarorum
1619 2997 1804 3041 infhlemlam
1816 3023 1825 3038 ‚
1852 3009 1889 3032 ex
1900 3004 2042 3032 communi
2055 3002 2110 3032 De-

1232 3060 1318 3084 ‘creto
1323 3047 1471 3092 sancitum
1482 3048 1520 3090 est
1530 3075 1539 3089 ,
1567 3060 1601 3082 ne
1615 3055 1680 3090 quis
1691 3054 1730 3094 in!
1736 3048 1864 3082 Concilio
1884 3049 2019 3091 loquatur
2025 3057 2111 3090 prae-

1241 3110 1285 3134 ter
1306 3101 1451 3133 licentiam
1472 3101 1491 3131 ἃ
1518 3101 1740 3141 Metropolitano
1767 3097 1918 3143 sumptam
1941 3123 1952 3139 ‚
1977 3105 2109 3140 exceptis

1229 3147 1397 3193 *Episcopis
1420 3149 1650 3183 &abbatibun
1678 3149 1789 3183 Etiam
1811 3151 1843 3183 in
1870 3149 2011 3192 antiquis
2023 3149 2112 3182 Grae·

1241 3210 1355 3235 corum
1377 3200 1520 3242 Synodis
1541 3198 1723 3241 Presbyteri
1737 3210 1933 3244 numquam,
1967 3197 2112 3232 Abbates

1243 3251 1364 3293 semper
1373 3249 1509 3284 habuere
1521 3249 1705 3294 suffragium
1716 3275 1723 3282 .
1751 3250 1793 3283 Et
1806 3250 1824 3282 a
1836 3249 1864 3282 F
1866 3247 1986 3282 uldenfi
2001 3247 2112 3284 Abba-

1242 3311 1276 3336 te
1297 3300 1484 3344 proximum
1505 3300 1713 3343 Moguntino
1757 3295 2013 3342 Archiepiscopo
2035 3306 2113 3332 ante

1244 3361 1358 3385 omnes
1382 3349 1560 3394 Episcopos
1581 3349 1691 3383 locum
1712 3345 1802 3383 fuisse
1815 3347 1849 3380 in
1863 3347 2040 3381 Provinciae
2051 3350 2111 3390 Sy-

1247 3398 1334 3438 nodo
1345 3400 1534 3446 praetensum
1546 3424 1558 3443 ‚
1584 3400 1672 3445 supra
1683 3394 1901 3436 ostendimus.
1929 3397 2012 3434 EtS.
2026 3397 2112 3480 {Rio-

1978 3458 2024 3492 ny
2038 3459 2063 3482 u
