2366 3756
106 1936 192 1977 Epist.
218 1942 268 1975 58.

108 2623 142 2653 C.
160 2623 204 2658 154

116 3166 146 3196 Χ..
159 3174 215 3201 3-c-
227 3175 272 3193 ιι.

115 3323 151 3351 C.
163 3325 206 3350 26.
220 3329 266 3357 37.

951 174 1437 220 D1c‘TAru50

283 274 363 309 quas
381 261 512 307 plurimi
533 260 615 295 olim
636 260 827 295 censuerunt
846 257 1039 291 defunstum
1055 255 1088 288 in
1103 254 1167 288 Ca-

283 313 408 349 tholica
431 325 510 357 pace
522 312 724 355 Episcopum
745 319 814 342 non
834 307 924 350 poffe
936 305 1084 340 damnari
1097 305 1166 348 post

282 372 445 399 mortem:
474 361 578 410 Qod
590 371 695 405 neque
714 356 852 393 exordio
864 355 1063 391 accusandus
1075 379 1086 394 ‚
1112 366 1165 389 ne·

283 425 348 458 que
372 414 440 450 litis
450 412 590 447 termino
618 409 784 446 accusatus
806 407 904 451 poffit
915 406 1036 441 adesse.
1063 405 1167 439 Hisce

282 474 363 508 ergo
389 461 582 498 Canonihus
603 472 673 495 non
694 458 788 503 ligari
813 457 1007 492 Romanum
1028 455 1167 490 Pontifi-

283 525 359 549 cem
381 514 478 548 diaat
501 511 681 554 Gregorius
704 508 875 551 septimus.
906 507 1010 550 Eujus
1020 516 1164 540 mentem

283 564 422 607 exponit
442 561 526 606 apud
557 559 757 606 Gregorium
783 569 910 591 nonum
950 555 1166 591 Innocentius

284 613 401 649 tertius
420 623 429 647 z
455 616 493 646 ln
514 609 603 653 caufis
625 634 638 652 ,
663 620 730 653 quae
749 610 863 642 Summi
884 607 1037 651 Pontifieis
1053 607 1166 649 ,iudicio

289 773 420 786 .,---.

1952 174 2039 230 183

1234 256 1409 288 deciduntur
1434 280 1445 296 ,
1470 257 1506 290 Gt
1531 257 1601 290 ordo
1617 257 1702 297 juris
1726 258 1762 290 ὁ*
1786 256 1871 301 vigor
1896 261 2047 299 aequitatis
2069 256 2108 296 est

1226 303 1376 348 subtiliter
1388 304 1591 347 observandus
1604 331 1614 347 ‚
1641 307 1704 340 cum
1714 311 1746 339 in
1756 306 1895 346 similibus
1905 305 2012 345 casibus
2022 316 2107 340 caete-

1231 361 1258 388 ri
1278 364 1438 389 teneantur
1456 355 1587 395 similiter
1600 358 1742 397 judicare
1762 381 1772 396 ,
1799 355 1855 397 nisi
1868 356 1947 396 forte
1969 357 2032 390 cum
2052 357 2109 390 ali-

1232 407 1330 447 quid,
1356 402 1444 447 causa
1465 407 1636 445 necffrarts
1661 408 1846 441 &utilitatis
1869 406 2026 449 inspec‘la‚
2050 405 2110 450 dis·
2124 415 2267 448 [μὶ-[ἱερ-

1228 453 1385 498 pensativs?
1405 456 1526 487 duxerit
1542 455 1754 495 statuendum.
1783 457 1976 493 Deformata
1997 469 2034 492 ac
2045 467 2108 491 tur·
2124 465 2264 494 27·C·29·
2286 479 2287 482 =

1232 503 1368 538 bulenta
1387 503 1541 548 Gregorii
1569 504 1669 539 nostri
1703 515 1846 547 tempora
1867 532 1878 547 ,
1915 518 1953 541 ac
1979 506 2012 541 in
2041 507 2110 551 ipsis

1229 554 1401 598 grassantia
1418 554 1653 597 Episcoporum
1665 554 1794 597 peffima
1813 555 1890 589 vitia
1903 557 2108 598 postulabant

1231 605 1265 638 in
1277 604 1425 639 adductis
1436 603 1634 640 Canonibus
1645 606 1829 650 frequenter
1840 604 1950 649 dispen
1956 609 2012 642 sari
2024 634 2032 640 .

572 882 1824 976 CANONVI.

433 1072 540 1125 Ubd
579 1089 682 1123 cum
717 1073 1112 1127 excommunicatis
1146 1068 1174 1121 ὲ
1209 1074 1353 1141 Papa,
1388 1070 1501 1124 inter
1538 1086 1719 1134 caetera,
1755 1086 1836 1121 nec
1871 1071 1919 1121 in
1953 1069 2108 1120 eadem

467 1144 605 1197 domo
640 1142 847 1196 debemus
881 1160 1055 1194 manere
1074 1178 1088 1192 .

470 1322 986 1367 SCHOLloN.

378 1463 527 1501 Dversus
546 1465 782 1503 Andronicum
794 1467 1066 1506 Beronicensem‚
1092 1465 1173 1499 Pen-

406 1516 595 1558 tapolitanae
621 1517 807 1551 Provinciae
835 1518 1037 1560 Tyrannum
1063 1514 1172 1556 potius

283 1564 381 1608 quarn
395 1565 585 1600 Praefesstum
598 1590 611 1606 ,
636 1566 655 1600 ὲ,
669 1568 700 1601 se
711 1579 749 1601 ac
762 1569 817 1600 sua
835 1566 974 1601 Ecclefia
985 1572 1172 1598 excommu-

282 1614 430 1648 nicatum
446 1639 457 1655 ,
483 1616 525 1649 ad
548 1627 663 1649 omnes
677 1616 888 1660 AEgyptiacae
909 1613 1066 1647 Dioecefis
1078 1611 1172 1644 Anti·

282 1661 372 1696 stites
384 1664 492 1697 scribit
512 1665 648 1698 Sanctus
660 1663 812 1705 Syuefius
824 1688 835 1704 ‚
861 1660 1082 1696 ptolomaidis
1095 1660 1174 1704 Epi-

281 1712 398 1756 scopus
419 1738 431 1754 ,
457 1724 495 1746 ac
520 1714 657 1756 praefatae
681 1712 866 1747 Provinciae
888 1710 1083 1754 Metroplita
1106 1723 1114 1742 :
1143 1712 1174 1742 Si

282 1760 441 1805 quisquam
471 1764 554 1797 velut
566 1770 682 1807 exiguae
693 1763 783 1795 Urbis
796 1761 951 1803 Ecclesiam
973 1760 1098 1798 nostram
1107 1771 1171 1792 con-

282 1811 457 1855 tempserit,
485 1814 569 1846 &ab
594 1815 697 1846 eadem
723 1814 886 1845 damnatos
909 1815 1047 1853 receperit
1060 1835 1070 1851 ,
1094 1809 1180 1852 quasi*

280 1868 410 1904 pauperi
429 1871 537 1904 parere
558 1862 636 1896 nihil
653 1863 756 1906 neceffir
772 1861 809 1903 fit
823 1887 834 1903 ,
860 1867 978 1896 noverit
985 1860 1099 1904 scissam
1111 1862 1131 1892 a*
1139 1858 1173 1902 ſs

284 1911 442 1953 Ecclesiam
463 1912 537 1955 effe,
563 1924 652 1954 quam
670 1913 722 1956 effe
744 1924 837 1946 unam
859 1913 929 1946 vult
942 1909 1074 1950 Christus
1087 1935 1094 1941 .
1123 1914 1172 1941 At·

282 1973 340 2005 que
363 1962 432 2001 bic,
453 1961 521 2002 five
551 1966 687 2002 Levita,
707 1960 771 2003 five
780 1964 920 1996 sacerdos
942 1959 979 2002 fit
993 1986 1005 2002 ,
1021 1959 1085 2002 five
1097 1962 1175 2001 Epi-

276 2009 404 2054 scopus,
429 2012 516 2053 apud
538 2023 592 2044 nos
615 2013 736 2053 eodem,
764 2022 855 2055 atque
881 2013 1086 2050 Andronicus,
1112 2010 1168 2042 loco

280 2059 442 2104 censebitur
468 2086 474 2092 .
502 2061 555 2095 Ex
579 2060 778 2105 Apostolico
802 2062 894 2097 enim
921 2072 976 2105 per
1001 2061 1171 2095 Nicaenam

280 2111 457 2153 Synodum
481 2110 631 2146 stabilito
657 2112 800 2146 Canone
824 2111 948 2145 inflicta
960 2122 1016 2153 per
1027 2110 1172 2150 quemvis

281 2160 485 2204 Episcopum
511 2162 818 2195 excommunicatio
839 2169 998 2200 tanquam
1023 2158 1108 2198 lepra
1121 2157 1173 2188 ad-

281 2209 379 2243 haeret
400 2221 456 2243 aut
471 2210 592 2251 peffimi
615 2209 766 2252 contagii
787 2207 927 2242 scabies:
956 2206 1113 2253 Qisquis
1122 2216 1171 2239 ex-

282 2259 532 2292 communicato
555 2258 803 2299 communicat,
828 2257 947 2291 eodem
970 2267 1049 2289 mox
1064 2255 1175 2289 vincu-

282 2307 319 2341 lo
341 2308 386 2341 est
411 2307 591 2342 innodatus
621 2333 628 2340 .
651 2308 766 2342 Tanta
787 2307 833 2340 est
855 2306 960 2345 etiam,
976 2305 1173 2348 pauperrimi

283 2356 461 2401 Episcopi,
489 2367 545 2391 aut
558 2356 703 2391 minimae
714 2355 866 2391 Ecclefiae
881 2356 982 2389 virtus
993 2379 1004 2395 ,
1024 2354 1171 2397 adeoque

283 2407 386 2451 longe
411 2406 550 2441 validior
575 2406 621 2441 est
651 2405 816 2441 Cathedra
844 2406 1023 2440 Romana.
1057 2404 1169 2448 Pergit

287 2457 419 2491 Saucius
441 2457 591 2500 Synefius
604 2471 616 2490 .-
643 2460 787 2490 Privatos
808 2467 909 2489 omnes
933 2454 1170 2498 &Magistratus

290 2507 388 2540 hortor
398 2531 409 2548 ,
436 2516 470 2540 ut
483 2518 534 2540 nec
543 2504 672 2550 ejusdem
679 2517 746 2539 cum
757 2507 921 2539 Andronico
933 2505 1002 2538 tedii
1008 2509 1171 2547 participes

286 2557 338 2598 effe
360 2558 477 2590 velint.
507 2557 552 2591 Et
574 2556 675 2599 prima
686 2555 855 2590 Toletana
866 2555 1020 2599 Synodus
1043 2554 1172 2588 statuit:

286 2608 321 2639 si
332 2611 400 2648 quis
411 2609 523 2638 Latcus
548 2606 728 2646 abstinetur,
755 2608 800 2639 ad
819 2606 897 2638 bunc
920 2606 973 2639 vel
980 2608 1044 2645 ejus
1055 2606 1174 2638 domum

287 2657 388 2690 nullus
410 2657 464 2690 vel
471 2656 648 2690 clericorum
673 2657 727 2690 vel
734 2655 944 2700 Religiosorum
959 2656 1095 2689 accedat.
1128 2655 1170 2688 Et

287 2705 452 2740 Romanis
462 2705 614 2740 fidelibus
625 2732 636 2748 ,
648 2717 691 2740 ne
701 2707 836 2740 errantis
848 2707 1008 2749 Cypriani
1021 2707 1165 2750 Legatos

286 2755 471 2799 Episcopos
494 2756 552 2791 sub
571 2758 627 2791 sua
648 2757 730 2791 tedia
760 2756 967 2790 admitterent
981 2780 992 2795 ,
1017 2755 1036 2788 a
1056 2757 1170 2789 Sandio

287 2803 456 2848 Stephano
470 2806 558 2848 Papa
580 2807 672 2841 fuisse
684 2807 876 2841 mandatum
901 2803 1009 2839 scribit
1033 2806 1167 2840 sanctus

291 2855 504 2889 Firmilianus
524 2856 560 2889 in
581 2856 788 2901 Cappadocia
812 2856 1086 2900 Archiepiscopus
1105 2856 1160 2890 Cae

289 2905 455 2939 sarienfis.
482 2904 527 2939 Et
545 2905 728 2949 sigbertum
744 2932 755 2947 ,
780 2907 955 2951 piissimum
980 2907 1169 2951 Anglorum

291 2955 422 2999 Regem
449 2979 461 2994 ,
507 2954 542 2988 in
569 2958 848 2992 excommunicati
878 2956 1021 2990 Comitis
1047 2957 1167 2997 domo,

291 3015 390 3048 quam
412 3015 527 3039 contra
552 3008 872 3042 excommunicantis
895 3007 1048 3050 Episcopi
1089 3007 1164 3041 veti-

291 3065 364 3089 tum
388 3055 585 3096 intraverat,
611 3056 780 3091 Divinitus
802 3059 894 3092 fuisse
904 3058 1086 3102 permissum
1105 3068 1166 3092 tru-

290 3105 393 3140 cidari
405 3106 421 3137 a
433 3106 597 3149 germanis
619 3106 769 3140 fratribus
780 3131 790 3146 ,
815 3109 953 3142 affirmat
969 3109 1002 3141 in
1017 3107 1164 3141 Ecclefia-

292 3154 372 3188 stica
393 3153 581 3198 Anglorum
604 3154 737 3190 historia
758 3156 964 3192 Venerabilis
983 3158 1088 3191 Beda.
1120 3158 1164 3191 Et

294 3205 330 3238 in
357 3206 415 3237 suo
443 3204 625 3248 Capitulari
650 3206 756 3240 sanxit
782 3207 901 3242 Beatus
926 3207 1167 3252 Theodulphus

295 3254 537 3289 Aurelianensis
565 3255 767 3298 Episcopus.-
792 3260 1085 3291 Excommum‘catum
1106 3260 1168 3291 nul-

291 3305 340 3338 lus
361 3303 491 3348 Insuam
513 3305 630 3338 domum
651 3311 793 3346 recipiat.
821 3308 863 3342 Et
875 3308 915 3342 de
938 3307 1097 3342 Luitardo
1110 3308 1168 3341 Pa-

295 3355 393 3398 piensi
417 3355 581 3399 Episcopo
608 3379 618 3395 ,
644 3354 773 3398 ejusque
793 3356 920 3392 civibus
942 3358 1097 3392 scribitin
1112 3359 1168 3392 Ni-

294 3403 378 3438 colai
399 3405 494 3448 primi
517 3404 690 3439 Pontificis
714 3406 780 3439 vita
795 3406 976 3441 Anastasius
989 3408 1169 3443 Bibliothe-

292 3454 398 3489 carius
412 3455 679 3498 :,cumaud1ffint
691 3479 702 3494 ,
727 3457 811 3497 quid
827 3457 992 3494 civitatem
1010 3459 1164 3502 ingressus

391 3503 578 3550 Christ-Lupi
591 3509 748 3548 oper.Tom
759 3509 796 3539 V.

1236 1315 1376 1360 Ioannes
1386 1315 1553 1352 Ravennae
1567 1314 1804 1359 Archiepiscopus
1816 1315 1880 1359 effer
1893 1316 2034 1349 asumma
2043 1315 2118 1345 Pan-

1236 1366 1313 1408 tifice
1335 1373 1599 1400 excommunicatus
1612 1390 1622 1405 ,
1647 1371 1679 1398 in
1702 1375 1790 1398 tanta
1809 1364 1842 1407 se
1853 1365 1987 1405 custodiae
1998 1370 2117 1397 circum-

1231 1415 1376 1458 spec‘lione
1399 1417 1576 1449 dediderunt
1596 1439 1607 1454 ,
1635 1424 1670 1447 ut
1693 1426 1744 1448 nec
1764 1421 1796 1448 in
1813 1413 1876 1458 suis
1898 1414 2030 1447 domibus
2051 1423 2116 1445 eum

1235 1473 1397 1507 reciperent
1412 1489 1423 1505 ,
1451 1476 1502 1498 nec
1522 1465 1690 1497 bominibus
1711 1467 1777 1504 ejus
1796 1473 1976 1505 paterentur
2002 1461 2120 1504 aliquid

1236 1516 1442 1552 venumdari,
1468 1524 1504 1545 ne
1521 1522 1579 1553 per
1603 1515 1663 1543 tale
1671 1519 1869 1544 commercium
1893 1511 1998 1551 saltem
2008 1514 2120 1545 locutio-

1235 1567 1283 1594 nis
1307 1573 1405 1595 eorum
1415 1563 1591 1593 videremur
1610 1560 1661 1601 effe
1677 1566 1840 1602 participes
1856 1585 1867 1601 ,
1894 1572 1928 1593 ac
1937 1569 1990 1602 per
2006 1561 2058 1593 hoc
2069 1572 2120 1593 ex-

1234 1615 1502 1644 communicationis
1528 1619 1630 1643 notam
1649 1614 1850 1644 incurrerent.
1880 1611 2120 1645 Excommuni-

1235 1671 1340 1695 catam
1362 1659 1504 1694 Bosonis
1529 1671 1669 1695 uxorem
1689 1658 1911 1705 lngeltrudem
1927 1660 2019 1695 nullo
2032 1662 2117 1694 intra

1234 1721 1336 1744 omne
1356 1709 1572 1744 Lothariense
1583 1710 1741 1754 Regnum
1765 1709 1909 1753 hospitio
1921 1710 2037 1744 donari
2049 1722 2122 1753 prae-

1235 1760 1322 1804 cepit
1345 1760 1535 1804 rigidissime
1556 1760 1705 1793 laudatus
1717 1760 1804 1803 Papa
1814 1759 1996 1794 Nicolaus.
2025 1760 2067 1794 Et
2079 1760 2119 1793 de

1233 1811 1525 1845 excommunicato
1547 1811 1747 1844 Francorum
1771 1811 1865 1854 Rege
1887 1810 2037 1845 Roberto
2051 1810 2127 1844 scri-

1238 1860 1288 1895 bit
1299 1860 1339 1894 ad
1354 1859 1556 1894 Defiderium
1570 1859 1735 1894 Abbatem
1751 1860 1971 1894 Caffinensem
1986 1860 2122 1894 sanstus

1237 1911 1350 1944 Petrus
1370 1910 1527 1945 Damiani
1558 1924 1569 1944 .·
1597 1910 1790 1944 sacerdotalis
1814 1910 1919 1944 Edic‘li
1941 1920 2044 1944 tantus
2066 1922 2122 1943 om-

1235 1971 1302 1994 nem
1323 1961 1454 2003 undique
1460 1962 1601 2003 populum
1623 1970 1718 1995 terror
1742 1960 1872 2002 invafit,
1899 1969 1933 1995 ut
1952 1961 1990 1994 ab
2011 1963 2072 2001 ejus
2078 1959 2124 2004 so-

1234 2015 1338 2044 cietate
1359 2010 1492 2051 univers?
1507 2012 1674 2046 recederent
1686 2037 1697 2052 ,
1724 2022 1773 2045 nec
1789 2020 1905 2054 praeter
1929 2012 2000 2045 duos
2014 2010 2123 2053 fibiad

1236 2061 1383 2104 necessarii
1405 2062 1504 2094 viciat
1531 2060 1698 2104 obsequium
1718 2070 1926 2103 remanerent,
1952 2067 2004 2105 qui
2015 2071 2115 2094 tamen

1235 2109 1333 2150 &ipſs
1349 2116 1448 2141 omnia
1470 2109 1549 2150 vasa
1563 2135 1574 2150 ,
1602 2118 1633 2144 in
1656 2113 1763 2153 quibus
1775 2117 1842 2145 Rex
1865 2113 1971 2146 edebat
1983 2113 2036 2145 vel
2043 2112 2122 2144 bibe-

1238 2158 1290 2189 bat
1303 2180 1313 2196 ,
1334 2165 1471 2198 percepto
1493 2158 1553 2189 cibo
1574 2159 1789 2192 abominabilia
1805 2162 2003 2200 fiduciam,
2026 2162 2121 2202 pabu-

1236 2208 1297 2239 lum
1323 2205 1441 2250 ignibus
1467 2206 1646 2240 exhibebant
1662 2233 1669 2240 .
1704 2208 1839 2250 Reliqui
1866 2211 1905 2243 ad
1935 2210 2121 2245 sustendan-

1237 2256 1312 2290 dam
1332 2257 1433 2299 Regis
1445 2257 1541 2289 vitam
1554 2256 1738 2297 judicarunt
1758 2261 1789 2293 se
1802 2259 1979 2302 superfluos
1990 2286 2001 2301 ‚
2029 2260 2119 2295 ideo-

1237 2315 1300 2349 que
1325 2315 1386 2338 nec
1411 2304 1495 2338 idem
1516 2316 1591 2339 cum
1605 2307 1674 2349 ipso
1687 2310 1807 2341 tedium
1820 2311 1958 2344 retinere
1972 2312 2118 2354 praesum-

1239 2357 1385 2398 pserunt.
1419 2354 1462 2388 Et
1473 2355 1513 2389 de
1525 2358 1814 2393 excommunicato
1828 2359 1961 2394 Comite
1979 2362 2117 2396 Gaufre-

1236 2404 1281 2438 do
1305 2404 1400 2438 habet
1426 2404 1600 2440 Gervafius
1634 2407 1824 2442 Monachus
1850 2410 2114 2446 cantuariensis.-

1237 2456 1313 2487 cum
1334 2460 1366 2487 in
1387 2460 1470 2488 exitu
1488 2454 1602 2498 srlvae,
1620 2457 1776 2501 pausandi
1793 2465 1898 2503 gratia
1920 2485 1930 2501 ,
1956 2461 2115 2504 calorisque

1238 2506 1362 2539 vitandi
1380 2530 1391 2546 ,
1418 2509 1451 2538 in
1467 2511 1606 2549 gramine
1623 2508 1774 2543 recubaret
1788 2534 1799 2550 ,
1825 2509 1916 2543 herba
1940 2514 2114 2552 viridfflma

1233 2554 1288 2598 sub
1310 2553 1371 2597 ipso
1391 2562 1534 2594 emarcuit
1547 2581 1556 2595 ,
1583 2565 1617 2591 ut
1639 2569 1670 2591 eo
1678 2557 1819 2603 surgente
1842 2560 2114 2603 quafipraemortua

1238 2606 1412 2645 videretur,
1438 2617 1488 2638 nec
1509 2614 1567 2639 toto
1587 2606 1653 2649 feri.²
1675 2621 1754 2642 anno
1774 2613 1943 2644 viriditatis
1954 2610 2016 2655 suae
2030 2619 2111 2647 vires

1239 2661 1424 2696 recuperavit
1437 2680 1444 2687 .
1463 2658 1548 2690 Unde
1574 2659 1668 2691 datur
1690 2661 1838 2704 intelligi,
1861 2663 1952 2703 quam
1973 2664 2114 2702 detestan-

1239 2707 1310 2739 dum
1318 2703 1353 2747 fit
1361 2704 1528 2749 consortium
1541 2715 1852 2743 excommunicatorum
1861 2735 1868 2742 .
1896 2712 1938 2744 Et
1950 2712 1990 2745 de
2005 2713 2114 2747 nescio

1238 2767 1304 2800 quo
1326 2757 1616 2792 excommunicato
1642 2760 1790 2801 praedone
1803 2758 1971 2795 Baldricus
1983 2762 2115 2798 Torna-

1237 2806 1335 2840 cenfis
1347 2807 1525 2850 Episcopus
1538 2820 1545 2839 :
1574 2811 1667 2841 Terra
1678 2834 1687 2848 ,
1715 2822 1775 2852 qua
1786 2809 1949 2853 sepulturae
1962 2814 2024 2853 ejus
2036 2815 2113 2846 locus

1234 2856 1419 2890 ambiebatur
1431 2882 1442 2897 ‚
1467 2857 1564 2891 tribus
1582 2867 1636 2900 per
1649 2865 1801 2893 citcuitum
1826 2860 1933 2894 cubitis
1952 2863 1990 2894 ab
2003 2869 2059 2895 imo
2069 2869 2113 2896 ita

1232 2907 1363 2949 exarfit,
1391 2915 1423 2940 ut
1433 2907 1471 2941 ab
1491 2908 1608 2942 occultis
1621 2910 1767 2943 meatibus
1788 2913 1924 2945 incendio
1934 2915 2027 2955 emisso
2031 2912 2112 2954 fati-

1228 2956 1322 3000 sceret
1334 2984 1341 2990 .
1373 2962 1419 2991 Et
1426 2966 1483 3001 per
1504 2964 1664 2992 triennium
1675 2966 1709 2992 in
1729 2972 1799 3004 agro
1807 2963 1856 2994 illo
1868 2973 1917 2993 ros
1939 2972 1992 2994 aut
2001 2964 2112 3004 pluvia
2131 2986 2159 3014 L·
2175 2995 2185 3014 ι
2203 2993 2219 3014 c
2253 2991 2269 3014 6

1233 3020 1288 3041 non
1313 3010 1415 3042 cecidit
1430 3033 1440 3049 ‚
1467 3020 1518 3042 nec
1533 3016 1674 3053 gramina
1691 3017 1800 3051 pavit.
1831 3010 1929 3044 Istum
1942 3012 2020 3056 ergo
2031 3015 2111 3047 anti-
2190 3006 2195 3012 ⁵
2222 2996 2246 3020 ‘⁴
2271 3006 2279 3014 ’

1230 3069 1331 3101 quum
1344 3058 1517 3093 Canonem
1541 3061 1575 3093 in
1590 3059 1747 3094 Romanae
1771 3061 1938 3103 praesertim
1963 3062 2110 3097 Ecclesia:

1229 3110 1535 3143 excommunicatos
1560 3109 1750 3144 servandum
1786 3111 1964 3155 Gregorius
2002 3113 2109 3147 noster

1232 3156 1311 3192 reete
1322 3159 1454 3192 dictavit
1467 3185 1474 3191 .

1282 3207 1407 3242 Verum
1431 3207 1481 3243 his
1504 3209 1610 3244 obesse
1632 3210 1759 3245 videtur
1772 3210 1922 3255 Regula,
1948 3222 2045 3253 quam
2065 3213 2106 3246 ad

1231 3258 1443 3292 Laurentium
1467 3260 1500 3293 in
1523 3260 1701 3294 Charitatis
1720 3260 1806 3304 apud
1826 3261 2106 3296 Antifiodorenscs

1233 3306 1399 3341 Coenobio
1414 3308 1619 3344 Monachum
1633 3311 1751 3354 scripfit
1765 3311 1895 3344 Sanstus
1913 3310 1970 3344 Ivo
1982 3312 2108 3345 Carnu-

1232 3357 1329 3391 tensis
1353 3357 1530 3403 Episcopus
1545 3374 1555 3393 .·
1585 3364 1630 3393 De
1641 3366 1885 3394 excommunicato
1907 3359 2026 3403 hospitio
2035 3371 2106 3393 rece·

2141 2134 2300 2175 L.2.Epist.

2145 2182 2188 2211 13.

1228 3416 1280 3450 pto
1295 3405 1423 3449 sufficere
1437 3411 1579 3449 videtur,
1601 3409 1629 3450 fi
1647 3409 1748 3452 hospes
1764 3433 1773 3447 ‚
1796 3417 1847 3452 qui
1870 3421 1934 3442 eum
1955 3409 2082 3451 suscepit
2095 3434 2106 3448 ,

1232 3463 1379 3491 contineat
1410 3457 1442 3500 se
1478 3460 1498 3490 ιὶ
1523 3458 1625 3500 mensa
1662 3465 1903 3493 excommunicati
1938 3461 1971 3491 (9⁸
1996 3458 2104 3501 osculo.

1678 3508 1786 3555 Qz
2011 3509 2055 3542 Et
