2366 3756
62 2220 127 2252 Lib
119 2231 163 2263 ‘sp
169 2231 198 2258 c

67 2265 120 2295 26.

650 155 1182 199 ConcrtrtJM
1253 154 1721 199 ROMANUM.

192 278 195 281 ,
240 236 398 278 Ecclesiam
409 235 767 279 Constantinopolitanam
776 234 904 279 disponit
915 240 1101 276 comprimere
1109 259 1119 279 ‚

240 294 292 333 qui
303 289 365 328 ejus
377 284 595 330 consuetudines
600 296 657 330 per
669 284 917 329 omniasequitur
925 310 932 323 ,
960 285 1083 319 Consta
1089 298 1121 319 n·

240 337 478 380 tinopolitanas
489 337 742 377 consuetudines
751 333 924 370 admittere
946 334 1119 368 censebant

241 386 599 432 repugnareMajestati
612 387 771 426 Romanae
783 384 951 425 Ecclefiae.
981 385 1024 419 Et
1038 382 1120 419 hinc

242 449 304 471 nec
324 437 730 482 Constantinopolitanam
752 434 932 470 Ecclesiam
952 435 971 469 a
989 436 1021 469 se
1031 446 1120 469 c0m÷

241 488 363 532 primi,
390 499 451 522 nec
470 487 597 523 alienos
615 497 719 528 mores
739 484 758 525 ὲ
780 486 812 527 se
824 484 1116 526 Romaminduci‚

242 538 356 573 multis
369 538 537 575 ostendere
547 548 684 572 conatur
694 536 874 580 Gregorius
885 561 895 576 ,
909 536 943 570 δε
956 535 1117 580 adjungit:

242 590 274 620 δι’
283 590 358 630 quid
366 588 434 627 ¹bon}
442 588 493 629 ‘pel
503 585 826 628 Constantinopolitana
839 609 851 626 ,
876 587 928 626 vel
951 587 1049 619 altera
1061 588 1122 622 Ec-

242 636 321 679 clefia
330 633 441 679 babet,
464 649 514 682 ego
535 639 709 675 &minore-r
719 647 819 675 meos,
845 647 918 678 quos
943 635 982 669 ab
1004 636 1117 669 illicitis

237 688 396 734 prohibeo,
424 693 456 720 in
467 689 541 727 bono
553 692 667 727 unitari
674 711 688 729 ‚
695 693 828 728 paratus
838 684 922 729 sum.
949 686 1067 720 stultus
1079 684 1118 725 est

243 744 322 771 enim
333 765 343 780 ‚
370 743 422 781 qui
436 745 469 772 in
480 737 548 781 cose
557 744 690 781 primum
706 736 856 778 existimat
866 761 878 778 ‚
900 745 936 776 ut
950 736 1029 771 bona
1051 746 1117 778 quae

243 790 349 830 videt,
376 787 486 832 difien
504 797 692 829 contemnar,-

293 837 615 883 Adjungitgsuperius
636 836 767 872 laudata
787 836 883 871 verba
898 861 910 878 ‚
934 835 1053 881 quibus
1073 834 1121 869 di-

241 890 292 923 xit
313 888 403 928 hunc
414 889 475 931 Hy
476 890 594 929 ninum
615 887 635 922 ὲ
647 885 954 930 Hierosolymitana
976 897 1032 930 per
1044 885 1120 920 San-

239 941 309 978 „Ros
317 934 498 979 Damasum
506 950 543 972 ac
551 938 805 994 Hieronymum
814 938 935 971 venisse
943 936 984 970 ad
997 937 1121 970 Roma·

240 1000 317 1023 nam
332 987 527 1027 Ecclesiam.
554 987 604 1026 ‚lta
618 986 783 1031 ,osteqdit
776 987 808 1022 se
819 998 890 1021 non
904 988 966 1021 effe
979 987 1119 1029 primum

241 1038 461 1078 Pontificem,
484 1037 545 1081 qui
567 1037 756 1081 Graegcorum
785 1033 868 1072 ritus
878 1035 1061 1072 traduxerit
1079 1035 1119 1071 ad

239 1088 469 1133 Apostolicam
490 1086 626 1122 Sedem.
655 1087 700 1120 Et
713 1074 791 1121 hine
810 1081 901 1121 vides
924 1085 1121 1127 Latinorum

237 1151 278 1177 ac
303 1139 492 1180 Graecorum
511 1137 555 1172 de
574 1136 690 1171 ritibus
713 1137 957 1179 aemulationem
969 1147 1038 1170 non
1058 1136 1122 1177 esse

239 1189 400 1224 novitiam
414 1202 425 1231 ς
453 1187 526 1222 Esse
537 1185 705 1222 Photiano
718 1185 901 1229 schismate
921 1174 1029 1221 multo
1039 1187 1123 1221 anti.-

240 1240 400 1283 quiorem.
427 1238 542 1283 Pergit
554 1234 765 1283 Gregorius·
779 1238 1051 1289 Etideomqglsin
1068 1236 1124 1270 hac

239 1290 314 1322 Sede
325 1289 408 1322 illam
431 1286 667 1330 consuetudinem
687 1292 938 1330 amputavimus,
964 1298 1033 1329 quae
1045 1285 1123 1321 btca

240 1341 356 1371 Graecis
370 1338 477 1380 fuerat
507 1338 645 1371 tradita.
675 1337 760 1372 Sunt
789 1337 884 1372 verba
907 1337 1062 1375 obscura,
1087 1337 1122 1379 ὃς

239 1399 376 1425 movent
397 1386 639 1432 quaestionem
671 1387 782 1437 Qam
803 1388 895 1422 enim
933 1377 1122 1421 Graecorum

238 1438 508 1480 consuetudinem
544 1437 662 1479 Romae
696 1437 880 1481 amputavit
911 1435 1122 1482 Gregorius?
1148 1433 1150 1435 ’

236 1488 440 1533 Respondeo
459 1487 592 1529 Graecos
616 1487 716 1522 etiam
751 1498 806 1531 per
828 1486 1122 1546 Qadragefimam

237 1537 382 1581 Alleluja
394 1538 553 1571 cantasse.
578 1536 674 1570 Hinc
690 1537 782 1579 enim
795 1534 884 1582 quod
911 1536 945 1568 in
969 1534 1123 1582 Qadra-

235 1589 357 1633 gefima
366 1598 433 1621 non
448 1596 670 1628 cantaremus,
698 1585 796 1627 nobis
809 1585 1042 1627 improperavit
1053 1582 1122 1616 Mi-

234 1638 330 1672 chael
347 1636 535 1671 Gerularins
546 1660 554 1674 .-
580 1637 693 1681 Qem
706 1645 834 1670 morem
845 1633 1026 1677 Gregorius
1050 1644 1120 1673 non

233 1687 365 1722 admisit
389 1710 397 1719 .
424 1686 530 1721 Lucet
564 1695 606 1719 ex
625 1693 740 1728 quarta
763 1682 935 1725 Toletana
956 1681 1098 1726 Synodo
1111 1707 1122 1724 ,

234 1737 326 1780 cujus
335 1737 427 1780 supra
439 1733 589 1770 laudatus
599 1734 723 1770 Canon
735 1733 800 1768 alte
813 1733 936 1767 clamat
949 1744 957 1764 :
985 1739 1048 1768 Hoc
1065 1736 1122 1765 Ec-

233 1785 324 1829 clefiae
333 1784 516 1828 universalis
527 1783 666 1828 consensio
689 1790 723 1819 in
732 1783 844 1818 cuncqis
857 1791 1009 1818 terrarum
1019 1805 1030 1823 ‚
1058 1782 1121 1817 uti-

234 1848 302 1881 que
313 1837 507 1871 Latinarum
520 1857 531 1874 ,
552 1834 694 1877 partibas
720 1834 893 1868 roboravit.
921 1831 1055 1877 Nempe
1084 1841 1122 1867 ut

235 1898 293 1932 per
311 1884 605 1935 Qadragesimam
628 1896 699 1919 non
711 1893 861 1920 cantetur
883 1881 1060 1925 Alleluja.'
1076 1882 1122 1916 Et

234 1936 409 1980 quomodo
418 1936 581 1977 Romanae
591 1935 739 1970 Ecclefiae
749 1945 875 1970 morem
885 1932 1123 1980 degradatione

233 1988 353 2031 punire
362 1985 526 2030 Hispania
537 1985 793 2030 presumpsisset.
787 1986 803 2009 2
829 1985 923 2019 Hinc
935 1982 1016 2028 ergo
1038 1982 1122 2017 dicit

233 2036 384 2083 Magnus
405 2036 590 2081 Gregorius
613 2031 802 2080 Graxcorum
813 2034 854 2076 de
864 2033 924 2069 hac
941 2045 976 2076 re
987 2033 1124 2068 consue»

233 2087 386 2123 tudinem
395 2086 488 2128 fuisse
498 2087 517 2121 a
531 2087 563 2121 se
570 2096 774 2131 amputatam
792 2085 902 2129 potius
917 2100 934 2126 ,·
951 2083 1050 2128 quam
1073 2084 1124 2116 in-

234 2136 438 2173 trodustam.
465 2136 651 2171 Laudatam
671 2134 854 2179 Epistolam
875 2135 935 2173 suo
955 2133 999 2166 de
1012 2131 1124 2165 Eccle-

234 2188 370 2222 fiasticis
389 2186 520 2221 Officiis
536 2184 628 2227 operi
651 2184 788 2225 inseruit
798 2180 988 2216 Amalarius
1005 2180 1124 2214 Fortu·

236 2245 354 2273 natus,
379 2236 415 2268 &
437 2232 631 2267 concludit.-
657 2235 712 2266 Ex
732 2230 870 2274 ‚Epistola
890 2230 1027 2269 doxmur
1044 2230 1125 2273 quod

237 2286 338 2327 aliquo
349 2291 476 2326 tempore
485 2282 688 2317 celebrabatur
699 2281 787 2325 Missa
793 2286 829 2322 iu
837 2284 976 2316 Romana
995 2278 1122 2320 Ecclesia

237 2333 347 2378 absque
370 2333 515 2374 Alleluja.
543 2334 576 2365 st
598 2343 629 2365 eo
646 2339 777 2375 tempore
794 2330 980 2366 cantabatur
992 2330 1120 2363 Tracrus

234 2393 293 2428 per
313 2395 413 2417 omnes
434 2386 605 2421 Dominicos
627 2383 719 2423 dies,
745 2382 780 2418 i&
797 2379 863 2425 post
878 2381 1007 2422 AlleluJa
1018 2380 1124 2423 affam-

234 2443 326 2477 ptum
336 2437 369 2467 in
375 2432 448 2483 solis
464 2435 625 2471 Dominicis
633 2431 741 2466 diebus
751 2441 793 2464 an
805 2433 825 2464 5
826 2429 974 2474 eptuages
970 2442 1021 2463 ma
1031 2427 1125 2473 refer

238 2492 382 2523 varetur,
412 2487 532 2526 ‚ignoro-
559 2482 605 2519 Et
616 2482 715 2516 infra:
742 2480 843 2521 Restat
855 2480 954 2514 adhuc
969 2481 1051 2523 quod
1055 2481 1125 2522 pul

235 2532 288 2578 sat
297 2537 489 2571 intentionem
508 2532 555 2565 ad
564 2531 774 2577 requirendum
784 2555 796 2572 ,
820 2530 872 2564 boc
894 2528 934 2570 est
946 2554 958 2571 ,
977 2529 1054 2572 scut
1069 2538 1125 2573 per

239 2587 408 2617 Dominicos
418 2582 484 2619 dies
499 2583 536 2619 <9⁸
544 2580 640 2623 festos
648 2589 788 2619 cantatur
798 2580 929 2621 ‚Alleluja
937 2581 982 2617 ad
993 2579 1125 2624 Missam,

239 2638 287 2667 ita
296 2631 402 2666 debeat
411 2635 529 2669 cantari
537 2639 590 2674 per
598 2641 767 2669 communes
778 2631 842 2668 dier
858 2655 870 2671 ,
895 2641 936 2663 an
949 2642 1007 2664 non
1017 2655 1024 2663 .
1054 2634 1091 2665 N
1095 2629 1130 2672 isi

235 2682 320 2726 forre
330 2681 420 2715 imbui
427 2681 557 2723 poffimus
573 2692 613 2715 ex
619 2679 924 2726 praesentiscriptura
937 2682 957 2714 5
957 2680 1038 2714 anm
1049 2684 1126 2714 Gre-

233 2737 330 2781 gorii.
357 2735 442 2765 Nam
453 2742 490 2765 ex
499 2743 531 2771 eo
539 2730 588 2770 ubl
603 2734 624 2766 5
625 2731 731 2768 anuas
742 2734 902 2780 Gregorius
916 2732 990 2764 dicit
1004 2755 1015 2771 ‚
1043 2730 1126 2766 Alia

241 2793 313 2827 quae
336 2780 401 2816 dici
412 2781 516 2815 solent
542 2781 578 2816 in
589 2781 792 2827 quotidianis
817 2779 924 2814 Miffis
947 2790 1105 2816 tacentur
1115 2805 1127 2822 ,

242 2829 475 2873 tantummodo
485 2830 589 2875 Kyrie
598 2832 722 2868 eleison
747 2831 782 2866 δε
793 2829 924 2867 Christe
934 2829 1055 2867 eleison
1073 2831 1123 2867 di-

1175 985 1251 1034 fima
1265 988 1436 1021 dimittatur
1446 1014 1456 1021 .

1918 165 2006 214 163

1183 247 1305 270 cuntur
1327 261 1338 276 ,
1361 237 1509 279 poffumus
1538 237 1702 281 intelligere
1722 262 1731 277 ,
1758 239 1840 281 quod
1862 249 1919 271 non
1946 240 2073 281 Alleluja

1182 286 1363 319 cantabatur
1375 289 1461 328 apud
1473 288 1557 320 illum
1565 296 1624 330 per
1634 289 1822 330 quotidianos
1839 291 1905 323 dies
1929 294 1962 322 in
1974 290 2073 331 Officio

1185 337 1291 379 Miffae.
1326 337 1480 372 Affirmat
1491 336 1635 380 Alleluja
1645 338 1663 371 a
1677 337 1760 383 Mag
1768 349 1811 374 no
1821 338 1985 384 Gregorio
1997 349 2073 374 can-

1184 387 1243 419 tari
1257 386 1373 428 juffum
1387 397 1443 430 per
1454 398 1572 424 ‚omnes
1582 387 1779 427 Dominicas
1793 388 1827 422 in
1838 388 1916 428 ,loco
1929 389 2073 426 Tractus

1184 436 1253 478 post
1267 435 1433 471 Graduale
1445 460 1455 475 ,
1471 437 1505 470 ἀ
1516 436 1646 474 dubitat
1655 436 1695 471 de
1705 437 1834 478 duobus
1845 463 1852 471 .
1881 438 1995 479 Primo
2006 463 2016 479 ‚
2028 450 2072 473 an

1185 497 1251 518 non
1264 487 1346 520 solas
1358 484 1618 534 Qadragesimae
1629 511 1639 526 ‚
1649 486 1702 519 sed
1715 488 1814 525 etiam
1827 489 2072 534 Septuagefimae

1183 535 1580 579 Dominicasexceperit?
1605 535 1779 576 Secundo,
1802 549 1843 571 an
1856 539 1955 574 etiam
1978 539 2013 572 in
2027 540 2070 573 fe-

1182 585 1319 620 rialibus
1335 586 1442 620 Miffis
1453 586 1575 620 curarit
1585 586 1734 620 cantari?
1760 586 1806 620 Et
1827 587 1869 621 ad
1881 587 1966 623 hanc
1989 599 2071 632 quae-

1181 635 1324 669 stionem
1351 635 1525 679 respondet
1549 635 1699 680 negative
1713 661 1719 667 .
1747 636 1792 670 Et
1815 634 1880 671 hoc
1901 639 1946 671 est
1961 640 2073 672 secun-

1180 684 1260 723 dum
1283 687 1439 728 punctum
1471 710 1483 726 ‚
1509 687 1544 720 in
1569 697 1638 729 quo
1665 686 2073 732 Constantinopolitanam

1180 735 1454 773 consuetudinem
1468 748 1536 770 non
1550 734 1677 770 admisit
1699 732 1899 782 Gregorius}

1232 785 1327 820 Prior
1337 786 1471 830 quaestio
1484 786 1686 826 demonstrat
1698 785 1739 825 de
1747 786 1993 832 Septuagefimae
2001 790 2074 824 Do-

1180 835 1311 871 minicis
1322 837 1414 871 fuiffe
1426 846 1506 872 tunc
1520 836 1622 871 varias
1632 836 1807 871 sententias
1817 837 1852 871 &
1862 840 2073 874 mores-Hinc

1179 887 1269 920 enim
1282 886 1395 921 statuit
1410 885 1582 929 Abbatum
1597 886 1874 932 Aquisgranenfis
1898 887 2075 923 subLudo-

1182 936 1244 970 vici
1261 936 1311 970 Pii
1325 937 1466 981 Imperio
1481 947 1671 972 conventus
1685 950 1692 970 :
1717 937 1853 979 alleluja
1866 942 1897 969 in
1917 939 2076 982 Septuage-
2092 934 2165 972 Cap*
2179 942 2227 971 30*

1482 988 1739 1023 Dimittentium
1756 987 1973 1022 Ecclesiarum
1997 1000 2075 1023 con-

1185 1037 1391 1071 suetudinem
1401 1038 1507 1078 voluit
1517 1039 1631 1072 servari
1641 1038 1675 1072 in
1685 1038 1841 1077 omnibus
1851 1038 2073 1077 Monasteriis.

1185 1086 1334 1121 Eandem
1346 1087 1379 1120 in
1394 1087 1567 1131 Responso
1579 1088 1733 1126 adversus
1751 1087 1929 1127 Michaelis
1942 1088 2074 1123 Cerula-

1184 1137 1223 1170 rii
1248 1137 1449 1178 calumniam
1473 1138 1620 1172 laudavit
1634 1138 1818 1179 Cardinalis
1842 1138 2045 1178 Humbertus
2061 1152 2073 1171 .-

1186 1186 1283 1221 Dixit
1295 1187 1386 1221 enim
1401 1187 1544 1232 Alleluja
1555 1187 1681 1229 dimitti
1695 1199 1750 1231 per
1761 1200 1884 1222 novem
1894 1187 2075 1222 hebdoma-

1184 1236 1240 1272 das
1255 1248 1330 1271 ante
1344 1237 1469 1272 Pascha
1481 1262 1489 1270 .
1520 1239 1564 1278 Et
1574 1238 1656 1285 quin
1671 1236 1762 1280 juxta
1787 1237 1945 1272 Romanae
1966 1238 2077 1272 Eccle-

1184 1287 1233 1321 fiae
1244 1287 1517 1323 consuetudinem
1532 1288 1734 1331 responderit
1744 1312 1756 1328 ,
1785 1298 1853 1321 non
1867 1287 1911 1322 est
1926 1285 2077 1322 dubitan-

1157 1336 1161 1339 ’
1183 1333 1263 1371 dum
1280 1362 1288 1369 .
1314 1337 1364 1371 At
1375 1336 1498 1372 veroin
1514 1337 1606 1378 libris
1623 1338 1665 1372 de
1677 1337 1785 1371 Sancti
1807 1337 1966 1372 Germani
1980 1337 2078 1372 Anti-

1183 1387 1374 1421 fiodorenfis
1383 1386 1537 1431 Episcopi
1550 1388 1618 1421 vita
1631 1386 1743 1421 scribit
1753 1386 1922 1421 Henricus
1932 1387 2079 1431 ejusdem

1185 1436 1332 1471 Ecclesiae
1341 1436 1548 1479 Monachus.
1563 1438 1695 1478 Alleluja
1707 1435 1803 1477 nostra
1814 1435 1943 1478 Ecclefia
1954 1439 2079 1479 Septuae-
2098 1445 2161 1478 hb
2192 1457 2217 1477 1

1177 1486 1295 1530 gefimae
1319 1495 1441 1520 tantum
1461 1488 1510 1519 die
1531 1490 1683 1519 Dominico
1701 1498 1766 1519 cum
1779 1496 1940 1520 memorato
1954 1486 2079 1530 Psalmo
2098 1496 2160 1526 caP·
2176 1498 2219 1519 10.

1175 1531 1328 1573 modulari
1338 1533 1506 1576 consuevit.
1538 1534 1672 1576 Utique
1684 1539 1760 1567 cum
1773 1534 1925 1568 Psalmo:
1954 1538 2079 1569 Lauda-

1183 1590 1211 1618 te
1233 1586 1393 1615 Dominum
1414 1584 1453 1616 de
1476 1584 1588 1615 Coelts.
1615 1583 1659 1616 Et
1686 1581 1773 1618 hanc
1798 1584 2078 1622 consuetudinum

1183 1633 1403 1668 diversitatem
1414 1633 1530 1666 volens
1544 1632 1752 1667 eliminatam
1763 1631 1956 1672 Alexander
1969 1635 2079 1669 secun-

1181 1683 1245 1718 dus
1269 1683 1373 1717 edidit
1394 1684 1529 1727 praesens
1551 1683 1734 1718 Decretum
1750 1708 1759 1717 .
1787 1683 1905 1731 Qod·
1919 1695 1990 1719 non
2018 1696 2079 1729 pro

1183 1733 1338 1770 Romana
1348 1758 1359 1773 ‚
1388 1733 1443 1767 sed
1454 1744 1514 1777 pro
1527 1733 1603 1767 aliis
1615 1732 1788 1767 dumtaxat
1802 1731 1955 1768 Ecclesiis
1965 1734 2079 1769 edide-

1183 1783 1226 1816 rit
1236 1807 1247 1824 ,
1272 1782 1472 1822 demonstrat
1485 1783 1655 1817 laudatum
1669 1783 1871 1826 Responsum
1886 1784 2078 1819 Cardinalis

1185 1832 1365 1868 Humberti
1378 1858 1385 1865 .
1414 1833 1458 1867 Et
1472 1833 1550 1878 quia
1563 1833 1719 1868 Romana
1730 1833 1874 1868 Ecclesia
1899 1846 1967 1868 non
1981 1835 2079 1869 facile

1183 1882 1331 1917 admittit
1345 1883 1512 1918 novitates
1526 1907 1537 1924 ,
1562 1883 1705 1918 omnino
1727 1883 1922 1918 crediderim
1950 1884 2014 1918 esse
2027 1885 2080 1918 In-

1184 1932 1333 1968 stitutum
1342 1932 1464 1978 Magni
1479 1933 1653 1978 Gregorii.
1679 1933 1755 1968 Esse
1791 1934 1883 1968 enim
1904 1934 2080 1979 antiquam

1185 1983 1319 2017 Patrurn
1347 1983 1591 2027 traditionem1,
1618 1982 1736 2020 diserte
1760 1983 1902 2025 affirmat
1928 1984 2079 2020 laudatus

1185 2032 1392 2076 Humbertus
1419 2058 1427 2066 .

1234 2083 1351 2118 Restat
1363 2084 1574 2128 quaerendum
1584 2104 1599 2126 1,
1623 2085 1659 2122 in
1673 2084 1795 2130 quibus
1806 2097 1875 2121 non
1904 2084 2080 2121 dumtaxat

1185 2131 1312 2172 Missae,
1339 2132 1393 2166 sed
1419 2134 1454 2167 &
1479 2134 1621 2172 aliorum
1644 2136 1850 2170 Divinornm
1879 2136 2080 2171 Officiorum

1186 2179 1330 2224 partibus
1341 2182 1575 2215 consueverint
1584 2181 1669 2221 olim
1677 2183 1829 2223 Ecclesia
1839 2184 1988 2227 Alleluja
2003 2197 2081 2220 can-

1185 2241 1252 2265 tare
1261 2256 1272 2272 ,
1299 2230 1333 2265 &
1345 2230 1520 2274 quomodo
1532 2230 1757 2268 devenerimus
1769 2232 1811 2268 ad
1824 2235 2015 2278 praesentem
2031 2235 2081 2269 di—

1186 2281 1357 2329 sciplinam
1372 2281 1389 2312 ἓ
1416 2279 1544 2314 Verum
1563 2281 1600 2317 ἀ
1613 2281 1713 2327 longa
1736 2283 1770 2317 ec
1783 2283 1936 2324 involuta
1958 2284 2004 2319 est
2018 2284 2079 2320 ista

1183 2329 1316 2373 quaestio
1339 2354 1350 2372 ,
1376 2341 1432 2374 per
1455 2330 1564 2365 otium
1589 2331 1756 2367 trastanda
1781 2358 1788 2365 .
1819 2333 1941 2373 Nolim
1964 2344 2076 2370 tamen

1184 2380 1337 2415 omittere
1355 2390 1426 2422 quae
1438 2380 1480 2415 de
1493 2378 1640 2427 Alleluja
1649 2380 1691 2417 ad
1698 2381 1836 2423 Missam
1847 2383 1918 2427 post
1930 2384 2079 2419 Gradua-

1185 2430 1216 2466 le
1239 2430 1394 2465 cantandi
1416 2431 1553 2474 antiqua
1575 2431 1697 2476 pietate
1721 2442 1838 2468 monet
1861 2434 2078 2470 Innocentius

1185 2481 1316 2518 tertius:
1345 2485 1490 2515 canimus
1514 2482 1643 2524 Alleluja
1661 2481 1724 2526 post
1746 2484 1903 2518 Graduale
1930 2508 1942 2525 ,
1967 2489 2079 2518 Canti-

1183 2542 1250 2565 cum
1261 2532 1379 2572 laetitiae
1385 2530 1447 2574 post
1469 2531 1776 2576 ludumpoenitentlae
1790 2558 1801 2575 ,
1820 2532 2006 2577 summopere
2031 2542 2078 2569 nl—

1186 2590 1286 2615 tentes
1313 2585 1730 2628 exprimeremagnltudinem
1754 2583 1955 2628 consolationis
1970 2610 1981 2626 ‚
2007 2598 2076 2628 quae

1185 2630 1305 2674 reposita
1317 2631 1356 2672 est
1364 2631 1532 2676 lugentibus
1544 2657 1555 2675 ‚
1567 2633 1740 2679 jubilantes
1746 2640 1847 2677 portur
1864 2636 1958 2678 qucim
1971 2647 2076 2670 canen-

1186 2689 1229 2715 ter
1238 2706 1249 2723 ,
1274 2693 1423 2725 unamque
1434 2683 1556 2722 brevem
1563 2685 1647 2727 dIgni
1652 2681 1798 2728 sermonis
1804 2684 1954 2728 syllabam
1967 2690 1999 2719 in
2009 2687 2076 2727 plu-

1187 2743 1232 2766 res
1249 2743 1370 2766 neumas
1386 2731 1595 2775 protrahimus
1616 2758 1629 2775 ,
1655 2742 1690 2767 ut
1698 2735 1836 2776 jucundo
1861 2736 1970 2769 auditu
1989 2746 2074 2768 mens

1187 2787 1316 2816 attonita
1337 2783 1488 2824 repleatur
1506 2808 1517 2825 ,
1543 2785 1578 2818 δ’
1598 2788 1739 2826 rapiatur
1760 2784 1830 2819 illuc
1854 2809 1867 2828 ,
1892 2783 1942 2820 ubl
1958 2783 2074 2830 semper

1189 2839 1247 2876 erit
1265 2838 1333 2867 vita
1346 2831 1408 2875 fine
1430 2841 1541 2878 morte,
1570 2835 1635 2869 dees
1646 2831 1706 2876 line
1718 2834 1816 2872 nocte..

2097 2468 2158 2500 Lib.
2186 2481 2212 2502 2.

2095 2518 2198 2552 cap-3³
2208 2531 2215 2539 .

1863 3484 1898 3527 5.
1911 3482 2023 3523 GRE·
