2366 3756
355 140 484 196 380;‘

280 222 316 256 in
341 221 436 255 sacris
458 226 600 253 maneret
615 217 983 258 Ecclefiarumtabulis‚
1010 218 1044 252 &
1069 217 1108 252 ad
1127 218 1168 252 sa-

280 284 334 306 cra
348 272 517 305 Miffarum
533 268 692 303 solemnia
713 269 770 301 suo
784 268 859 302 loco
886 270 919 302 &
933 278 1080 312 tempore
1094 270 1169 302 reci-

281 331 401 355 taretur
415 344 421 351 .
450 318 669 353 Existimabat
683 329 750 351 rem
762 320 826 361 peti
841 318 971 353 levioris
991 318 1148 362 ponderis
1163 345 1168 352 .

281 371 408 406 Verum
422 369 485 403 effe
497 369 613 403 summi
629 368 799 411 ponderis,
829 368 934 403 immo
958 381 1024 403 rem
1055 369 1170 411 impos-

282 421 408 456 fibilem
422 444 432 459 ,
459 420 599 463 reposuit
612 418 768 453 Pontifex
782 443 792 458 ,
820 419 960 462 utpotea
972 430 1035 462 qua
1054 419 1172 463 pende-

283 482 332 507 ret
355 470 527 511 sanstitas,
554 469 659 503 immo
687 470 721 503 <Sc
744 468 942 505 subsistentia
967 469 1069 503 totius
1081 467 1172 503 Chri·

264 520 458 572 Qiaqitatis
476 537 507 560 a·
523 520 656 555 Etenim
678 519 847 553 Haereticae
873 530 930 554 aut
955 517 1172 556 Schismaticae

285 571 534 606 communionis
557 570 717 614 contagio
741 569 869 613 polluta
893 570 1046 604 Romana
1062 569 1173 604 Eccle·

285 623 328 656 fia
339 622 499 666 pollueret
510 631 626 655 omnes
651 620 682 654 ci
694 620 977 654 communicantes
990 619 1149 654 Ecclefias
1162 644 1172 660 ‚

286 682 384 716 atque
409 673 455 706 ita
478 670 667 705 universalis
691 669 830 704 Ecclesia
852 670 1008 705 desineret
1029 671 1091 705 esse
1104 672 1173 704 san-

287 725 335 756 Ota
349 745 359 761 ‚
386 724 419 756 δε
432 722 541 756 omnis
553 732 625 756 vera
638 719 867 755 Christianitas
879 721 1026 755 interiret
1042 746 1049 752 .
1078 721 1174 754 Hinc

287 772 434 806 Gelafius
460 773 562 816 sperat
587 782 686 813 atque
709 771 859 805 asseverat
873 772 935 805 esse
958 769 1176 814 impossibile,

287 834 325 857 ut
349 825 503 858 Romana
528 822 670 856 Ecclesia
693 821 799 854 ullum
823 819 1014 856 damnatum
1038 821 1176 854 Haereti-

287 885 365 908 cum
392 883 448 907 aut
472 869 722 906 Schismaticum
743 871 896 906 admittat
919 872 952 905 in
978 873 1068 906 suam
1089 882 1176 905 com-

288 924 484 958 munionem
508 947 519 963 ,
545 923 578 957 ἀ
599 922 675 957 talis
697 921 898 957 confusionis
931 921 1090 968 contagio
1112 933 1178 956 ma-

288 973 417 1010 culetur
431 998 438 1006 .

338 1024 451 1067 Objici
485 1025 580 1066 poffit
612 1023 706 1058 Felix
731 1021 887 1058 secundus
916 1023 1076 1059 Pontifex
1099 1048 1110 1065 ,
1136 1022 1192 1056 de

286 1086 355 1119 quo
378 1075 411 1108 in
440 1073 601 1108 Virorum
622 1073 804 1108 Illustrium
820 1074 998 1119 catalogo,
1024 1083 1123 1117 agens
1136 1061 1194 1106 del

226 1141 231 1146 ⁴
285 1125 417 1159 Acacio
429 1124 538 1158 Lusco
552 1124 744 1159 Caesareenfi
755 1125 842 1169 apud
854 1125 1034 1166 palestinos
1047 1122 1176 1165 Episco-

237 1253 286 1282 t*

123 3105 274 3144 Epist r65·

285 1186 331 1218 po
347 1199 357 1214 ,
383 1174 494 1208 scribit
504 1174 638 1208 Sanetus
649 1176 879 1216 Hieronymus
893 1186 900 1205 :
929 1177 1050 1206 Aeacius
1063 1177 1095 1203 in
1108 1180 1176 1203 tan-

285 1231 350 1257 tum
355 1223 411 1266 sub
429 1223 598 1264 constantio
612 1230 789 1266 Imperatore
809 1225 918 1254 claruit
932 1245 941 1260 ‚
969 1229 1002 1254 ut
1015 1227 1049 1253 in
1064 1221 1176 1254 Liberti

286 1274 381 1309 locum
390 1277 492 1306 Romae
502 1275 632 1305 Felicem
646 1276 788 1303 arianum
797 1268 974 1313 Episcopum
984 1270 1174 1311 constitueret.

282 1322 459 1358 Marianus
478 1320 647 1355 Victorius
671 1320 741 1354 vult
763 1331 878 1354 vocem
900 1344 910 1360 ‚
937 1326 1081 1354 arianum
1103 1345 1113 1360 ‚
1141 1321 1173 1354 in

285 1373 383 1407 variis
395 1370 635 1414 exemplaribus
657 1381 726 1404 non
749 1368 877 1404 haberi.
907 1371 1085 1416 Qidquid
1107 1371 1143 1405 sit
1167 1395 1177 1412 ,

283 1423 367 1466 quin
379 1422 501 1455 Ariana
514 1421 755 1455 communione
768 1420 932 1455 scabiosus
942 1421 1039 1455 fuerit
1051 1421 1146 1455 Felix
1165 1445 1175 1461 ,

283 1472 303 1506 ὲ
318 1472 412 1505 nullo
425 1470 610 1505 dubitatur.
639 1470 716 1504 Fuit
730 1470 834 1514 palam
850 1472 993 1505 intrusus
1010 1498 1017 1505 .
1042 1471 1084 1506 Et
1097 1469 1175 1506 hinc

283 1533 392 1565 neque
411 1522 429 1555 ὲ
457 1522 575 1556 Sansto
597 1521 726 1564 Optato
750 1519 951 1555 Milevitano
985 1522 1175 1564 Episcopo,

283 1583 390 1614 neque
406 1571 423 1604 ὲ
435 1572 553 1605 Sansto
567 1569 771 1614 Augustino,
788 1582 894 1614 neque
906 1571 946 1604 ab
959 1570 1028 1604 ullo
1038 1572 1174 1613 antiquo

286 1632 476 1657 numeratur
502 1621 586 1654 inter
606 1619 786 1654 Pontifices
810 1620 983 1654 Romanos
1006 1645 1013 1652 .
1050 1621 1175 1663 Omnes

283 1671 420 1706 Liberio
444 1671 631 1704 constanter
657 1669 856 1703 substituunt
880 1670 1061 1703 Damasum
1085 1694 1091 1701 .
1118 1660 1175 1702 Et-

281 1722 350 1756 iam
374 1721 416 1754 de
443 1719 577 1754 Liberlo
606 1719 714 1754 scribit
742 1719 894 1753 laudatus
921 1719 1173 1762 Hieronymus:

285 1770 527 1805 Fortunata‘anus
543 1769 734 1812 Aquilejenfis
749 1768 914 1812 Episcopus
937 1775 970 1802 in
991 1768 1041 1802 boc
1053 1768 1176 1802 habetur

283 1821 463 1861 detestabilis
493 1845 503 1860 ,
531 1821 608 1862 quod
630 1820 783 1855 Liberium
806 1823 952 1853 Romanae
986 1819 1069 1854 urbis
1095 1823 1175 1861 Epi·

279 1870 399 1915 fiopum
434 1896 444 1911 ,
466 1878 524 1912 pro
545 1870 609 1912 fide
633 1871 676 1903 ad
694 1871 816 1903 exilium
840 1879 1034 1914 pergentem,
1057 1874 1176 1912 primus

281 1920 457 1965 sollicitavit
484 1932 520 1954 ac
538 1920 631 1964 fregit
661 1945 672 1961 ‚
704 1922 739 1954 <9¹
762 1922 807 1953 ad
817 1918 1061 1963 subscriptionem
1083 1918 1175 1953 baere-

280 1971 337 2013 fios
358 1972 495 2014 compulit
512 1996 519 2003 .
549 1970 722 2005 Liberium
746 1970 839 2005 fuisse
850 1970 1052 2004 Haereticum
1077 1978 1175 2001 nemo

287 2021 446 2056 Eruditus
458 2020 595 2055 credidit
607 2034 621 2061 ‚v
648 2021 727 2061 quin
746 2029 855 2052 tamen
879 2019 1010 2053 Arianae
1029 2019 1175 2050 cominu-

285 2071 400 2105 nionis
413 2070 572 2113 contagio
587 2069 617 2101 se
636 2067 807 2101 foedaverit
819 2090 830 2104 ‚
861 2068 963 2098 nemo'
979 2065 1074 2107 poffit
1085 2061 1176 2097 dubi-

286 2129 356 2154 tare
370 2144 378 2159 .,
405 2120 448 2152 Et
458 2118 500 2151 de
511 2115 685 2148 Anastafio
698 2113 841 2148 secundo
858 2113 973 2148 scribit
996 2113 1077 2148 liber
1087 2113 1173 2148 Pon-

284 2168 418 2204 tificalis
432 2178 439 2198 ε
472 2165 562 2198 Multi
578 2165 688 2197 Clerici
714 2165 747 2198 (5
759 2164 924 2204 Presbyteri
929 2162 992 2208 sed
1005 2169 1173 2197 communio·

288 2231 325 2254 ne
342 2214 480 2257 Anastasia·
506 2222 665 2250 erexerunt
679 2238 690 2254 ,
717 2216 749 2247 eo
771 2216 854 2257 quid
874 2214 1103 2257 communicaffet
1116 2214 1178 2256 fine

287 2267 398 2311 confilio
412 2264 623 2309 Episcoporum
636 2289 646 2304 ‚
672 2264 726 2297 vel
737 2264 972 2302 presbyterorum
984 2290 994 2305 ,
1021 2267 1073 2299 vel
1095 2267 1177 2297 Cleri

290 2319 403 2354 cunilae
416 2314 548 2357 Ecclefiae
573 2314 756 2354 Catholicae,
782 2314 1176 2358 DiaconoTbeffalonicenfi,

289 2375 406 2404 nomine
423 2366 569 2405 Photino‚
595 2370 647 2408 qui
657 2370 818 2398 communis
833 2374 900 2397 erat
913 2369 1031 2405 Acacio,
1059 2366 1173 2407 &quia

291 2420 399 2453 occulte
409 2417 503 2451 voluit
514 2426 654 2449 revocare
666 2419 808 2454 Acacium,
821 2416 855 2448 (a
863 2417 919 2448 non'
926 2420 1040 2457 potuit.
1067 2414 1172 2463 Qod

291 2468 440 2503 Gelafius
452 2465 644 2509 impoffibile
656 2465 763 2504 dixit,
787 2464 973 2499 Anastasius
985 2465 1175 2500 monstravit

294 2518 444 2563 possibile
457 2529 464 2549 :
479 2517 681 2550 Damnatum
693 2515 781 2549 enirn
794 2516 910 2549 Aeacii
924 2527 1044 2550 nomen
1058 2516 1175 2549 admit-

294 2579 361 2604 tere
372 2567 475 2601 voluit
487 2567 520 2600 in
535 2567 636 2600 sacras
647 2565 774 2599 rabulas
784 2591 794 2606 ‚
808 2566 841 2599 δε
857 2564 1024 2600 Dorothaei
1037 2564 1172 2600 Thessa-

295 2618 471 2653 lonicenfis
485 2617 634 2660 Episcopi
649 2640 658 2655 ‚
669 2614 815 2649 hominis
829 2616 924 2657 quam
939 2616 1081 2649 maxime
1095 2615 1177 2650 Aca-

296 2668 404 2708 ciani,
431 2667 622 2701 Diaconum
632 2665 816 2701 Photinum
830 2666 1090 2708 permisitsecum
1107 2677 1176 2710 pro-

645 139 685 181 S.
723 135 1036 181 Gucoonn
1075 151 1318 182 SEPTIMI
1355 139 1719 185 PONTIFICIS.

1227 217 1327 260 positis
1355 219 1444 252 malls
1470 243 1482 258 ,
1509 222 1591 263 ,ραι
1619 222 1722 254 dicunt
1741 221 1841 264 facite
1860 245 1871 261 ,
1908 236 1975 266 quae
1994 226 2119 267 faciunt

1224 268 1327 310 facere
1349 271 1456 302 nolite.
1484 270 1564 304 Hoc
1590 271 1695 314 ipsum
1718 283 1782 316 ego
1803 272 1880 307 dico
1905 276 1945 307 de
1961 275 2117 317 Liberio,

1231 319 1360 360 Felice,
1388 330 1484 363 atque
1506 320 1647 355 secundo
1673 321 1844 356 Anastasio
1866 347 1874 355 .
1902 323 2029 359 Eorum
2051 337 2117 367 per-

1233 370 1327 403 sonas
1344 381 1480 414 purgarc
1496 382 1565 405 non
1578 371 1623 404 cst
1634 372 1792 413 praesentis
1804 372 1870 407 loci
1883 398 1890 405 .
1918 374 2021 409 Aliud
2040 374 2124 419 dico,
2156 377 2293 415 Intellige

1233 417 1294 452 esse
1320 421 1492 455 Romanos
1512 414 1715 462 Pontifices,
1741 422 1831 457 aliud
1854 422 2044 459 Romanam
2058 425 2119 459 Ec*
2134 422 2303 493 ἓξῑὲῑῑῖἓῗ-

1234 530 1396 563 quaquam
1410 519 1474 554 illis
1485 545 1495 561 ,
1522 520 1576 555 sed
1589 520 1665 556 huic
1677 523 1735 556 soli
1749 521 1909 558 donatum
1922 525 1939 559 ὲ
1952 526 2119 566 Domino,
2139 499 2292 569 ἔχῖζῖἒέο·

1232 470 1361 503 clesiam
1388 482 1426 504 ac
1438 468 1505 512 ejus
1517 468 1746 514 Apostolicam
1765 471 1967 508 Cathedram
1979 498 1989 514 ‚
2015 476 2049 509 &
2067 485 2118 509 ne·

1233 581 1269 603 ut
1293 570 1388 605 nullo
1419 570 1571 605 scabiosae
1606 583 1662 606 aut
1688 573 1845 608 damnatae
1870 576 2119 610 communionis

1234 621 1393 664 contagio
1407 622 1525 664 poffint
1541 623 1696 657 maculari
1709 648 1716 656 .
1745 623 1788 657 Et
1803 623 1882 658 hinc
1894 626 1935 659 de
1947 625 2119 661 Anastafio

1234 669 1351 704 diserte
1363 670 1443 705 dicit
1456 671 1536 706 liber
1549 671 1755 707 Pontificalis
1771 698 1782 714 ,
1809 673 1896 715 quod
1918 674 1985 710 fine
2004 676 2118 711 Cardi-

1235 720 1357 755 nalium
1373 721 1610 765 Episcoporum
1637 723 1668 757 ὅ(
1681 724 1783 758 caeteri
1796 725 1842 758 sui
1858 726 1947 759 Cleri
1958 725 2093 759 consilio
2104 750 2116 766 ‚

1235 771 1267 804 id
1279 771 1323 805 est
1337 795 1348 811 ‚
1373 772 1438 806 fine
1450 772 1509 805 suae
1522 772 1825 808 Cathedraeaffensu
1837 773 2003 810 admiserit
2031 773 2118 810 Pho-

1234 821 1341 855 tinum
1355 846 1362 854 .
1392 821 1516 857 Eadem
1528 822 1573 857 cst
1586 825 1669 858 ratio
1683 821 1807 858 Liberii
1834 836 1871 859 ac
1895 826 2032 860 Felicis.
2060 827 2117 860 So-

1235 872 1265 905 la
1278 872 1312 905 in
1321 873 1398 915 ipsis
1411 873 1547 916 persona
1560 874 1687 917 propria
1700 897 1711 913 ,
1737 885 1938 919 nequaquam
1950 875 2116 911 Cathedra

1235 921 1389 966 deliquit.
1427 923 1544 967 Neque
1566 922 1662 965 hujus
1683 925 1792 958 delicti
1815 949 1826 966 ,
1853 924 1906 960 sed
1926 927 2116 960 intrusionis

1235 974 1327 1008 causa
1349 972 1441 1006 Felix
1465 972 1506 1007 ab
1527 975 1673 1019 antiquis
1687 973 1837 1010 Patribus
1850 987 1917 1011 non
1930 986 2115 1012 numeratur

1235 1023 1320 1056 inter
1330 1022 1508 1058 Pontifices
1518 1048 1525 1055 .

1285 1072 1371 1106 Rem
1396 1083 1532 1116 omnem
1555 1074 1725 1118 insigniter
1749 1086 1922 1119 exponunt
1943 1078 2117 1112 Faustinus

1235 1132 1272 1154 ac
1293 1121 1532 1161 Marcellinus,
1560 1120 1721 1157 Romanae
1742 1126 1888 1160 Ecclefiae
1908 1126 2116 1170 Presbyteri,

1235 1170 1268 1203 in
1284 1170 1472 1214 praefatione
1494 1181 1623 1214 precum
1637 1196 1647 1212 ,
1675 1184 1754 1216 quas
1774 1173 1991 1211 exhibuerunt
2002 1177 2118 1211 Theoe

1236 1220 1324 1254 dono
1346 1220 1536 1264 Imperatori
1562 1235 1574 1255 .·
1601 1223 1737 1256 Liberius
1755 1227 1907 1257 Romanus
1929 1224 2115 1268 Epifropus‚

1236 1273 1270 1304 Θ
1291 1269 1439 1313 Eusebius
1465 1272 1648 1314 Vercellenst‘s
1662 1296 1673 1312 ,
1698 1275 1732 1307 (η’
1756 1273 1876 1316 Lucifer
1897 1276 2116 1316 Calaritanus„

1234 1322 1267 1354 (θ’
1287 1322 1421 1354 Hilarius
1446 1322 1643 1363 Pic‘lavienfis
1662 1322 1704 1356 ab
1732 1322 1936 1366 Imperatore*
1955 1324 2117 1360 Constan-

1237 1372 1285 1404 tio
1306 1376 1467 1404 mittuntur
1493 1377 1526 1404 in
1552 1373 1675 1406 exilium
1690 1381 1747 1415 pro
1761 1373 1825 1415 fide
1838 1373 2011 1417 servanda.
2038 1379 2117 1409 Cum

1237 1420 1355 1454 Liberio
1383 1420 1529 1464 Damasus
1568 1425 1718 1456 Diaconus
1739 1425 1804 1465 ejus
1836 1423 1871 1467 se
1889 1424 2010 1467 fimulat
2029 1425 2119 1469 profi-

1235 1469 1300 1514 cisci
1328 1496 1335 1504 .
1376 1474 1462 1505 Unde
1490 1472 1615 1516 fugiens
1648 1474 1685 1507 de
1711 1479 1816 1508 itinere
1840 1475 1964 1508 Romam
1988 1477 2079 1508 rediit
2103 1499 2117 1516 ,

1235 1521 1394 1555 ambitione
1419 1531 1593 1564 corruptus.
1620 1524 1680 1556 sed
1702 1535 1733 1556 eo
1757 1526 1805 1557 dic
1818 1549 1829 1566 ‚
1854 1537 1908 1568 quo
1921 1525 2057 1559 Liberiut
2072 1526 2119 1558 ad

1234 1571 1356 1603 exilium
1363 1570 1596 1612 proficiscebatur
1606 1598 1616 1613 ,
1643 1575 1746 1607 clerus
1760 1581 1854 1608 omnis
1865 1600 1875 1615 ‚
1901 1577 1936 1608 id
1945 1574 1981 1615 est
1990 1600 2000 1615 ,
2029 1572 2115 1618 Pres-

1235 1620 1326 1657 byteri
1341 1644 1352 1660 ‚
1378 1623 1413 1655 (θ’
1434 1621 1659 1655 Archidiaconus
1686 1625 1776 1658 Felix
1790 1649 1811 1664 ‚¹
1827 1627 1861 1659 6·
1880 1623 1943 1668 ipse
1965 1624 2121 1666 Damalin·

1235 1672 1381 1703 Diaconus
1396 1695 1408 1711 ,
1434 1673 1467 1704 &¹
1487 1670 1592 1703 cuneta
1613 1671 1746 1711 Ecclefiae
1768 1675 1860 1712 officia
1877 1697 1887 1712 ,
1913 1684 2010 1706 omnes
2028 1678 2114 1714 pari-

1234 1728 1278 1751 ter
1289 1741 1299 1758 ,
1323 1718 1475 1759 pra-sente
1482 1720 1588 1758 populo
1599 1719 1731 1749 Romano
1744 1741 1754 1756 ‚
1774 1719 1833 1760 sub
1841 1722 2043 1760 jurejurando
2060 1722 2116 1762 fir·

1234 1764 1434 1809 maveruntse
1449 1771 1576 1800 vivente
1593 1765 1891 1810 Liberio'Pontificem
1901 1769 2029 1802 alterum
2050 1770 2116 1803 md-

1233 1820 1354 1851 latenus
1378 1816 1530 1850 babituros
1546 1840 1553 1848 .
1581 1817 1641 1848 Sed
1664 1818 1770 1850 Clerus
1807 1826 1909 1851 contra
1927 1818 1988 1860 fas
2000 1844 2011 1861 ,
2038 1821 2119 1862 quod

1233 1869 1355 1901 minimi
1365 1867 1501 1906 decebat,
1526 1877 1590 1899 cum
1605 1864 1718 1909 summo
1736 1868 1863 1909 periurii
1883 1868 2010 1911 scelere,
2034 1871 2116 1903 Feli·

1232 1929 1295 1950 cem
1322 1915 1566 1948 Archidiaconum
1592 1918 1762 1950 ordinatum
1800 1922 1833 1951 in
1870 1920 1959 1951 locum
1996 1919 2114 1953 Liberti

1229 1965 1412 2009 susceperunt
1431 1990 1438 1997 .
1477 1967 1568 2009 ,Quod
1584 1966 1704 2007 fadum
1730 1966 1866 2010 universi»
1881 1970 1989 2011 populo
2011 1968 2113 2012 displi-

1232 2019 1289 2047 cuit
1304 2037 1315 2053 ‚
1342 2015 1377 2046 6·
1391 2013 1426 2056 se
1446 2015 1485 2047 ab
1507 2018 1752 2056 ejus-procefflone
1768 2016 1926 2060 suspendit
1939 2044 1946 2050 .
1973 2018 2039 2058 1³0st
2058 2031 2114 2052 an·

1233 2075 1287 2096 nos
1313 2063 1386 2095 duos
1399 2069 1492 2096 ⁴venit
1511 2068 1638 2097 Romam
1655 2066 1846 2105 Constantius
1866 2091 1878 2107 ,
1913 2076 1969 2109 pro
1993 2068 2113 2102 Liberio

1235 2120 1353 2157 rogatur
1373 2114 1393 2146 ἃ
1410 2114 1539 2154 populo,
1565 2120 1615 2156 qui
1636 2125 1704 2147 mox
1725 2126 1861 2150 annuens
1880 2122 1926 2149 ait
1951 2130 1962 2150 .·
1988 2118 2113 2152 Habetis

1235 2163 1386 2197 Liberium
1397 2188 1407 2204 ,
1433 2169 1485 2206 qui
1507 2164 1607 2206 qualis
1618 2165 1638 2196 ἃ
1651 2163 1734 2199 vobis
1743 2165 1891 2208 profec‘lus
1903 2166 1940 2207 est
1951 2169 2048 2200 melior
2068 2179 2114 2202 re-

1233 2222 1366 2248 vertetur
1378 2238 1385 2246 .
1413 2216 1470 2246 Hoc
1488 2222 1588 2248 autem
1612 2216 1652 2248 de
1663 2214 1799 2259 consensis
1819 2219 1905 2258 ejus,
1932 2228 1988 2260 quo
2004 2229 2112 2251 manus

1231 2264 1364 2307 perfidiae
1398 2264 1525 2298 dederat
1549 2290 1560 2306 ‚
1586 2265 1739 2299 indicabat
1759 2289 1768 2299 .
1806 2269 1903 2299 Tertio
1938 2279 2017 2301 anno
2032 2270 2114 2302 redit

1234 2315 1372 2348 Liberius
1386 2339 1396 2355 ,
1416 2320 1461 2348 cui
1485 2314 1613 2362 obvians
1635 2327 1699 2348 cum
1706 2317 1817 2360 gaudio
1824 2318 1949 2359 populus
1959 2321 2111 2351 Romanus

1233 2369 1332 2400 emit
1353 2389 1364 2404 ,
1403 2365 1496 2398 Felix
1519 2374 1636 2399 notatus
1659 2368 1679 2398 ἃ
1701 2369 1808 2399 senatu
1843 2368 1896 2400 vel
1911 2369 2019 2410 populo
2035 2385 2047 2409 ,
2072 2369 2112 2401 de

1234 2411 1313 2451 urbe
1322 2415 1518 2457 propellitur,
1543 2417 1578 2449 Θ
1593 2414 1655 2457 post
1678 2424 1787 2458 parum
1809 2423 1951 2460 temporis
1972 2441 1983 2457 ,
2007 2419 2115 2460 impul-

1233 2464 1270 2509 su
1289 2466 1465 2498 elericorum
1495 2472 1547 2507 qui
1563 2468 1800 2508 perjuraverant
1817 2492 1828 2508 ,
1856 2473 1998 2510 irrumpit
2017 2474 2050 2502 in
2066 2478 2113 2501 ur-

1237 2515 1300 2548 bem
1312 2539 1322 2556 ,
1349 2516 1384 2550 67
1402 2514 1558 2555 stationem
1580 2522 1614 2549 in
1623 2518 1710 2559 'Julli
1728 2516 1856 2560 Basilica
1877 2527 1962 2551 trans
1981 2518 2115 2557 Tyberim

1236 2567 1307 2599 dare
1316 2563 1494 2608 praesumit.
1522 2569 1622 2610 ‚Quem
1643 2573 1736 2601 omnis
1758 2569 1915 2602 multitudo
1919 2568 2053 2610 fidelium
2077 2569 2113 2601 θ’

1237 2614 1431 2650 Ρνοσὲηιιᾰὲ
1448 2616 1519 2649 urbe
1540 2616 1644 2650 iterum
1670 2628 1734 2650 cum
1769 2627 1874 2660 magno
1895 2618 2029 2654 dedecore
2042 2625 2114 2658 pro-

1229 2668 1365 2708 Jecerunt
1391 2690 1398 2697 .
1435 2666 1500 2705 Post
1535 2677 1631 2699 annos
1647 2665 1708 2699 ὀἂο
1734 2690 1745 2706 ,
1771 2666 1977 2706 Valentiniano
2002 2667 2036 2699 Θ
2057 2670 2114 2699 Va-

296 2718 409 2754 cedere
421 2717 460 2751 ad
475 2718 596 2751 sacrum
610 2716 733 2751 Altaris
744 2716 990 2762 Ministerium,
1014 2726 1113 2761 atque
1131 2718 1177 2751 ita
1236 2717 1314 2751 lente
1333 2713 1530 2758 Consulibus,
1560 2717 1668 2751 decimo
1687 2716 1894 2750 Kalendarum
1912 2715 2113 2749 Decembrium

298 2768 367 2812 ejus
391 2768 547 2812 contagio
569 2769 600 2801 se
624 2767 816 2802 maculavit.

352 2817 536 2852 Donatistis
567 2841 578 2856 ‚

299 2868 475 2902 Romanos
497 2865 675 2900 Pontifices
694 2865 735 2901 de
761 2867 936 2901 traditione
963 2869 995 2901 &
1017 2853 1197 2902 thurifica-l

301 2919 395 2952 tione
431 2915 657 2951 accusantibus
683 2939 694 2954 ,
731 2916 870 2960 ideoque
905 2918 1095 2953 Romanam>
1119 2919 1178 2952 Ec-

301 2967 428 3002 clesiam
457 2967 597 3009 ipsorum
625 2966 814 3010 contagiosa
840 2969 1077 3002 communione
1113 2978 1182 3001 ma-

302 3018 444 3053 culatam
481 3026 579 3060 atque
617 3016 804 3050 exstindtam
842 3016 1071 3051 blaterantibus
1098 3041 1109 3057 ,
1146 3019 1180 3050 in

302 3065 419 3101 litteris
454 3065 495 3100 ad
532 3066 735 3100 Generosum
762 3067 927 3110 respondit
954 3069 1086 3101 Sanctus
1112 3065 1183 3100 Au-

300 3116 454 3163 gustinus
476 3127 484 3147 z
509 3117 548 3147 {n
573 3115 653 3147 illum
678 3118 809 3149 ordinem
834 3121 1033 3151 Romanorum
1060 3116 1182 3159 Episco-

299 3176 426 3210 porum,
455 3169 504 3208 qui
531 3166 644 3197 ducitur
671 3167 708 3198 ab
734 3165 794 3209 ipso
821 3170 910 3200 Petro
935 3166 1025 3210 usque
1050 3169 1092 3199 ad
1102 3171 1182 3200 Ana-

299 3216 418 3258 stastum
429 3240 439 3255 ‚
467 3220 520 3257 qui
531 3226 569 3248 nu
574 3225 609 3248 nc
620 3216 749 3249 candem,
757 3216 941 3250 Catbedram
949 3216 1035 3260 sedet
1046 3242 1056 3258 ,
1082 3224 1183 3251 etiam-

298 3265 327 3308 fi
348 3265 502 3308 quisquam
528 3267 659 3298 traditor
681 3273 736 3306 per
762 3266 814 3297 illa
838 3275 968 3309 tempora
994 3266 1184 3310 subrepfisset‚

306 3315 385 3351 nihil
404 3315 625 3357 praejudicarer
646 3313 779 3356 Ecclefiae
811 3318 845 3349 <5
872 3317 1074 3350 innocentibus
1099 3316 1185 3349 Chri-

295 3366 409 3408 stianis
423 3389 434 3407 ,
461 3363 568 3408 quibus
596 3368 742 3400 Dominus
763 3368 931 3409 providens
967 3373 1012 3401 ait
1037 3369 1074 3401 de
1102 3370 1186 3402 Prae-

1238 2768 1286 2800 die
1307 2791 1318 2807 ,
1344 2765 1502 2807 defunllus
1525 2766 1563 2806 est
1585 2768 1674 2800 Felix
1693 2792 1700 2799 .
1718 2766 1862 2800 Liberius
1885 2764 2112 2808 misericordiam

615 2816 845 2851 Marcellinum
879 2830 917 2852 ac
954 2816 1177 2852 Melchiadem
1233 2817 1310 2860 fecit
1328 2821 1361 2849 in
1385 2816 1511 2849 clericos
1522 2822 1571 2859 qui
1591 2820 1846 2858 perjuraverant,
1873 2815 1974 2859 eosque
1985 2821 2018 2849 in
2040 2817 2112 2849 locis

1235 2872 1367 2909 propriis
1382 2864 1509 2908 suscepit
1531 2892 1537 2898 .
1575 2867 1659 2901 Scio·
1677 2875 1872 2900 memoratos
1903 2866 2112 2909 Presbyteros

1239 2918 1331 2951 fuine
1342 2915 1570 2951 schismaticos
1581 2940 1591 2957 ,
1616 2917 1649 2951 ὃ(
1660 2916 1746 2960 plura
1760 2916 1886 2949 mentiri
1901 2917 1918 2948 .?
1936 2916 2044 2950 verum
2055 2917 2112 2949 Fe-

1242 2968 1313 3002 licis
1338 2967 1370 3000 &
1382 2966 1571 3009 ejectionem
1596 2967 1629 3000 &
1642 2977 1779 3000 mortem
1801 2966 1910 3000 omnis
1921 2966 2030 2999 Roma
2047 2965 2112 2999 suis

1242 3016 1347 3052 oculis
1367 3017 1506 3050 viderat.
1534 3016 1683 3059 Sepultus
1704 3017 1767 3050 fuit
1793 3016 1886 3050 Felix
1907 3016 1942 3049 in
1964 3013 2113 3050 'Ecclesia

1242 3069 1432 3103 Sanctorum
1455 3067 1585 3101 Cosmae
1599 3066 1632 3099 &
1652 3066 1827 3105 Damiani,
1857 3077 1894 3099 ac
1916 3065 1982 3108 ejus
2003 3067 2113 3100 Sar-co*-

1243 3117 1373 3162 phagus.
1389 3116 1447 3150 sub
1470 3117 1542 3160 lapsi
1561 3116 1665 3149 saeculi
1679 3117 1777 3149 finem
1799 3116 1862 3149 fuit
1883 3126 2026 3159 repertus
2037 3125 2114 3149 cum

1243 3167 1303 3202 hac
1316 3165 1521 3212 Epigraphe:
1549 3169 1600 3198 Hic
1607 3168 1689 3207 jacet
1701 3165 1914 3207 corpus-saniir
1926 3168 2037 3199 Felicis
2056 3168 2116 3198 Pa»
2131 3157 2189 3199 JUL
2202 3169 2249 3195 29·

1239 3227 1290 3260 pae
1329 3218 1362 3251 ὀ·
1400 3219 1537 3255 Marmis
1571 3239 1581 3254 ,
1619 3222 1670 3258 qui
1710 3215 1911 3255 Constantium
1937 3220 2116 3250 Haereticum

1243 3269 1402 3301 damnavit
1423 3291 1429 3298 .
1458 3266 1500 3300 Et
1521 3266 1679 3299 consonat
1704 3265 1894 3299 Romanum
1917 3265 2117 3306 Martyrolo-

1243 3318 1336 3362 gium
1359 3331 1369 3350 :
1396 3320 1494 3348 Romae
1519 3321 1572 3348 via
1593 3316 1728 3355 Aurelia,
1756 3314 1857 3348 Sam‘li
1869 3315 1975 3347 Felicis
1994 3313 2117 3357 secundi

1248 3371 1343 3410 Papae
1369 3369 1403 3402 &
1425 3369 1563 3406 Martyris
1584 3389 1595 3406 ,
1620 3371 1673 3409 qui
1696 3367 1716 3398 a
1753 3364 1920 3406 Constantio
1942 3369 2119 3404 Imperatore

1965 3418 2073 3448 Ariana
