2366 3756
926 133 1413 177 chrnrus.

1933 152 2053 207 313,

260 229 361 266 quitur·
384 246 395 263 ,
431 228 485 265 qut
504 227 635 256 Romam
659 232 699 255 ex
721 220 823 261 Africa
840 217 984 259 petebant
1012 239 1023 256 ,
1061 217 1155 248 statu·
1197 216 1412 258 lRomanum
1425 216 1737 252 Primatumlaedant
1749 227 1845 262 atque
1854 217 2015 259 evadant,
2042 210 2097 254 ad-

257 271 385 306 tumboc
405 272 511 316 adfert
537 277 652 307 veteris
666 268 802 309 Ecclesiae
828 278 945 309 aequum
972 269 1006 300 Θ
1029 265 1156 308 justum>
1198 268 1200 298 ἱ
1218 269 1326 300 serunt
1349 268 1550 301 Sardicenses
1573 269 1726 302 Canones
1742 270 1864 302 sancire
1885 270 1927 302 de
1939 270 2095 304 Romano

259 329 292 356 ut
314 327 413 365 inquit
434 322 516 366 ipse.-
546 319 817 363 Uniuseujusque
840 318 935 352 causa
956 316 1026 349 illic
1038 315 1147 349 audia-

259 381 337 413 tur,
364 373 422 408 ubi
446 373 492 407 est
516 373 640 413 crimen
665 368 859 404 admissum.
887 368 958 409 ‚Quo
984 368 1101 398 statuto
1111 371 1155 398 ita

259 425 478 464 appellationes
493 434 591 457 omnes
603 447 614 464 ,
641 422 675 454 ό·
688 422 814 459 Romam
839 418 874 451 (5
896 418 955 449 alic)
979 425 1068 449 extra
1081 418 1154 448 Pro⁴

259 473 369 507 vinciae
388 474 467 516 fines
495 498 506 512 ‚
528 471 726 516 probibentur
747 471 818 515 ,lut
840 467 966 500 multam
992 464 1154 509 subtilitati

261 528 376 568 ingenii
392 522 533 565 confidere
557 524 623 556 illos
648 527 780 562 oporteat
801 542 812 558 ,
839 522 888 560 qui
914 517 1064 549 adversus
1092 525 1155 548 tam

264 573 452 615 manifestam
465 579 627 608 veritatem
637 570 771 612 congredi
781 578 839 605 non
856 575 999 600 verentur
1014 591 1021 599 .
1050 563 1154 599 Adfir-

266 635 334 659 mat
346 623 451 658 solum
463 623 583 669 viginti
593 623 653 656 effe
667 620 821 655 Nimos
835 616 992 651 canones
1005 640 1016 671 .’
1042 616 1075 649 &
1094 626 1154 650 nec

266 672 403 708 verbum
425 674 496 708 istic
522 671 657 716 reperiri>
677 669 718 704 de
729 668 990 712 appellationum
1002 677 1092 709 jure,
1121 666 1154 699 &

266 723 365 758 statui
377 724 410 757 in
421 725 518 758 tertio
530 723 691 757 Canone:
722 718 888 753 Auuoritas
913 717 948 751 ά·
971 715 1154 758 confirmatio

267 780 397 809 omnium
411 799 423 814 ,
447 786 514 817 quae
540 780 572 806 in
593 781 708 814 quaque
730 771 892 802 Provincia
913 775 1061 811 geruntur
1076 790 1086 805 ,
1115 767 1158 797 ad

267 826 530 866 Metropolitanum
536 822 674 867 [pedat.
705 819 749 854 Et
774 826 1042 852 commentatur.-
1072 816 1155 847 Unde

266 876 458 918 intelligimus
480 867 957 912 Patriarcbaliumsedt'umjura,
984 867 1022 899 de
1047 864 1154 907 quibus

268 932 335 958 tam
355 925 450 958 multa
470 923 656 965 posteriorum
678 929 801 955 aetatum
815 918 918 958 synodi
922 915 1125 959 sanciverunt
1145 938 1156 953 ,

269 976 402 1008 nondum
431 973 519 1017 fuisse
548 972 628 1016 satir
649 977 763 1015 cognita
790 993 801 1008 ,
837 966 890 1007 etsi
910 970 1015 998 Canon
1045 962 1154 1006 sextus

268 1026 436 1061 eorumdem
474 1026 602 1055 Parrum
635 1022 705 1055 illas
738 1017 821 1060 sedes
834 1018 906 1054 jam
942 1013 1012 1056 usu<
1027 1014 1155 1054 quodam

271 1074 469 1117 comprobatas
486 1070 607 1114 firmet.
630 1071 738 1103 Secuta
760 1065 796 1106 est
819 1076 876 1098 non
898 1065 990 1098 multo
1010 1062 1074 1105 post
1098 1067 1153 1095 An-

271 1126 404 1160 tiochena
425 1123 555 1162 synodus
570 1146 581 1162 ,
606 1121 690 1161 cnjus
716 1121 822 1151 Canon
844 1124 970 1156 quartus
989 1115 1074 1145 docet
1108 1113 1155 1145 de-

266 1175 369 1218 pofitis
393 1171 549 1216 Episcopis
572 1176 688 1204 unicam
708 1164 850 1209 superesse
867 1161 954 1206 spem
972 1162 1156 1203 restitutionis

269 1232 303 1258 in
321 1226 383 1258 alia
405 1224 514 1262 synodo
535 1246 542 1253 .
603 1218 696 1251 Porro,
715 1214 791 1248 hanc
812 1214 954 1253 synodum
966 1213 1079 1254 jubent
1099 1217 1158 1254 cogi

266 1273 420 1318 sequentes
447 1277 584 1304 canones
606 1269 623 1301 ὲ
641 1265 713 1309 solis
726 1262 1051 1307 comprovincialibus,
1078 1263 1158 1295 auti

272 1330 374 1357 vicina
397 1325 558 1357 Provincia
572 1344 579 1351 .
1063 1358 1065 1361 .

322 1373 392 1406 Hic
419 1370 592 1409 Tenebrio
617 1367 719 1412 coepit
745 1366 780 1400 in
803 1365 914 1400 Gallia
937 1362 1080 1399 omnino
1099 1362 1160 1407 pri-

271 1435 342 1458 mus
368 1423 538 1458 Romanas
575 1417 812 1462 appellationes
836 1416 991 1450 arietare.
1017 1414 1062 1448 Et
1081 1412 1159 1447 libet

271 1475 384 1507 audire
396 1473 464 1516 ejus
487 1468 638 1515 putidum
662 1468 784 1512 dogma
799 1493 806 1499 .
833 1466 916 1500 Haec
928 1465 974 1499 est
994 1463 1162 1498 fndamen-

271 1523 347 1560 talis
370 1522 533 1557 adsertio:
563 1524 588 1558 A
595 1523 755 1562 sententiis
779 1516 966 1556 synodalibus
988 1513 1161 1558 appellaba-

273 1581 324 1610 tur
346 1575 406 1606 illis
429 1570 610 1614 temporibus
631 1570 677 1606 ad
694 1569 837 1607 majorem
858 1566 1000 1606 fynodum
1011 1586 1023 1603 ,
1048 1563 1102 1596 vel
1119 1563 1165 1594 ad

271 1626 465 1664 Principem.
494 1623 609 1656 Docet,
630 1619 847 1655 &Roman-as
873 1617 926 1648 seu
940 1612 1099 1667 Papales,
1125 1610 1160 1645 ἀ

270 1671 505 1706 Patriarchales
529 1667 764 1710 appellationes
780 1665 863 1697 olim
889 1662 982 1696 fuisse
1003 1670 1137 1707 ignotas
1151 1673 1162 1693 .-

271 1720 442 1764 Appellati
464 1730 533 1752 non
558 1715 697 1760 potuiffe
712 1739 724 1755 ,
751 1713 807 1747 nis:
832 1711 872 1746 ad
900 1712 1084 1746 Provinciae
1107 1711 1161 1752 Sy-

270 1771 400 1805 nodum
424 1793 435 1809 ,
458 1768 603 1801 vicinam
623 1764 834 1798 Provinciam
852 1786 864 1802 ‚
905 1761 957 1796 vel
980 1761 1022 1796 ad
1046 1761 1162 1807 Augu-

270 1821 358 1853 stum
386 1818 570 1859 Principem
602 1838 611 1845 .
647 1813 754 1849 Addit
791 1810 952 1858 quosdam
987 1812 1161 1847 damnatos

272 1871 454 1914 Episcopos
491 1877 546 1901 aut
574 1866 722 1905 Clericos
749 1862 947 1908 quandoque
980 1863 1095 1907 giraffe
1121 1861 1160 1896 ad

271 1930 414 1954 remotas
427 1917 638 1958 Provincias,
667 1925 764 1959 atque
784 1915 828 1949 ita
850 1913 950 1948 etiam
978 1912 1017 1948 ad
1032 1913 1156 1948 Roma·

275 1981 353 2005 nam
370 1968 546 2005 Ecclesiam
563 1980 569 1999 :
597 1966 645 2000 At
659 1976 714 2009 per
729 1965 865 1999 abusum
878 1989 885 1996 .
911 1963 1034 1998 Probat
1052 1974 1095 1997 ex·
1117 1964 1162 1997 fa·

271 2012 364 2055 mosa
376 2019 481 2053 Sansti
497 2016 662 2060 Cypriani
672 2015 712 2049 ad
723 2016 879 2049 Sanctum
889 2014 1086 2048 Cornelium
1102 2013 1162 2046 Pa-

271 2081 350 2115 pam
362 2067 514 2103 adversus
527 2065 719 2102 Felicissimi
730 2065 878 2100 Diaconi
889 2064 1068 2098 factionem
1087 2062 1162 2103 Epi-

273 2119 379 2158 stola,
403 2131 444 2153 ex
458 2118 600 2152 Nicaenis
611 2115 830 2152 Canonibus,
857 2115 890 2146 &
915 2123 956 2144 ex
980 2108 1161 2144 Antioche-

274 2172 346 2204 nis.
379 2170 511 2209 Insuper
532 2166 629 2199 docet
642 2165 685 2197 ita
711 2162 803 2196 suissi:
825 2162 926 2203 usque
942 2160 983 2194 ad
995 2159 1160 2194 sardicen-

276 2221 342 2252 sem
356 2216 526 2259 Synodum
538 2239 550 2255 ,
575 2213 666 2248 addit
675 2212 778 2255 ipsam
789 2221 858 2245 non
869 2210 963 2245 fuisse
976 2210 1160 2244 OEcumeni-

278 2278 372 2308 cam,
401 2265 595 2300 hocssnotum
607 2263 670 2298 effe
679 2262 780 2297 etiam
803 2262 931 2304 pueris,
957 2260 1100 2294 indutias
1119 2259 1160 2293 ab

276 2318 345 2362 ipsa
359 2318 524 2350 Romanas
534 2313 769 2357 appellationes
782 2311 873 2345 fuisse
889 2311 938 2354 jus
948 2321 1074 2345 novum
1090 2334 1101 2350 ‚
1125 2310 1159 2343 &

275 2365 393 2413 probat
414 2377 453 2400 ex
465 2365 561 2400 Hofii
590 2362 732 2397 Praefidis
748 2360 788 2396 ad
803 2360 957 2406 Collegas
979 2361 1160 2404 Episcopos

278 2417 466 2464 praesatione
490 2427 498 2447 z
536 2413 638 2448 Sana:
662 2416 745 2446 Petri
765 2416 935 2445 memoriam
962 2410 1133 2445 honoremus
1149 2435 1156 2442 .

278 2466 323 2502 Et
336 2466 532 2511 prosequitur
547 2476 555 2496 ε
580 2466 598 2497 5
601 2469 611 2495 i
621 2465 691 2504 jure
704 2465 818 2496 Divino
830 2486 840 2501 ‚
865 2470 898 2494 ut
910 2460 995 2493 hodio
1012 2461 1158 2494 declama-

278 2526 329 2551 tur-
341 2543 349 2559 ,
377 2517 586 2559 appellationes
597 2512 825 2555 omnesfuiffent
848 2512 892 2544 ad
909 2511 1012 2544 sedem
1026 2509 1158 2552 Apostoli-

279 2580 345 2601 cam
356 2568 462 2600 relatae
473 2591 483 2608 ‚
508 2574 562 2598 aut
573 2562 746 2597 canonibus
758 2566 898 2595 Nicaenis
910 2560 961 2594 boc
980 2567 1006 2593 ei
1025 2562 1081 2602 jus
1092 2561 1157 2603 esset

279 2616 458 2650 attributum
471 2640 481 2655 ‚
507 2616 581 2657 quid
590 2621 661 2654 opus
686 2611 968 2658 erathocCanone‚
994 2611 1029 2645 ὀ·
1049 2611 1158 2652 aliquot

276 2665 486 2710 sequentibus?
514 2669 571 2697 Aut
596 2667 664 2705 quis
687 2674 745 2695 non
771 2662 917 2706 intelligat
935 2671 997 2695 rem
1012 2661 1157 2693 introduci

282 2716 321 2748 ab
332 2715 412 2756 Hosio
423 2738 433 2754 ‚
457 2716 493 2748 de
506 2726 571 2757 qua⁴
591 2712 669 2745 nibil
676 2714 720 2745 ad
739 2723 805 2746 eum
818 2713 895 2744 diem
905 2711 970 2754 esset
976 2709 1126 2752 sancitum
1144 2711 1156 2743 ?

282 2769 371 2799 Nam
387 2764 449 2801 boc
470 2764 678 2805 evidentffme
692 2760 888 2806 significatum
912 2759 1013 2802 Hostus
1038 2762 1149 2799 volun,

282 2810 347 2850 cum
358 2815 463 2848 diceret
475 2828 483 2847 z
509 2817 540 2847 st
547 2815 644 2855 placet
655 2811 737 2847 vobis
755 2835 765 2851 ,
774 2811 877 2844 Sanffl
890 2813 975 2844 Petri
985 2816 1156 2844 memoriam

283 2865 454 2899 honoremus
479 2889 485 2895 .
513 2862 557 2897 Et
587 2863 689 2906 pergit
712 2876 722 2896 ,·
749 2864 890 2895 Zonaras
914 2885 926 2901 ‚
950 2862 1058 2903 aliique
1070 2862 1152 2902 juris

282 2920 426 2949 Canonici
437 2917 617 2954 Interpretcs
636 2915 800 2946 Graecorum
815 2936 825 2951 ,
851 2916 962 2954 quoties
979 2911 1015 2945 de
1026 2913 1156 2953 appella-

281 2972 393 2999 tionum
397 2966 467 3006 jure
479 2961 633 3006 disputant
646 2984 659 3001 ι
668 2960 853 3005 sardicenses
865 2965 1001 2994 Canones
1015 2968 1156 3003 interpre-

284 3023 407 3053 tantur,
434 3016 470 3047 de
479 3016 620 3045 Romanis
649 3012 786 3045 &ecum
802 3017 915 3054 pravis
941 3015 1155 3054 interpretatio

283 3065 369 3098 nibus
385 3064 552 3107 gravissime
573 3070 787 3103 conqueruntur
805 3086 812 3094 .
849 3062 960 3096 Eidem
997 3059 1161 3102 Sat-dicensi

283 3115 410 3147 Concilio
431 3114 486 3145 duo
496 3112 682 3145 OEcumenica
699 3118 847 3152 opponunt
859 3136 870 3152 ,
896 3110 1158 3154 Constantinopoli-

281 3175 391 3198 tanum
417 3158 693 3202 &chalcedonense
707 3184 717 3200 ,
742 3160 845 3203 quibus
863 3163 966 3196 eadem
981 3163 1059 3201 jura
1070 3172 1158 3195 novae

282 3219 384 3248 Romae
408 3210 562 3254 Episcopis
582 3210 772 3251 tribuuntur,
799 3221 834 3244 ac
861 3217 994 3245 veteris.
1038 3215 1158 3244 Canone

283 3273 380 3299 autem
401 3274 473 3295 nono
489 3261 575 3301 hujus
610 3260 823 3302 appellationes
849 3273 946 3296 omnes
968 3262 1012 3294 ad
1035 3265 1159 3305 Regiam

282 3314 384 3349 urbem
409 3311 688 3352 Constantinopolim
712 3312 887 3351 rejiciuntur
910 3325 920 3345 .·
947 3312 1038 3355 ,Quod
1061 3316 1160 3353 utIque

284 3358 508 3407 intelligeniium
530 3361 566 3404 est
586 3362 623 3393 de
645 3363 814 3395 Provinciis
836 3363 1000 3396 orientalis
1014 3366 1158 3404 Imperii.

1196 304 1201 378 l

1217 317 1389 350 dumtaxat
1402 317 1646 352 patriarchatu.-
1675 318 1743 353 Uti
1756 330 1796 352 ex
1828 328 1900 352 toto
1910 319 2095 353 Occidente

1218 368 1256 400 ad
1272 367 1464 400 Romanum
1488 369 1711 411 Episcopum,
1741 369 1786 402 ita
1800 380 1851 401 -ex
1873 370 2095 404 roto-Oriente

1220 417 1336 451 volunt
1361 417 1641 460 appellandum-ad
1655 418 1848 452 Antistitem
1860 418 2097 453 Constantino-

1218 468 1410 509 politanum.
1440 467 1488 500 Ita
1502 478 1672 509 utramque
1684 469 1829 502 Romam
1842 468 1977 503 credunt
1989 469 2099 511 effeiq

1217 516 1370 551 omnibus
1380 518 1525 560 aequales.
1553 518 1696 551 Firmare
1709 517 1772 550 haec
1783 520 1933 554 nituntur
1945 531 1985 554 ex
1998 516 2096 553 tertio

1218 566 1592 609 Constantinopolitano
1604 592 1614 607 ‚
1642 568 1785 610 itemque
1797 579 1837 600 ex
1849 580 1940 602 nono
1966 570 1999 603 &
2011 568 2098 612 vige·

1218 616 1298 649 fimo
1310 619 1425 650 octavo
1437 617 1576 651 Canone
1589 616 1848 652 Chalcedonenfi
1860 642 1867 650 .
1895 619 1939 652 Et
1951 616 2017 653 haec

1219 666 1271 699 nia
1287 666 1400 708 probat
1414 666 1472 699 iste
1483 667 1670 701 Tenebrio.
1886 684 1889 686 ·
1958 694 1964 703 .
2064 679 2095 709 η

1269 716 1379 749 Etiam
1392 713 1458 749 haec
1472 716 1546 749 sunt
1557 718 1625 759 ejus
1639 718 1747 752 verba:
1778 721 1932 753 Sciendum
1955 725 2095 762 antiquos

1220 769 1326 798 Patres
1347 767 1569 808 itanattendrffe
1590 767 1797 810 gubernationi
1819 771 2026 812 commiffarum
2043 768 2097 810 fibi

1213 818 1406 857 peculiariter
1427 822 1527 849 ovium
1548 839 1558 855 ‚
1586 827 1619 849 ut
1643 828 1743 850 curam
1760 824 1857 861 gregis
1879 819 2010 860 universi
2027 819 2100 851 alie-

1218 877 1288 898 nam
1300 868 1319 899 ἃ
1331 865 1365 909 se
1383 877 1446 900 non
1464 868 1623 900 ducerent.
1650 867 1886 902 Demonstrare
1907 868 2099 916 id‘moljtur

1218 916 1330 950 multis
1351 917 1509 959 exemplis
1534 926 1632 961 atque
1654 917 1850 951 testimoniis
1870 943 1880 959 ‚
1906 918 1939 951 &
1967 917 2100 953 conem-

1218 966 1268 999 dit
1295 980 1305 1000 ,ν
1340 966 1525 1006 Ostendimus
1561 966 1863 1010 veteresAEpiscopos
1897 974 1976 1001 tanti
2002 967 2100 1010 feciffo

1218 1021 1362 1048 unitatem
1399 1016 1533 1058 Ecclefiae
1559 1041 1570 1057 ,
1608 1026 1640 1051 ut
1658 1016 1766 1061 singuli
1779 1030 1886 1052 eorum
1921 1016 2100 1060 universalis

1220 1062 1350 1104 Ecclesiae
1376 1077 1475 1098 curam
1500 1075 1644 1108 putarent
1663 1073 1814 1110 pertinere
1855 1070 1901 1102 ad
1928 1067 1962 1110 se
1987 1073 2101 1101 ratione

1219 1115 1352 1156 quadam
1381 1138 1391 1153 ,
1416 1126 1454 1146 ex
1475 1127 1530 1156 quo
1545 1117 1640 1157 fiebat
1662 1143 1673 1158 ,
1699 1127 1732 1151 ut
1752 1124 1837 1152 unius
1855 1121 1974 1160 *injuria
2000 1128 2099 1150 omnes

1219 1165 1411 1198 adverteret.
1442 1164 1494 1196 Ex
1517 1162 1581 1198 hoc
1605 1166 1769 1208 principio
1786 1170 1903 1201 infert:
1932 1169 2008 1201 Adia
2031 1176 2103 1200 tunc

1220 1220 1359 1255 temporis
1389 1213 1599 1254 pulcherrim
1609 1215 1725 1247 cuidam
1753 1216 1946 1256 Aristocratiae
1969 1221 2103 1258 proprior

1220 1273 1286 1296 erat
1307 1262 1524 1301 administratio
1546 1265 1676 1305 Ecclefiae
1702 1267 1790 1307 quam
1813 1267 1857 1299 illi
1876 1291 1886 1306 ,
1911 1278 1978 1309 quae
2006 1265 2104 1312 posteri

1222 1312 1326 1347 invehi
1345 1318 1432 1355 coepit
1444 1338 1455 1354 ,
1481 1312 1622 1356 absolmae
1650 1316 1684 1348 (9·
1699 1316 1801 1348 crudae
1811 1315 1993 1349 Monarobiae
2005 1341 2012 1350 .
2041 1310 2106 1350 Eu-

1224 1363 1354 1397 sebiana
1374 1363 1472 1397 factio
1496 1364 1580 1397 solos
1594 1375 1654 1398 tres
1666 1364 1888 1406 patriarchas,
1917 1365 1971 1401 hic
1994 1376 2106 1401 autem

1223 1413 1396 1448 Tenebrio
1407 1420 1522 1450 omnes
1547 1414 1581 1447 ὃ(
1594 1415 1738 1459 fingulos
1758 1415 1936 1459 Episcopos
1950 1441 1962 1457 ‚
1987 1417 2108 1460 praescr*

1223 1464 1282 1498 tim
1295 1463 1546 1507 Metropolitas,
1574 1465 1643 1497 vult
1655 1465 1717 1499 efle
1729 1466 1872 1500 invicem
1886 1467 2023 1510 aequales
2035 1466 2109 1501 Ari·

1223 1514 1414 1547 stocratores
1433 1536 1444 1552 ,
1469 1522 1565 1555 atque
1576 1524 1618 1545 ex
1635 1513 1706 1555 ipfis
1726 1515 1864 1549 conflari
1891 1516 2109 1550 monstrosam

1222 1560 1497 1604 &multicipitem
1517 1561 1769 1596 Hier-archiam.
1798 1564 1955 1598 Romano
1978 1566 2111 1609 Episco-

1224 1622 1267 1655 po
1279 1608 1335 1645 dat
1361 1610 1502 1654 primum
1515 1610 1627 1646 locum
1640 1638 1649 1653 ,
1677 1612 1806 1658 istoque
1827 1626 1868 1649 ex
1889 1616 1983 1649 fonte
2003 1617 2111 1650 censet

1226 1670 1360 1702 natum,
1385 1671 1423 1695 ut
1440 1661 1594 1696 Marcion
1613 1662 1774 1697 Ponticus
1801 1688 1812 1704 ‚
1838 1664 2051 1700 Feliciffimus
2077 1666 2111 1699 δε

1224 1713 1422 1746 Fortunatus
1444 1710 1715 1757 Carthaginenses
1736 1738 1748 1754 ‚
1774 1712 1923 1749 Privatus
1950 1715 2112 1751 Lambefi-

1224 1770 1320 1799 tanus
1335 1786 1346 1803 ,
1370 1762 1503 1797 sandius
1516 1761 1710 1798 Athanasius
1731 1763 1998 1808 Alexandrinus,
2031 1768 2111 1803 San-

1224 1815 1292 1848 &us
1304 1814 1425 1849 Paulus
1434 1840 1445 1857 ‚
1473 1814 1607 1849 Sanctus
1618 1815 1758 1860 Joannes
1769 1813 2026 1861 Chrysostomus
2037 1842 2048 1858 ‚
2074 1819 2111 1853 δε

1222 1864 1355 1899 sanans
1366 1865 1568 1906 Flavianus,
1593 1863 1973 1912 Constantinopolitanae
1998 1869 2112 1904 Eccle·

1223 1915 1272 1948 fiae
1297 1913 1496 1957 Ammites,
1523 1928 1561 1951 ac
1582 1917 1640 1951 alii·
1666 1918 1772 1962 plures
1793 1930 1848 1962 per
1863 1920 1934 1954 fuas
1954 1919 2111 1963 synodos

1223 1963 1370 1998 damnati
1385 1965 1586 2009 Episcopi&
1598 1967 1720 2002 Clerici
1732 1978 1938 2003 accurrerunt
1953 1969 2110 2011 Romam,

1222 2026 1260 2048 ac
1270 2013 1312 2048 ab
1321 2014 1390 2057 ejus
1402 2014 1491 2060 Papa
1502 2025 1598 2060 opem
1610 2019 1826 2060 poposcerunt
1842 2044 1850 2052 .
1878 2019 1922 2052 Et
1932 2020 2082 2063 adjungit
2097 2033 2111 2053 .-

1222 2065 1288 2104 ,ραι
1313 2062 1479 2104 hujusmodi
1497 2068 1636 2106 exempla
1659 2068 1763 2101 volunt
1800 2068 1851 2111 iffi
1873 2069 2111 2111 appellatbmm

1221 2112 1266 2143 ad
1284 2113 1450 2144 Romanum
1476 2115 1595 2154 Papam
1619 2113 1780 2153 testimonie
1805 2138 1817 2155 ,
1856 2117 1885 2156 fi
1900 2130 1969 2160 quae
1987 2120 2026 2153 de
2046 2124 2115 2158 uni-2

1221 2159 1350 2203 verfhlis
1378 2159 1515 2202 Ecclefiae
1536 2172 1609 2195 cura
1629 2164 1765 2196 diximus
1789 2189 1800 2205 ,
1836 2172 1965 2198 omnium
1990 2168 2112 2212 Episco-

1216 2219 1324 2253 porum
1355 2212 1425 2244 oiim
1446 2218 1590 2245 communi
1612 2236 1623 2252 ‚
1658 2214 1847 2248 attenderint
1868 2240 1879 2256 ,
1915 2217 1950 2250 Θ·
1973 2218 2047 2251 dare
2070 2222 2110 2252 lo-

1220 2272 1286 2294 cum
1317 2266 1446 2293 veritati
1465 2267 1640 2295 curaverint
1662 2287 1674 2303 ,
1714 2263 1800 2297 aliter
1819 2263 1951 2308 J'entiont
1974 2291 1981 2299 .
2019 2271 2109 2302 Nam

1220 2309 1274 2351 etfi
1294 2313 1507 2354 Praerogativa
1530 2313 1662 2354 quadam
1687 2312 1803 2347 honoris
1833 2316 1981 2351 eminebat
2000 2307 2108 2351 Roina-

1221 2371 1262 2392 na
1288 2362 1378 2393 sedes
1400 2383 1411 2399 ,
1449 2369 1541 2404 atque
1562 2363 1635 2396 adeo
1650 2368 1762 2407 gratia·
1780 2366 1815 2398 o·
1838 2364 2012 2401 auctoritate
2032 2369 2107 2410 plus

1221 2411 1378 2452 aliquanto
1397 2417 1538 2452 poterat,
1564 2414 1655 2454 quam
1674 2422 1847 2448 caeterarum
1865 2414 2011 2459 fingulae‚
2037 2430 2105 2461 quae

1220 2461 1272 2494 vel
1290 2461 1454 2503 plurimum
1473 2460 1618 2496 valebant
1640 2486 1652 2503 ‚
1686 2463 1717 2504 fi
1731 2473 1832 2498 tamen
1851 2468 1908 2506 jus
1928 2466 2077 2509 [pelletur
2091 2494 2102 2511 ‚

1221 2521 1278 2544 non
1321 2516 1418 2555 magis
1450 2514 1576 2545 Romam
1603 2518 1716 2555 primis
1753 2516 1929 2558 temporibus
1956 2519 2103 2560 appellari

1216 2559 1335 2603 solitum
1349 2585 1361 2599 ,
1386 2572 1476 2603 quam
1500 2563 1553 2596 vel
1572 2564 1807 2606 Alexandriam,
1835 2567 1886 2599 vel
1898 2567 2103 2609 Antiochiam,

1221 2612 1272 2643 vel
1292 2609 1507 2654 Carthaginem
1524 2637 1534 2653 ‚
1565 2614 1618 2646 vel
1638 2613 1861 2655 Mediolanum,
1893 2618 1946 2650 vel
1962 2619 2039 2651 alio.
2068 2620 2100 2652 A

1219 2659 1340 2694 cunffls
1363 2660 1444 2695 olim
1477 2662 1623 2697 Romam
1649 2665 1918 2710 confugientibus
1952 2668 2021 2702 vult
2045 2669 2103 2703 im·

1219 2711 1381 2754 ploratum
1417 2722 1514 2754 atque
1551 2712 1760 2757 impetratum
1796 2715 1889 2750 fuisse
1924 2716 2101 2752 fraternum

1218 2760 1387 2795 dumtaxat
1411 2761 1560 2797 solatium
1585 2786 1596 2802 ,
1619 2775 1689 2799 non
1719 2763 1971 2801 Hierarchicum
1996 2767 2101 2802 Patris

1217 2820 1272 2846 aut
1308 2809 1476 2856 Principis
1506 2813 1695 2848 auxilium.
1735 2816 1820 2862 Qae
1854 2816 1968 2850 omnia
1988 2827 2025 2851 ut
2052 2819 2102 2852 fir·-

1217 2871 1283 2896 met
1298 2886 1308 2902 ‚
1336 2861 1405 2896 vult
1428 2861 1509 2896 olim
1533 2862 1642 2898 nullos
1667 2864 1759 2898 fuisse
1779 2865 2000 2908 patriarchas,
2029 2868 2102 2901 nul-

1216 2911 1266 2945 los
1288 2910 1446 2946 Primates
1466 2935 1477 2951 ,
1508 2913 1616 2946 nullas
1639 2914 1802 2949 Dioeceses
1820 2940 1830 2956 ‚
1859 2916 1967 2960 nullus
1988 2917 2100 2952 Eccle-

1217 2960 1358 2999 fiastico's
1378 2961 1518 2997 Tractus
1541 2986 1551 3002 ‚
1577 2962 1632 2997 sed
1654 2964 1736 2998 solas
1756 2964 1949 2998 Provincias
1974 2977 1980 2996 :
2015 2965 2099 3000 Vult

1217 3011 1396 3046 Ecclesiam
1418 3021 1498 3046 tunc
1524 3012 1600 3046 solis
1622 3012 1806 3047 Provinciis
1833 3014 1866 3047 &
1889 3014 2027 3057 ipsarum
2042 3017 2101 3059 Sy.

1218 3061 1339 3101 nodis,
1363 3073 1431 3096 non
1444 3061 1664 3102 Dioeoefibus,
1690 3070 1744 3097 aut
1756 3060 1871 3097 harum
1883 3064 2100 3100 conventibus

1220 3112 1312 3146 fuiffe
1347 3111 1530 3145 distinctam
1576 3122 1614 3145 ac
1647 3112 1862 3157 gubernatam
1889 3139 1896 3146 .
1943 3115 1987 3148 Et
2012 3114 2098 3149 hanc

1218 3160 1416 3194 Ptaemifl'am
1455 3173 1531 3196 cum
1555 3173 1623 3195 non
1646 3162 1754 3205 paucis
1791 3163 1859 3205 ejus
1879 3164 2098 3197 conciufioni-

1220 3211 1280 3244 bus
1302 3208 1442 3245 adsumit
1480 3223 1517 3246 ac
1542 3209 1654 3246 vendit
1674 3213 1775 3247 etiam
1795 3212 1960 3247 Dominus
1985 3213 2099 3248 Petrus

1220 3260 1260 3295 de
1270 3260 1402 3295 Marca.

1271 3310 1468 3354 Respondeo
1494 3320 1616 3347 motam
1640 3310 1695 3346 hle
1717 3311 1870 3346 vocabuli
1891 3336 1902 3353 ,
1927 3313 2058 3354 Dioecefis
2078 3338 2091 3354 ‚

1222 3359 1491 3404 fignificationem
1514 3362 1681 3407 insigniter
1708 3363 1831 3405 exponi
1870 3363 1887 3396 ὲ
1910 3362 2096 3397 Theodoro

285 3415 426 3458 Joannes
436 3413 579 3456 Zonaras
605 3411 637 3444 &
657 3409 713 3443 alii
733 3409 929 3447 schismatici
942 3411 1046 3447 Graeci
1060 3436 1074 3452 ‚,
1097 3410 1164 3455 quo
1225 3409 1414 3447 Balsamone
1434 3411 1469 3446 in
1493 3411 1730 3448 commentario
1741 3412 1824 3447 noni
1839 3412 1985 3448 Catonis
1998 3412 2098 3447 Chal-

384 3467 410 3495 C
412 3462 488 3503 brist.
493 3465 567 3505 Lupi
578 3466 662 3504 Oper.
673 3462 788 3494 Tom.V'.

1619 3461 1654 3495 D
1679 3461 1702 3495 d
1998 3474 2049 3498 ce-
