2366 3756
374 150 473 201 236

304 227 492 266 Theodosii
503 222 645 268 Augusti
656 224 808 269 jussiones
831 223 899 258 fieri
913 220 1047 267 quidem
1060 222 1197 256 consen·

301 283 388 318 serat
408 286 504 319 atque
527 275 689 310 indixerat
715 277 847 310 Sanctus
873 274 967 313 Leo,
993 271 1103 307 verum
1126 272 1193 316 ejus

301 329 447 366 exordiis
460 324 724 367 contradixerant
737 351 748 367 ,
775 337 812 360 ac
825 323 981 368 Papalem
997 323 1194 358 consensum

302 380 530 415 subtraxerant
552 377 619 420 ejus
646 377 783 422 Legati.
812 374 960 409 Perrexit
984 384 1094 407 autem
1117 384 1193 407 cum

302 433 445 466 Domno
471 424 690 463 Antiocheno
702 427 736 461 δε
750 425 897 470 Juvenali
911 422 1098 459 Patriarcha
1110 423 1196 458 Hie-

304 484 546 529 rosolymitano
559 481 740 516 Dioscorus
752 500 763 518 ‚
788 487 886 518 atque
909 473 975 509 hoc
985 473 1030 509 est
1044 474 1139 517 ipsius
1149 483 1195 508 at-

249 570 251 572 .
303 547 471 574 tentatum
481 535 515 569 &
527 530 712 566 inauditum
724 528 849 564 facinus
860 551 872 568 ,
897 537 966 571 quo
978 524 1125 569 legitima
1137 524 1195 567 Sy·

124 2776 214 2818 Epist.
234 2779 267 2805 23.

303 587 390 624 nodi
418 584 594 631 primordia
619 577 863 616 transformavit
884 576 919 610 in
946 573 1138 619 acephalum
1153 574 1195 608 la-

290 638 487 675 ‹crocinium
512 660 519 668 .
547 633 659 668 Etiam
686 628 788 674 prima
818 623 1194 669 Constantinopolitana

302 688 486 734 Symdus,
513 680 603 728 quod
626 691 685 716 nec
715 677 914 723 Apostolicae
926 676 1016 710 Sedis
1026 674 1194 718 Praecepto

303 740 431 783 cojifl‘et
446 762 457 778 ‚
484 745 546 771 nec
566 733 634 777 ejus
646 730 853 776 legationem
862 725 1021 761 habuisset
1035 725 1196 780 praefiden-

300 800 372 825 tem
385 814 395 831 ,
420 786 631 822 OEcumenica
645 792 711 815 non
723 780 798 820 fuit,
822 788 878 812 aut
891 775 1116 816 Authentica,
1135 775 1194 808 nisi

303 841 481 885 postquam
513 836 581 880 ejus
602 831 799 877 Symbolum
822 840 860 863 ac
883 826 1012 869 inipso
1036 826 1120 860 faela
1140 822 1196 881 ad-

301 890 411 925 versus
425 885 664 923 Macedonium
688 890 785 925 atque
803 876 1052 922 Apollinarium
1073 873 1196 910 addita-

301 949 415 976 menta
446 936 596 984 probavit
630 934 783 968 Romana
806 927 950 962 Ecclesia
960 950 984 974 „³
1006 934 1120 970 atque
1147 926 1194 981 ita

300 991 407 1036 ipsam
418 1002 460 1024 ex
472 988 574 1023 causis
584 978 814 1028 dispensatorie
830 976 1025 1023 legitimavit
1034 1001 1047 1018 ,
1066 987 1105 1010 ac
1117 975 1195 1012 fecit

299 1039 536 1076 universalem.
564 1036 609 1071 Et
635 1032 676 1067 a'd
696 1031 847 1076 quintam
869 1027 1044 1074 Synodum
1069 1025 1195 1060 seinvi-

299 1091 450 1126 rantibus
473 1089 663 1125 Graecorum
686 1078 883 1117 Patriarcliis
902 1086 1000 1121 atque
1019 1076 1195 1120 Episcopis

297 1152 437 1177 omnem
462 1135 665 1181 Synodalem
690 1132 890 1176 progressum
926 1124 1118 1171 rigidissime
1145 1127 1192 1159 in-

299 1190 440 1227 terdixit
462 1187 610 1232 Vigilius
631 1183 811 1219 Pontifex:
839 1178 981 1219 Nostrum
1006 1176 1113 1210 debent
1123 1175 1193 1217 deff,

297 1249 402 1276 mtum
414 1242 451 1273 de
464 1238 561 1273 tribus
583 1235 722 1278 capitulis
729 1230 871 1275 sustinere
882 1225 1062 1272 Refponsum
1074 1248 1085 1265 ,
1110 1230 1192 1258 anti-

296 1303 391 1335 quum
415 1292 450 1324 <5
473 1288 650 1331 Regularem
671 1282 862 1322 custodientes
883 1279 1037 1321 ordinem,
1062 1286 1100 1309 ne
1123 1284 1194 1308 ante

298 1341 406 1381 nostra
417 1362 429 1378 ,
452 1337 502 1370 hoc
512 1336 669 1376 est[,·5edis
681 1330 858 1373 Apostolicae,
870 1332 915 1361 cut
924 1335 979 1368 per
991 1330 1051 1359 Det
1056 1332 1193 1369 gratiam

294 1389 491 1435 praefla'emus
517 1410 528 1426 ,
552 1383 815 1427 promulgationem
837 1377 999 1421 sententia,
1023 1376 1189 1418 quidquam

292 1439 433 1484 proferre
457 1442 613 1471 tentarent
626 1457 637 1474 ,
661 1431 739 1464 unde
747 1428 883 1473 scandali
889 1426 981 1469 posset
990 1431 1062 1459 oriri
1072 1424 1172 1467 occafio
1185 1442 1192 1456 .-

297 1491 421 1525 Aflerit
451 1487 608 1522 Romano
630 1480 787 1515 Pontifici
813 1479 848 1512 in
865 1475 1040 1510 universali
1052 1474 1190 1518 synodo

291 1546 486 1582 competere
525 1532 720 1569 relationem
744 1529 799 1562 seu
824 1525 1083 1581 propositionem
1119 1534 1189 1558 om-

291 1590 394 1626 nium
421 1583 664 1622 tractandorum
691 1604 703 1621 ,
739 1589 801 1612 nec
830 1588 899 1611 non
936 1585 1081 1618 primum
1109 1584 1186 1606 curn

289 1637 506 1684 praerogativa
528 1632 719 1676 suffragium
732 1651 743 1668 ,
773 1626 915 1670 ideoque
927 1625 995 1658 sine
1008 1617 1076 1665 ejus
1086 1624 1193 1672 afferi-s
1215 1655 1217 1657 ,

289 1691 332 1724 fu
366 1688 491 1722 nullam
510 1683 598 1729 posse
618 1680 687 1714 sieri
700 1675 882 1712 istiusmodi
894 1673 1066 1716 synodum
1078 1696 1090 1714 ‚
1117 1670 1192 1705 imo.

290 1749 360 1774 siec
373 1735 523 1770 inchoari
536 1759 544 1767 .
567 1728 741 1766 Huncesse
752 1724 902 1761 ordinem
916 1723 1090 1766 antiquum
1099 1719 1134 1755 δε
1143 1730 1187 1755 re-

295 1788 463 1835 gularem.
496 1784 605 1829 Ipsum
617 1779 707 1815 enim
721 1776 756 1811 in
771 1771 1036 1810 Chalcedonensi
1048 1769 1186 1816 Synodo

294 1837 446 1873 laudavit
455 1835 557 1870 etiam
578 1831 711 1865 Sanetus
723 1825 935 1862 Paschasinus
948 1847 960 1864 ‚
986 1822 1093 1858 Sancti
1105 1821 1186 1856 Leo-

298 1889 352 1924 nis
364 1885 539 1921 Pontificis
550 1883 694 1927 Legatus
707 1904 714 1911 .
742 1877 785 1911 Et
798 1877 882 1911 dista
893 1875 1009 1919 quinta
1021 1871 1185 1915 synodus,

284 1938 472 1984 quousque
492 1932 647 1978 suppletis
668 1931 702 1964 &
722 1925 910 1971 dispensatis
930 1923 996 1966 ejus
1006 1920 1184 1959 omnibus,

293 1999 438 2033 quorum
464 1994 569 2020 unum
591 1991 659 2017 erat
673 1977 802 2022 Papalis
821 1974 966 2012 absentia
978 1967 1185 2027 &contradi-

296 2039 388 2078 ctio,
414 2035 505 2073 vitiis
523 2033 772 2070 confirmaretur
796 2026 814 2060 a
836 2023 968 2069 Vigilio
995 2021 1184 2060 Pontifice‚

284 2088 428 2123 -nullius
440 2084 592 2130 ponderis
605 2082 759 2115 aestimata
773 2077 835 2110 suit
847 2074 889 2108 ab
901 2074 975 2116 ipsis
986 2072 1086 2105 etiam
1100 2069 1182 2102 Grae-

299 2139 368 2174 cis.
396 2137 491 2171 Hinc
518 2134 622 2177 ipsum
633 2129 673 2163 ad
685 2128 777 2161 istam
790 2122 1026 2177 suppletionem
1040 2128 1094 2162 per
1105 2117 1184 2174 mul-

295 2197 407 2224 torum
419 2194 583 2220 annorum
596 2178 735 2215 exilium
748 2176 783 2210 δε
807 2172 927 2208 multas
938 2170 972 2206 in
985 2168 1044 2205 illo
1057 2167 1184 2204 calami-

298 2247 383 2274 tates
393 2233 554 2280 compulit
576 2232 753 2274 Imperator
777 2223 994 2269 Iustinianus.
1021 2222 1066 2255 Et
1077 2219 1184 2255 adver-

297 2289 351 2324 sus
363 2289 523 2332 Ioannem
535 2290 687 2327 quartum
700 2272 1112 2326 Constantinopolitanum
1125 2270 1184 2327 Pa:

295 2337 473 2373 triarcham
497 2359 509 2376 ,
545 2333 602 2375 qui
626 2331 788 2370 assumpto
816 2322 1001 2359 universalis
1028 2321 1182 2364 Episcopi

298 2390 440 2424 nomine
459 2385 560 2421 etiam
579 2381 681 2417 totius
702 2376 850 2411 Orientis
869 2372 1056 2419 generalem
1075 2370 1177 2414 Syno-

297 2438 379 2473 dum
390 2445 572 2472 convocare
585 2428 841 2477 praesumpserat,
861 2424 982 2467 scripsit
1002 2421 1043 2456 ad
1055 2429 1182 2455 convo·

298 2499 391 2524 catos
414 2486 594 2531 Episcopos
615 2479 768 2523 Pelagius
794 2474 968 2511 secundus:
990 2474 1131 2506 Relatum
1142 2469 1180 2511 est

300 2541 347 2573 ad
357 2537 542 2581 apostolicam
562 2534 665 2568 Sedem
677 2554 688 2570 ,
708 2532 866 2573 Joannem
890 2522 1178 2563 constantinopolita-

301 2601 373 2623 num
396 2585 574 2630 Episcopum
596 2606 607 2623 ‚
635 2576 834 2621 universalem
852 2574 884 2618 se
905 2573 1052 2617 scribere,
1073 2569 1180 2615 vosque

298 2651 337 2674 ex
348 2638 403 2672 hac
410 2633 702 2682 fuapraesumpttone
723 2629 768 2662 ad
778 2627 918 2666 synodum
929 2634 1082 2657 convocare
1090 2633 1180 2666 gene-

301 2692 396 2724 ralem
407 2713 418 2729 ,
442 2689 505 2721 cum
511 2684 695 2730 generalium
704 2679 875 2717 synodorum
893 2674 1072 2707 convocandi
1083 2671 1180 2705 audio-

301 2747 379 2775 ritas
387 2738 425 2781 fit
447 2736 609 2781 Apostolicae
632 2733 700 2766 Sodi
727 2730 820 2762 Beati
843 2729 928 2759 Petri
953 2725 1084 2757 tradita.
1112 2721 1182 2779 bie-

301 2800 467 2835 quaquam
490 2787 594 2820 totius
613 2782 673 2816 sub
691 2780 780 2814 coelo
803 2776 973 2815 Ecclefiae,
1001 2774 1051 2808 sed
1063 2775 1181 2829 Orien-

302 2839 420 2874 talium
432 2836 603 2871 dumtaxat
612 2827 897 2865 Patriarchatuum
909 2850 920 2865 ,
940 2836 978 2857 ac
990 2823 1182 2867 Illyricianae

301 2888 460 2925 Dioecefis
484 2885 664 2928 Episcopos
685 2878 725 2913 ad
749 2871 1183 2921 GregoriiPatriarchaeAn-

302 2936 456 2974 tiocheni
479 2930 681 2969 criminalem
717 2927 845 2962 causam
875 2923 1086 2968 judicandam
1108 2934 1184 2957 con·

304 2995 478 3023 vocaverat
500 3009 511 3026 ,
536 2991 632 3026 atque
659 2979 756 3014 etiam
784 2977 848 3011 tale
876 2972 1068 3008 Concilium
1095 2973 1184 3006 Pela-

303 3039 378 3084 gius
404 3037 489 3071 dixit
513 3034 578 3067 sine
615 3028 811 3073 Apostolicae
847 3024 938 3059 Sedis
969 3024 1090 3057 assensu
1116 3034 1183 3056 non

306 3089 402 3123 licere
414 3112 421 3119 .
449 3085 493 3118 Et
506 3081 673 3125 adjunxit:
702 3079 806 3112 Multis
828 3074 991 3118 apostolicis
1010 3074 1184 3107 &Canoni-

305 3143 451 3180 cisatque
478 3131 678 3173 Ecclefiasticis
698 3128 867 3170 instruimur
890 3125 1028 3169 Regalis,
1055 3134 1112 3156 non
1138 3125 1186 3157 de-

307 3189 374 3222 bere
389 3184 496 3230 absque
502 3181 652 3227 sententia
672 3183 798 3213 Romani
810 3174 959 3217 Pontifici:
971 3175 1104 3208 concilia
1116 3175 1185 3208 cele-

305 3238 411 3273 brari.

364 3289 409 3322 Et
433 3286 564 3320 istarum
587 3280 788 3326 Regularum
812 3275 998 3313 authentica
1012 3275 1108 3310 nobis
1120 3284 1189 3308 non

310 3340 427 3375 desunt
448 3333 654 3370 testimonia.
681 3331 816 3364 Etenim
841 3328 912 3372 post
939 3324 1188 3361 Antiochenam

313 3385 539 3423 Encaeniorum
552 3381 725 3428 Synodum
740 3390 809 3415 non
822 3378 929 3413 solum
939 3378 1069 3411 sancius
1086 3374 1189 3409 Atha·

310 3439 415 3476 nasius
433 3435 510 3484 istic
536 3434 709 3471 damnatus
730 3453 744 3473 ‚
779 3428 834 3466 sed
859 3428 893 3463 &
917 3427 983 3471 ipsa
1008 3424 1189 3461 damnatrix

700 142 744 185 S.
785 138 1110 187 Gaeooatl
1145 151 1389 184 SEPTIMI
1425 138 1788 186 Pomm-icis

1257 222 1439 259 Eusebiana
1451 222 1550 258 faesio
1561 225 1636 258 suos
1648 224 1687 258 ad
1699 224 1822 268 Julium
1835 225 2034 263 Pontificem
2044 226 2137 264 desti-

1256 284 1377 308 navere
1403 273 1547 318 Legatos
1572 286 1648 309 cum
1674 274 1836 308 mandatis
1863 300 1874 316 ,
1899 288 1935 312 ut
1960 278 1982 311 fi
2007 282 2139 314 causam

1257 326 1345 359 suam
1356 334 1466 357 coram
1480 324 1548 367 ipso
1560 336 1598 359 ac
1610 324 1677 368 ejus
1684 324 1822 367 Synodo
1834 337 1902 359 non
1915 329 2038 370 possent
2046 330 2140 364 evin-

1256 386 1327 409 cere
1342 397 1353 414 ,
1379 373 1578 416 postularent
1602 373 1774 419 Synodum
1795 376 1998 419 generalem.
2024 381 2135 419 Marty-

1255 430 1318 458 riur
1346 424 1499 458 faffionis
1518 424 1683 470 Legatus,
1712 424 1820 469 inquit
1844 426 1879 459 in
1903 426 1967 460 suis
1979 425 2020 461 ad
2033 428 2137 472 ipsam

1256 474 1370 509 litteris
1391 473 1540 516 laudatus
1562 476 1666 520 Julius
1679 501 1689 517 ,
1714 487 1779 510 cum
1799 473 2019 522 Collegissuis
2030 477 2138 520 ubique

1256 525 1297 560 ab
1326 522 1496 559 Athanasii
1522 525 1655 570 Legatis
1674 525 1893 570 profligabatur
1916 551 1928 568 ,
1951 537 1986 559 ac
2007 527 2136 569 proinde

1256 574 1419 609 Concilium
1437 579 1576 619 generale
1593 575 1756 619 pullulavit
1773 601 1779 608 .
1806 575 2044 612 Postulationis
2060 588 2135 611 cau-

1256 626 1322 660 sam
1350 625 1450 660 edicit
1471 626 1637 661 Socrates:
1657 628 1768 672 Julius
1789 630 1942 661 Romanus
1966 626 2136 671 Epifivpus

1255 681 1430 721 neutiquam
1447 677 1574 718 aderat,
1600 688 1694 720 neque
1714 688 1911 720 quemquam,
1935 683 1987 722 qui
2010 680 2073 718 ey‘us
2087 679 2134 712 lo-

1255 730 1320 760 cum
1326 724 1478 773 suppleret
1489 751 1501 768 ,
1512 738 1544 761 eo
1554 726 1628 770 misit
1639 752 1645 759 .
1669 728 1763 770 quue
1773 738 1837 760 cum
1848 733 1952 761 Canon
1960 727 2137 770 Ecclefiastl·

1254 788 1304 810 cus
1324 776 1435 818 jubeat
1461 788 1519 810 non
1544 784 1671 820 oportere
1697 775 1807 820 absque
1827 776 1981 821 sententia
2005 781 2134 813 Romani

1255 825 1397 870 ,Epist-opi
1421 830 1547 862 Decreta
1563 825 1695 870 Ecclefiae
1711 826 1848 872 sancire.
1876 826 1963 874 Agit
1984 827 2026 862 de
2045 828 2133 865 dista

1256 875 1469 912 Antiochena
1480 877 1668 920 Synodo,ac
1677 878 1717 912 de
1728 878 1804 922 Julii
1813 877 1929 922 adeius
1939 878 2133 915 relationem

1255 928 1290 962 &
1317 928 1440 973 litteras
1465 927 1639 972 Responso
1673 930 1780 974 pergit
1792 942 1806 962 ε.
1820 929 1930 971 Julius
1956 930 2053 962 docuit
2085 941 2133 963 eos

1251 986 1361 1011 contra·
1378 977 1511 1020 Ecclefiae
1530 982 1666 1012 canones
1681 980 1782 1023 egisse,
1807 980 1886 1022 quod
1893 977 1991 1022 ipsum
2001 981 2046 1012 ad
2054 983 2132 1013 Con-

1252 1029 1349 1070 cilium
1359 1039 1417 1061 non
1428 1029 1574 1071 vocaffent
1586 1053 1594 1061 .
1621 1031 1743 1072 ,Quippe
1768 1030 1833 1062 cum
1843 1032 1949 1063 Canon
1962 1026 2132 1073 Ecclrfiasti-

1251 1089 1301 1112 cus
1313 1086 1392 1111 vetet
1400 1102 1412 1118 ,
1441 1080 1611 1114 neDecreta
1623 1077 1730 1122 absque
1753 1077 1905 1123 sententia
1916 1083 2043 1113 Romam·
2054 1083 2132 1123 Epi-

1249 1126 1328 1171 Jiopi
1349 1125 1484 1168 Ecclefiis
1501 1125 1709 1173 sanciantur„
1726 1129 1771 1163 Et
1789 1130 1946 1164 Hermias
1967 1129 2132 1165 Zozome-

1254 1188 1313 1211 nus
1325 1189 1337 1209 .-
1364 1176 1414 1208 Ad
1430 1177 1496 1209 illos
1507 1199 1519 1216 ,
1543 1181 1596 1218 qut
1607 1177 1768 1213 Antiochtae
1777 1187 1992 1219 convenerant,
2015 1175 2130 1223 scrtpfit

1245 1227 1357 1272 Julius
1369 1250 1381 1266 ,
1405 1227 1486 1269 quod
1503 1234 1604 1259 contra
1621 1229 1699 1271 leges
1719 1229 1853 1272 Ecclefiae
1871 1228 1965 1272 tpficm
1974 1231 2018 1263 ad
2026 1234 2131 1263 Conci-

1250 1277 1324 1321 lium
1342 1287 1401 1310 non
1424 1277 1586 1320 vocaffent.
1614 1279 1702 1309 Nam
1727 1277 1880 1320 legemff
1892 1276 2077 1320 spe-&antem
2087 1280 2131 1324 ad

1250 1327 1412 1360 Sacerdotis
1434 1328 1634 1370 dignitatem,
1661 1337 1727 1370 quae
1741 1332 1921 1369 pronunciat
1931 1327 2004 1361 aeia
2013 1328 2067 1363 illa
2078 1328 2131 1374 effe

1252 1382 1341 1410 irrita
1359 1399 1373 1417 ,
1406 1387 1475 1420 quae
1495 1385 1610 1419 praeter
1634 1374 1812 1419 sententiam
1836 1379 1965 1411 Romani
1989 1377 2131 1422 Eplfiopi

1250 1425 1461 1467 constituuntur
1473 1451 1480 1458 .
1508 1428 1654 1462 Omnem
1666 1426 1871 1463 Orientalem
1882 1427 2060 1463 Ecclesiam
2072 1437 2132 1463 tta-

1249 1485 1340 1510 xerat
1352 1474 1572 1513 Antiochiam
1581 1501 1592 1517 ,
1614 1488 1663 1512 res
1673 1476 1715 1512 ad
1727 1477 1942 1514 universalem
1953 1477 2131 1515 Ecclesiam

1249 1528 1426 1570 spectantes
1449 1536 1645 1568 attentarat,
1670 1537 1771 1572 atque
1793 1528 1839 1563 ita
1858 1528 1980 1572 Iulium
1993 1527 2131 1563 Pontifi-

1247 1586 1319 1609 cem
1343 1577 1645 1622 rneritotoffensum
1665 1577 1707 1612 iri
1732 1578 1923 1622 praeviderat
1946 1586 2130 1614 memorata

1246 1625 1363 1659 factio.
1391 1625 1485 1658 Hinc
1506 1626 1731 1669 suisinjunxit
1745 1628 1899 1672 Legatis,
1928 1638 1965 1662 ut
1983 1630 2006 1661 si
2030 1628 2127 1665 iilum

1246 1673 1292 1708 ad,
1299 1675 1460 1717 Asterum
1472 1676 1603 1709 suorum
1626 1675 1910 1711 confirmationem
1919 1688 1988 1712 non
1997 1678 2126 1720 possent

1216 1730 1218 1735 ’
1247 1722 1421 1765 inducere,
1447 1735 1570 1759 novam
1584 1723 1640 1758 illa
1650 1727 1890 1760 retrastaturam
1900 1725 2073 1770 Synodum
2083 1726 2127 1761 ab

1245 1772 1311 1816 ejus
1321 1772 1426 1818 gratia
1443 1771 1619 1807 secundum
1640 1773 1796 1810 Canones
1806 1775 2024 1819 postularent.
2050 1775 2125 1810 Nisi

1246 1834 1298 1857 ma
1327 1822 1435 1858 ifestus
1472 1823 1507 1857 δε
1543 1821 1754 1866 Apostolicus
1790 1825 1914 1859 fuiffet-
1939 1824 2124 1861 istiusmodi

1245 1835 1366 1909 Gagon
1380 1897 1391 1913 ,
1411 1872 1602 1917 VEusebiana
1626 1873 1772 1919 superbia
1793 1885 1974 1919 numquam
1995 1875 2063 1916 ita,
2087 1875 2126 1911 li-

1244 1932 1295 1957 cet
1318 1923 1390 1957 solo
1404 1922 1501 1968 verbo
1522 1932 1637 1965 tenus,
1664 1925 1729 1971 sese
1748 1922 1960 1959 humiliasset.
1988 1923 2124 1961 Ethinc

1242 1973 1277 2006 in
1287 1973 1427 2007 laudatis
1437 1973 1564 2007 indicta:
1575 1972 1593 2005 ὲ
1605 1973 1637 2008 se
1653 1973 1743 2007 istius
1753 1974 1880 2017 Synodi
1893 1973 2123 2021 Apologeticis

1241 2022 1356 2057 litteris
1382 2022 1485 2068 Julius
1507 2020 1628 2058 assidue
1646 2023 1838 2071 protestatur
1858 2023 1891 2057 se
1911 2025 1945 2057 in
1967 2024 2123 2059 omnibus

1239 2070 1420 2120 secundum
1437 2107 1441 2117 ,Α
1459 2071 1675 2118 ᾼΡοίὶοὶὶεος
1709 2072 1864 2108 Canones
1899 2073 1999 2118 egisse
2026 2099 2034 2106 .
2071 2074 2122 2110 lta

1241 2121 1341 2166 egisse
1367 2121 1514 2166 affirmat
1550 2120 1652 2161 etiam
1675 2121 1713 2156 in
1738 2121 1960 2162 Ecclefiassica
1986 2122 2122 2170 historia

1241 2170 1477 2218 Theodorettis
1490 2194 1499 2204 .

1278 2235 1280 2237 ’
1295 2222 1407 2258 Etiam
1418 2220 1569 2258 adversus
1577 2220 1787 2259 Ariminense
1798 2222 1991 2258 Concilium
2001 2220 2123 2268 scripsit

1241 2273 1281 2309 ad
1291 2273 1487 2317 Illyricianae
1496 2274 1652 2309 Dioecesis
1665 2273 1844 2318 Episcopos
1852 2274 2005 2309 Romana
2015 2275 2125 2310 Sanffl

1242 2325 1375 2359 Damasi
1400 2323 1570 2357 Pontificis
1592 2324 1765 2369 Synodus:
1794 2328 1898 2367 Neque
1910 2326 2124 2366 praejudtcium

1241 2375 1363 2417 aliquod
1380 2371 1457 2416 nasci
1479 2379 1577 2415 potuit
1602 2385 1640 2407 ex
1666 2384 1782 2407 numero
1806 2385 1904 2408 eorum
1926 2398 1938 2414 ,
1963 2380 2014 2417 qut
2038 2375 2126 2417 apud

1242 2429 1409 2458 Ariminum
1417 2433 1617 2457 convenerunt
1629 2448 1640 2464 ,
1661 2424 1726 2456 cum
1754 2422 1858 2464 constet
1867 2426 2035 2458 Romanum
2047 2428 2123 2468 Βρι-

1219 2501 1221 2503 ,
1237 2474 1452 2519 scopum‚quus
1465 2481 1537 2507 ante
1547 2485 1642 2507 omnes
1648 2473 1714 2516 fuit
1724 2474 1891 2516 expetenda
1897 2472 2059 2517 sententia,
2067 2474 2123 2509 bu-

1235 2524 1369 2568 jusmodi
1391 2526 1519 2557 statutis
1530 2522 1695 2568 consensum
1707 2524 1835 2567 aliquem
1845 2535 1903 2557 non
1913 2524 2101 2568 accomodaffe
2113 2548 2122 2558 .

1241 2575 1357 2610 Exstat
1373 2573 1521 2617 Epistola
1541 2573 1625 2616 apud
1637 2573 2119 2608 Theodoretum&Hermiam

1240 2627 1467 2660 Zozomenum
1494 2646 1507 2664 ,
1542 2623 1707 2666 ipsamque
1734 2622 1929 2665 originalem
1954 2622 1989 2655 δε
2014 2633 2118 2657 corre-

1241 2678 1324 2710 ciam
1358 2684 1460 2718 nuper
1495 2683 1538 2707 ex
1562 2671 1724 2707 Romanis
1759 2669 1914 2705 Archivis
1939 2669 2118 2715 publicavit

1241 2723 1472 2759 Illustrissimus
1502 2722 1607 2757 Lucas
1628 2721 1837 2757 Holstenius.
1864 2721 2019 2756 Affirmat
2040 2722 2118 2767 Epi-

1242 2775 1326 2810 stola
1354 2774 1389 2808 in
1411 2775 1537 2809 cunstis
1557 2772 1646 2807 istius
1665 2770 2031 2816 Synodistatutisfuiffe
2040 2782 2117 2808 ante

1241 2825 1356 2860 omnia
1365 2822 1577 2868 expetendam
1584 2822 1728 2857 Romani
1739 2821 1892 2865 Episcopi
1904 2822 2098 2857 sententiam
2106 2848 2116 2856 .

1244 2875 1348 2924 Qiod
1370 2875 1542 2910 Romanus
1567 2873 1745 2917 Episcopus
1765 2873 1800 2906 in
1824 2871 1968 2917 generali
1978 2870 2118 2915 Synodo

1244 2926 1360 2960 habeat
1371 2925 1420 2969 jus
1431 2922 1616 2964 relationis,
1642 2934 1680 2957 ac
1692 2923 1833 2968 suffragii
1849 2922 2091 2966 praerogativam
2104 2945 2117 2962 ‚

1245 2974 1489 3014 Theodoretus,
1499 2973 1693 3014 Socrates,ac
1703 2972 1910 3007 Zozomenus
1917 2971 2119 3008 sententiam

1246 3027 1339 3061 istam
1359 3035 1478 3061 vocant
1495 3038 1610 3067 γνομυν,
1624 3023 1726 3064 idest,
1743 3022 1937 3057 sententiam
1951 3021 2119 3056 auetorita-

1246 3077 1347 3111 tivam
1367 3101 1378 3117 ,
1414 3075 1468 3111 cui
1495 3074 1604 3109 nullus
1624 3074 1691 3108 sine
1713 3072 1906 3118 gravissimis
1928 3070 2119 3106 fundamen-

1247 3127 1287 3161 tis
1302 3126 1397 3169 possit
1404 3125 1556 3170 refragari
1572 3150 1579 3158 .
1606 3124 1684 3159 Sine
1701 3124 1768 3166 ipsa
1779 3124 1940 3158 affirmant
1950 3133 2018 3155 noti
2030 3121 2118 3165 posse

1248 3177 1347 3211 condi
1374 3176 1563 3210 universales
1589 3174 1736 3208 Ecclesiae
1762 3174 1941 3221 Canones,
1967 3172 2000 3205 ὅ(
2027 3171 2117 3206 irrita

1246 3228 1308 3262 effe
1327 3227 1445 3271 quaevis
1454 3224 1652 3270 generalium
1665 3224 1875 3267 Synodorum
1887 3222 1970 3255 Acta
1987 3245 1995 3252 .
2020 3221 2117 3256 Hinc

1247 3276 1335 3311 enim
1362 3276 1554 3320 vigesimum
1568 3277 1715 3316 octavum
1739 3271 2038 3317 Chalcedonensem
2057 3270 2118 3305 Ca-

1249 3338 1370 3360 nonem
1392 3326 1524 3359 Sanstus
1539 3326 1609 3359 Leo
1621 3324 1779 3358 Pontifex
1800 3332 1859 3356 nec
1870 3321 1981 3364 audire
1991 3320 2096 3355 voluit
2108 3335 2118 3355 :

1248 3375 1350 3423 Qod
1373 3373 1488 3418 nempe
1501 3375 1632 3420 Legatis
1644 3374 1713 3417 ejus
1723 3370 1931 3411 absentibus,
1958 3371 1990 3404 &
2010 3370 2121 3414 postea.

1250 3425 1501 3462 reclamantibus
1512 3425 1617 3461 fuisset
1629 3425 1786 3459 formatus
1795 3446 1807 3465 ,
1829 3418 1976 3467 adeoque
1987 3431 2057 3504 nlon
2071 3420 2121 3457 so-

2019 3479 2077 3504 um

2150 795 2179 826 L·
2191 803 2215 824 2.
2227 803 2257 826 c.
2272 804 2303 834 ς.

2144 1214 2182 1245 C.
2198 1222 2244 1251 13.

2133 2166 2277 2204 L·2.c.4.
