2366 3756
53 339 85 370 1..
93 347 118 374 4.
136 345 162 367 c.
183 340 210 367 8.

51 2229 117 2259 1²01.
141 2237 213 2262 17⁷2·

54 2420 141 2448 Tom-
163 2420 189 2446 6.

219 2511 309 2543 aias.
336 2502 472 2537 Etenim
494 2502 594 2536 etiam
618 2501 719 2536 Cellae
746 2501 840 2534 Prior
860 2499 1118 2543 autPraepofitus

167 3459 174 3468 ·
229 3457 265 3485 in
281 3458 477 3485 monumentis
502 3450 621 3484 habitat
644 3475 654 3491 ,
690 3451 804 3486 habens
825 3455 880 3496 duo
901 3456 952 3488 vel
974 3460 1038 3490 tria
1063 3466 1112 3488 no-

434 177 971 220 CONCILIUM
1043 173 1809 218 BENEVENTANUM.

223 259 384 302 claustralis
401 267 544 293 vocatur.
577 258 621 292 Et
645 258 679 291 in
713 255 943 291 Dunelmenfis
967 254 1114 289 Ecciefiae

224 310 374 346 Historia
392 309 526 344 Simeon
540 307 663 342 ibidem
676 305 885 342 Cathedralis
900 304 1110 339 Monachus:

223 365 343 395 Beatus
364 358 523 394 Cutbertus
545 358 664 402 fiiccefflt
689 363 721 390 in
761 355 913 397 Praepofiti
931 379 941 394 ‚
984 356 1019 388 id
1053 354 1111 395 est,

222 414 339 447 Prioris
364 411 513 453 officium.
542 414 627 442 Nam
652 413 703 450 qui
730 417 805 440 nunc
833 408 918 438 Prior
942 429 953 445 ,
980 408 1000 438 a
1028 405 1130 457 beatq

223 461 389 496 Benedic‘lo
415 459 593 503 Praepofitus
619 456 785 497 Monasterii
812 455 983 498 appellatur
1009 480 1014 487 .
1044 456 1130 490 Urit

225 514 278 547 sui
303 511 509 546 Coenobialis
523 509 674 548 claustri,
702 508 744 540 ita
756 507 787 539 ὅ(
801 507 930 539 suarum
946 505 1112 540 Cellarum
1127 493 1130 539 i

223 562 397 598 Praefectos
411 560 553 604 -quidam
576 559 719 593 Abbates
743 556 952 600 Praepositum
978 541 1131 616 quidam}

225 614 364 647 titulant
389 610 538 644 Priorem
554 622 560 641 :
586 609 679 642 Hinc
700 607 732 640 ὃ(
745 607 861 650 aliqua:
873 606 974 639 Cellae
991 606 1114 640 habent

225 662 393 698 Prioratus
420 659 577 700 titulum,
607 657 753 703 quaedam
781 657 936 691 dicuntur
963 621 1129 700 praeposi-i

225 724 322 747 turae.

276 763 440 808 Qartum
464 771 585 794 nomen
606 760 650 793 est
674 758 868 792 ohedientia.
896 759 944 792 Ita
967 757 1115 801 loquitur

227 814 364 849 Saucius
382 809 552 845 Fulbertus
579 809 788 844 carnutensis
817 809 1025 852 Episcopus:
1065 810 1116 840 Vi-

226 867 337 898 vianus
358 863 392 895 ὁ*
415 861 583 893 Durandus
596 885 606 900 ,
633 860 721 892 ambo
744 857 921 900 Praepositi,
941 857 1113 900 fimulantes

226 915 271 947 ad
291 909 483 945 obedientias
499 908 574 952 suas
590 908 623 952 se
645 910 721 943 velle
740 914 822 942 exire
844 934 852 942 .
887 908 930 942 Et
955 907 1114 943 Urbanus

226 961 387 997 secundus
407 958 564 993 Pontifex
587 959 696 993 scribit
717 959 758 993 ad
784 954 1114 1001 omnes'Episcopos:

226 1017 265 1046 In
287 1021 410 1055 quorum
433 1008 587 1042 Parocbiis
609 1008 738 1049 existunt
761 1012 917 1041 Prioratus
931 1008 1116 1042 &obedien-

226 1068 279 1096 tiae
302 1059 433 1102 Ecclefiae
456 1059 675 1100 Cluniacenfis.
704 1059 748 1093 Et
772 1059 807 1092 in
831 1058 950 1092 litteris
970 1058 1010 1092 ad
1035 1058 1118 1091 Gui-

162 1143 168 1149 .
226 1113 375 1146 lielmum
395 1110 618 1145 Salmurienfis
640 1107 977 1144 CoenobiiAbbatem
990 1109 1117 1141 Goffre·

166 1182 174 1190 ·
226 1163 287 1197 dus
308 1161 422 1195 Abbas
435 1160 692 1195 Vindocinenfis
717 1169 877 1193 memorat
904 1159 1117 1192 obedientiam
1173 1157 1315 1198 stilitatis
1339 1164 1424 1191 intra
1447 1169 1547 1191 muros
1574 1160 1758 1200 receptacula
1778 1160 1931 1192 collocare.
1960 1156 2072 1191 Antea

226 1214 262 1246 de
276 1215 353 1245 Pinu
366 1235 377 1251 ‚
401 1210 591 1254 &queritur
601 1210 642 1244 de
653 1210 747 1253 ipsius
759 1209 891 1244 Priore.
920 1210 965 1243 Et
988 1211 1033 1242 ita
1047 1210 1117 1242 suas

227 1263 329 1297 etiam
356 1260 465 1295 Cellas
498 1261 620 1303 semper
645 1260 755 1294 titulat
777 1260 813 1293 in
837 1259 912 1294 aliis
938 1259 1117 1303 Epistolis.

228 1313 276 1347 Et
296 1313 331 1345 in
351 1310 467 1344 litteris
488 1309 528 1344 ad
551 1310 724 1354 Sugerium
757 1309 799 1344 de
822 1309 964 1344 Roberti
991 1310 1117 1353 Burgu-

227 1362 339 1396 lienfis
357 1358 499 1394 Abbatis
520 1359 680 1395 electione
694 1359 861 1404 Ulgerius
873 1359 1118 1403 Andegavensis

227 1413 411 1455 Episcopus
434 1409 546 1444 laudat
568 1411 700 1450 fratres,
725 1415 775 1451 qui
795 1410 831 1442 de
843 1409 1030 1447 remotiffimis
1044 1408 1117 1441 Obe-

227 1464 350 1495 dientiis
363 1469 584 1494 convenerant.
607 1458 895 1493 Etinlnnocentii
919 1458 1118 1492 secundilit-

227 1513 305 1546 teris
327 1509 487 1544 habemus
522 1512 639 1540 Priores
662 1511 696 1541 ὁ·
723 1508 958 1540 obedientiarios
977 1508 1118 1547 fratrum

228 1556 479 1599 cluniacenfium.
508 1556 635 1590 Fratres
646 1556 892 1592 Obedientiarii
908 1557 982 1588 sunt
1007 1555 1118 1587 fratres

225 1610 263 1642 in
286 1607 389 1642 Cellis
411 1606 617 1646 habitantes,
643 1605 772 1639 Priores
795 1606 1024 1647 suntipsorum
1037 1603 1119 1636 Prae-

225 1659 317 1694 festi.
349 1654 837 1690 Hinc&Benediffinorumin
856 1654 980 1698 Anglia
1007 1652 1118 1687 Abba-

225 1719 298 1743 tum
309 1706 462 1753 generale
471 1706 557 1749 apud
568 1705 743 1739 Oxoniam
756 1703 1003 1749 quadragesimo
1024 1715 1117 1738 nono

225 1758 315 1794 tertii
326 1756 444 1791 decimi
467 1754 572 1790 saeculi
593 1767 682 1789 anno
704 1755 904 1789 celebratum
924 1754 1118 1796 Capitulum

225 1808 358 1842 statuit:
387 1807 502 1840 Nullus
527 1805 690 1839 Monachus
712 1829 723 1845 ‚
758 1805 997 1838 obedientiarius
1020 1828 1031 1844 ,
1069 1804 1119 1837 vel

227 1857 421 1899 claustralis.
450 1856 645 1890 claustrales
666 1856 700 1889 in
722 1856 893 1899 principali
927 1852 1118 1894 Coenobio,

227 1906 469 1942 obedientiarii
487 1904 638 1940 habitant
659 1907 692 1939 in
718 1906 821 1941 Ccllis
844 1931 850 1937 .
879 1904 972 1939 Idem
998 1904 1118 1948 capitu-

226 1959 300 1992 lum
321 1957 431 1991 statim
458 1955 567 2000 postea
588 1966 643 1999 per
667 1957 933 1991 Obedientiarios
960 1954 1117 1998 intelligit

225 2008 360 2052 quosvis
382 2006 662 2043 monasteriorum
679 2007 870 2040 officiales.
898 2004 1003 2053 Qod
1030 2016 1117 2039 nem-

225 2058 269 2102 pe
287 2068 402 2092 omnes
425 2057 488 2090 sint
514 2057 701 2091 manuales.
731 2056 835 2091 Unde
858 2057 891 2090 &
905 2055 1012 2089 noster
1022 2054 1118 2091 Ordo

225 2108 349 2150 qumvis
359 2107 480 2142 Officia
494 2118 590 2140 vocat
601 2106 816 2141 Obedientias
828 2131 835 2138 .
864 2105 1013 2148 Capituli
1028 2105 1119 2138 istius

226 2156 370 2192 Decreta
391 2157 518 2191 exstant
538 2157 573 2189 in
603 2156 834 2190 additamentis
856 2154 1006 2188 Matthaei
1033 2154 1120 2185 Pari-

229 2208 352 2240 fienfis.
381 2205 585 2243 Rationem,
610 2216 651 2236 ex
673 2215 736 2244 qua
748 2203 848 2236 Cellae
860 2212 1018 2235 vocentur
1030 2200 1120 2235 Obe-

230 2254 361 2289 dientiae
374 2278 385 2293 ,
411 2254 504 2297 supra
514 2252 727 2287 audivimus&
741 2250 912 2286 Chronico
939 2250 1119 2284 Valciodo·

229 2304 332 2339 renfi:
358 2302 453 2336 Debet
474 2305 560 2336 velut
582 2303 748 2336 membrum
769 2307 860 2343 capiti
880 2300 1035 2333 adbaerere
1048 2323 1059 2339 ,
1086 2301 1120 2333 Θ

229 2360 263 2388 in
283 2353 415 2387 omnibus
440 2352 576 2385 obedire.
616 2351 660 2385 Et
682 2352 856 2394 antiquum
879 2350 965 2394 apud
992 2349 1119 2383 Lucam

230 2401 434 2438 Dacherium
445 2401 689 2436 Gemblacenfis
701 2400 895 2435 Monasterii
921 2399 1117 2434 Chronicon

230 2455 369 2488 affirmat
383 2451 592 2493 Praepofituras
604 2452 656 2495 effe
667 2453 824 2484 nomine&
847 2455 948 2483 merito
974 2450 1118 2482 obedien·

226 2553 275 2588 est
291 2552 454 2587 manualis
474 2550 640 2586 adnutum
664 2550 805 2585 Abbatis
818 2576 825 2583 .
851 2550 1015 2596 Qintnm
1029 2549 1120 2584 deni-

225 2615 293 2647 que
316 2613 439 2637 nomen
459 2599 616 2635 habemus
629 2602 660 2633 in
678 2601 881 2643 diplomate,
908 2610 975 2644 quo
989 2601 1117 2644 Grego-

226 2653 366 2689 riinoni
378 2663 435 2696 pro
448 2651 734 2692 SanstiBenedisti
758 2650 885 2685 Ordine
910 2648 1050 2684 Decreta
1073 2650 1134 2699 im}

228 2703 366 2738 novavit
377 2701 592 2736 Innocentius
619 2712 771 2745 quartus:
799 2705 851 2734 Ne
864 2706 896 2733 in
910 2698 1133 2742 Prioratufive'

229 2758 454 2797 Gangriaunus
468 2751 628 2785 Monachus
651 2750 731 2794 solus
756 2758 965 2784 commoretur.
995 2751 1038 2784 Et
1060 2752 1118 2784 ite—

229 2804 329 2839 xum:
357 2804 468 2835 Nullus
481 2801 578 2835 abbas
589 2802 641 2835 vel
652 2804 738 2835 Prior
765 2805 935 2834 Prioratum
958 2801 1010 2835 vel
1037 2804 1117 2835 Gan·

225 2845 468 2898 gribmpersonis
488 2850 678 2894 sacularibus
701 2853 812 2885 donare
835 2849 1022 2894 praesumat.
1053 2852 1117 2886 Ex·

229 2904 318 2939 stant
342 2901 408 2936 haec
430 2902 465 2935 in
486 2901 609 2936 eisdem
630 2901 778 2936 Matthaei
790 2902 1035 2936 additamentis.

279 2952 326 2987 Et
350 2949 428 2985 hinc
453 2952 595 2985 nascitur
618 2952 748 2996 quaestio
768 2977 777 2992 ,
805 2953 889 2999 Qiae
901 2953 938 2984 fit
951 2953 1051 2995 prima
1062 2951 1117 2986 ha-

230 3013 306 3038 rum
318 3002 483 3036 Cellarum
494 3002 591 3046 origo
603 3002 619 3033 ἓ
647 3002 842 3046 Respondeo
854 3003 871 3035 ὲ
882 3002 988 3037 Sancti
1011 3003 1115 3037 Bene³

231 3053 311 3087 disti
328 3052 460 3095 Regula
473 3052 596 3084 nullam
621 3051 688 3085 fieri
714 3052 877 3087 Ceilarum
899 3054 1113 3086 memoriam.

230 3102 326 3136 Hinc
339 3101 473 3145 quidam
484 3101 668 3135 existimant
680 3100 736 3135 has
748 3104 810 3137 effe
825 3103 883 3136 ista
904 3103 1112 3146 posteriores.

230 3153 281 3186 At
303 3162 429 3187 certum
450 3150 494 3184 est
516 3150 600 3184 labi.
627 3151 760 3186 Etenim
781 3155 815 3187 ἀ
836 3152 1059 3197 Agathensem
1080 3154 1113 3188 &

229 3203 483 3246 Epaonensem,
511 3211 578 3244 quae
599 3200 707 3235 Cellas
731 3202 837 3237 lucide
858 3204 991 3237 laudant
1014 3226 1024 3242 ,
1058 3203 1115 3246 Sy-

229 3253 341 3287 nodos
362 3251 489 3285 constat
510 3252 573 3285 effe
594 3251 709 3285 Sanisto
732 3253 910 3288 Benedisto
920 3255 1115 3288 anteriores.

228 3303 276 3340 Et
285 3301 456 3337 adversum
480 3298 675 3344 Eutychetis
697 3303 837 3337 fautores
856 3329 868 3346 ,
894 3305 951 3348 qui
974 3305 1004 3338 se
1022 3303 1117 3346 jaeta-

229 3351 311 3387 bant
334 3350 618 3386 Archimandritas
639 3376 650 3392 ‚
678 3352 712 3384 in
731 3350 987 3389 Chalcedonenfi
1010 3355 1114 3397 Syno-

230 3401 275 3436 do
297 3402 540 3439 intercesserunt
562 3402 627 3435 veri
652 3400 924 3438 Archimandritae
947 3417 955 3436 :
994 3404 1111 3446 Hypssus

327 3500 437 3548 Christ.
451 3505 529 3545 Lupi
540 3506 624 3545 oper.
636 3504 716 3535 Tom.
730 3506 764 3535 V.

1159 33 1176 45 ,a

1903 186 1992 230 123

1174 257 1258 288 mi'na
1281 262 1313 289 in
1336 257 1500 295 Xylocirco.
1528 256 1697 290 Callinicus
1721 255 1812 291 habet
1835 257 1932 290 decem
1943 260 2064 290 nomina

1174 311 1206 338 in
1223 310 1365 340 Memoria
1378 313 1410 339 in
1424 309 1570 345 Xylocirco
1580 332 1587 339 .
1616 308 1807 340 Gaudentius
1818 313 1851 340 in
1866 311 2064 341 monumentis

1176 355 1295 391 habitat
1318 381 1329 397 ,
1360 355 1452 389 babet
1482 363 1610 399 quinque
1631 363 1750 390 nomina
1769 363 1802 390 in
1827 356 2036 399 Philippianis
2058 381 2066 387 .

1175 409 1323 449 Rogamus
1346 407 1460 447 aliquos
1485 412 1566 439 mitti
1587 409 1607 439 a
1630 408 1728 447 vellra
1747 406 1994 451 Magnificentia,
2032 407 2067 440 &

1175 457 1195 486 ἃ
1220 455 1319 496 vestra
1341 456 1452 489 Sanc‘la
1478 456 1587 494 synodo
1611 480 1621 495 ,
1655 463 1687 487 ut
1708 458 1861 491 ambulent
1882 460 1916 492 Θ
1938 458 2068 491 videant

1177 505 1356 546 Monasteria
1365 517 1464 539 eorum
1476 529 1486 545 ‚
1507 506 1542 539 (θ’
1556 503 1672 547 discant
1683 504 1710 545 fi
1718 505 1850 540 habeant
1863 507 2040 547 Monasteria
2048 531 2060 546 ,

1174 567 1216 588 an
1239 556 1410 594 deludant,
1431 557 1465 589 ὠ·
1486 564 1607 588 noceam
1636 553 1794 588 honoribus
1809 557 2069 591 Archimandrita.

1175 617 1260 638 rum.
1283 608 1330 638 Et
1352 606 1455 638 amodo
1469 605 1574 638 debent
1585 612 1716 647 accipere
1728 603 1918 647 disciplinam
1932 631 1942 646 ‚
1963 617 1997 640 ut
2011 618 2069 640 non

1171 653 1204 698 se
1229 657 1333 688 dicant
1356 655 1619 689 Archimandritas
1635 679 1646 695 ,
1669 661 1719 697 qui
1743 660 1775 688 in
1795 662 1992 690 monumentis
2015 657 2068 690 ha-

1176 706 1296 739 bitant.
1325 706 1398 739 Nos
1422 706 1536 740 Latini
1559 706 1758 740 diceremus:
1787 705 1869 739 Non
1893 707 1967 740 sunt
1994 706 2070 740 Coe-

1179 755 1354 790 nobiorum
1376 755 1524 790 Abbates
1538 780 1549 796 ,
1575 755 1631 790 sed
1660 755 1826 789 Cellarum
1839 755 2069 800 Praepofitiaut

1180 807 1326 840 Priores.
1356 806 1411 840 An
1426 815 1535 840 tamen
1548 805 1606 840 ista
1631 805 1870 839 Monasteriola
1893 806 1935 840 ab
1956 806 2068 848 aliquo

1179 856 1291 898 majori
1314 856 1541 897 Monasterio‚
1567 867 1725 899 tanquam
1751 854 2069 898 membraacapite‚

1179 906 1392 950 pependerint
1416 907 1502 950 apud
1526 908 1657 941 Graecos
1672 930 1683 946 ‚
1706 917 1773 940 non
1786 904 1903 950 possim
1917 906 2070 939 constans

1179 957 1354 991 affirmare.
1381 957 1436 991 De
1463 956 1792 992 Gallicanisinterim
1807 955 1911 990 Cellis
1921 956 2071 989 statuunt.

1177 1008 1211 1041 ὅς
1241 1006 1402 1041 Venetica
1426 1007 1460 1040 &
1479 1006 1676 1052 Agathensis
1700 1006 1878 1051 synodus.-
1905 1004 2071 1039 Abbatibus
2088 1027 2115 1057 C

1173 1056 1295 1101 singulis
1315 1055 1453 1099 diversas
1477 1059 1612 1092 cellulas
1626 1083 1637 1098 ,
1659 1067 1713 1091 aut
1719 1057 1812 1100 plura
1823 1055 2002 1096 Monasteria
2017 1055 2073 1089 ba-

1179 1108 1244 1141 bere
1266 1118 1324 1141 non
1345 1107 1432 1141 liceat
1457 1132 1467 1148 ,
1496 1107 1551 1149 nisi*
1567 1108 1685 1141 tantum
1706 1115 1832 1150 propter
1852 1105 2000 1150 incursum
2025 1105 2073 1138 bo-

1181 1209 1280 1252 igitur
1306 1219 1391 1242 unus
1415 1206 1528 1242 Abbas
1554 1207 1696 1242 habebat
1720 1207 1826 1251 plures
1838 1207 2004 1241 Cellulas:
2026 1206 2073 1239 Et

1180 1259 1282 1302 ipsas,
1311 1270 1380 1293 non
1404 1258 1523 1292 minus·
1541 1259 1638 1302 quam
1662 1258 1731 1293 duo
1743 1257 1969 1295 Monasteria‚
1996 1256 2075 1289 Gal·-

1180 1309 1276 1342 licani
1314 1309 1468 1352 Episcopi
1492 1308 1679 1352 judicarunt
1703 1318 1758 1352 per
1781 1318 1885 1342 unum
1905 1306 2074 1341 Abbatem

1181 1370 1249 1392 non
1261 1360 1348 1401 porse
1361 1359 1457 1401 plena
1468 1358 1694 1392 sollicitudine
1707 1356 1900 1402 gubernari.
1930 1356 1975 1391 Et
1996 1367 2078 1399 quo-

1181 1409 1269 1442 niam
1294 1409 1329 1441 in
1351 1407 1491 1441 modicis
1523 1407 1851 1452 congregatiunculis
1888 1407 1961 1440 raro
1985 1408 2076 1450 viget

1181 1458 1336 1502 regularis
1367 1457 1541 1500 disciplina
1565 1481 1577 1496 ‚
1612 1468 1688 1490 cum
1725 1456 1856 1491 laudata
1893 1454 2077 1500 Agathenfi

1179 1509 1279 1539 etiam
1306 1507 1503 1548 Epaonenfis
1530 1506 1684 1547 Synodus
1721 1507 1826 1539 sanxit
1864 1504 1948 1547 ipsas
1984 1505 2078 1538 dein-

1180 1565 1253 1596 ceps
1275 1564 1346 1587 non
1372 1554 1455 1597 erigi
1477 1553 1544 1586 fine
1565 1553 1726 1586 consensu
1754 1553 1910 1596 Episcopi
1931 1576 1939 1585 .
1973 1553 2078 1588 Nem-

1182 1604 1220 1647 pe
1241 1602 1336 1637 antea
1358 1603 1441 1646 ipsas
1463 1627 1474 1642 ‚
1507 1600 1596 1646 quod
1620 1614 1689 1640 non
1729 1603 1824 1646 plena
1850 1603 2075 1644 Monastetia‚

1183 1651 1235 1687 sed
1262 1653 1436 1687 dumtaxat
1450 1652 1733 1687 Monasteriorum
1747 1651 1942 1698 appendices
1954 1654 2055 1687 essent
2066 1679 2079 1694 ‚

1183 1702 1329 1737 Abbates
1352 1704 1406 1737 sua
1428 1703 1619 1737 auctoritate
1631 1702 1819 1748 erigebant.
1849 1703 1976 1738 Verum
1990 1704 2079 1746 prior

1183 1753 1306 1787 sanctio
1332 1765 1400 1787 non
1423 1754 1618 1797 permansit.
1646 1754 1831 1787 Paucorum
1856 1753 1946 1787 enirn
1959 1754 2079 1788 Mona-

1181 1801 1320 1838 chorum
1334 1804 1465 1838 Cellula
1476 1829 1487 1845 ‚
1516 1803 1574 1836 niss
1587 1803 1688 1847 ipsam
1701 1804 1735 1837 in
1748 1802 1984 1837 Sarabaiticum
1997 1815 2080 1838 con-

1184 1853 1388 1889 venticulum
1425 1854 1621 1898 degenerare
1654 1853 1733 1887 velis
1755 1877 1766 1893 ‚
1815 1853 1938 1887 subesse
1977 1852 2078 1888 debet

1182 1904 1282 1939 alicui
1302 1904 1401 1947 pleno
1422 1903 1629 1938 Monasterio
1643 1928 1650 1935 .
1679 1904 1723 1937 Et
1744 1901 1825 1937 hinc
1852 1903 1910 1937 sub
1934 1903 2080 1938 Ludovi·

1183 1955 1213 1989 ci
1236 1953 1288 1987 Pii
1314 1953 1458 1997 Imperio
1482 1952 1688 1988 Bene-diffini
1710 1951 1858 1987 Abbates
1894 1954 1930 1987 in
1961 1953 2078 1996 Aquis-

1184 2005 1331 2049 granenfi
1355 2004 1534 2039 Conventu
1558 2003 1742 2039 statuerunt
1763 2016 1770 2036 :
1800 2003 1966 2038 abbatibus
1989 2004 2078 2037 liceat

1184 2055 1291 2088 babere
1315 2055 1418 2088 Cellas
1445 2079 1456 2095 ,
1490 2061 1523 2087 in
1543 2053 1648 2097 quibus
1670 2062 1722 2087 aut
1739 2053 1877 2087 Monacbi
1894 2053 1956 2095 fint
1978 2079 1988 2094 ‚
2023 2062 2078 2087 aus

1184 2109 1346 2137 canonici.
1371 2102 1563 2148 Agathense
1585 2117 1624 2139 ac
1649 2105 1866 2149 Epaonense,
1895 2104 1984 2148 quod
1998 2115 2081 2138 nun-

1185 2163 1282 2194 quam
1300 2153 1394 2186 fuiffe
1422 2154 1456 2184 in
1478 2163 1586 2186 mores
1616 2154 1711 2194 plene
1735 2155 1909 2187 admissum
1939 2155 2077 2188 demon·

1186 2201 1261 2234 strat
1284 2201 1429 2244 superius
1457 2201 1587 2235 laudata
1610 2200 1802 2245 Marculphi
1816 2202 1980 2242 formula,
2009 2204 2078 2237 De-

1184 2261 1308 2285 cretum
1328 2250 1622 2284 circumduxerunt
1635 2275 1642 2282 .

1234 2301 1288 2333 De
1310 2299 1476 2334 Cellarum
1500 2301 1631 2344 ori'gine
1659 2300 1767 2334 scribit
1791 2300 1824 2335 in
1837 2312 1935 2344 opere
1948 2303 1990 2338 de
2001 2303 2077 2337 Ful-

1183 2349 1287 2384 denfis
1307 2348 1504 2383 Monasterii
1528 2350 1783 2394 antiquitatibus
1817 2351 2076 2397 Christophorus
2120 2338 2163 2358 '¹'
2198 2350 2204 2357 ⁸
2231 2352 2238 2363 ‘

1185 2401 1403 2434 Brouvverus:
1431 2404 1511 2433 Cum
1530 2404 1644 2444 Regum
1654 2400 1861 2444 liberalitate,
1883 2403 2076 2443 &Christia-

1184 2462 1285 2483 norum
1301 2450 1435 2493 fidelium
1453 2458 1593 2492 prompto
1614 2457 1647 2483 in
1686 2450 1836 2494 nascentis
1870 2451 1918 2486 bic
1946 2460 2076 2495 pietatis

1182 2502 1305 2533 cultores
1328 2500 1401 2534 bene
1419 2500 1560 2541 faciendi
1576 2500 1676 2541 studio
1693 2504 1817 2544 praedia
1835 2525 1846 2541 ‚
1864 2502 1983 2546 fundi,
2012 2506 2073 2538 vil-

1181 2552 1274 2593 laeque
1293 2552 1450 2592 complures
1465 2553 1536 2592 jam
1566 2560 1631 2584 tum
1654 2553 1820 2593 Monasterii
1836 2553 1938 2594 opibus
1955 2553 2074 2597 acceffis-

1177 2599 1265 2642 sent,
1292 2613 1347 2643 quo
1350 2600 1523 2643 fruHuofior
1547 2601 1649 2635 borum
1669 2603 1703 2635 (9
1725 2603 1841 2645 fidelior
1864 2604 1929 2646 effet
1941 2607 2073 2638 admim'·

1175 2651 1278 2691 stratio
1289 2675 1300 2690 ,
1326 2653 1474 2692 Majorum
1497 2652 1835 2694 am‘ioritate&confilto
1843 2653 1998 2697 provisum
2009 2654 2046 2694 est
2060 2680 2070 2694 ‚

1181 2712 1213 2736 ut
1237 2701 1406 2734 cultioribus
1422 2701 1636 2745 senilibusque
1661 2704 1729 2735 locis
1758 2703 1942 2741 Presbyteros
1966 2708 2069 2736 Mona*

1180 2750 1244 2784 cbos
1266 2751 1472 2794 praeficerent‚
1499 2755 1532 2786 (a
1555 2754 1600 2784 ad
1619 2754 1848 2786 continuandum
1859 2759 1891 2786 in
1904 2753 2071 2797 officioser-

1180 2814 1252 2842 vos,
1279 2803 1314 2836 i&
1336 2803 1446 2836 colonos
1467 2805 1526 2836 rite*
1545 2802 1755 2846 gubernandos
1776 2828 1787 2844 ,
1822 2803 1898 2838 inibi
1919 2804 2066 2846 Ecclefias

1177 2851 1389 2890 construerent.
1420 2858 1481 2888 Hos
1502 2855 1589 2886 verro
1611 2852 1800 2891 Presbyteros
1823 2853 1969 2888 vocabant
1981 2855 2067 2888 ΡΜ·-

1174 2900 1275 2944 pofitos
1287 2925 1298 2941 ,
1321 2914 1444 2946 quorum
1464 2904 1501 2936 id
1519 2914 1628 2937 munus
1650 2913 1716 2936 erat
1728 2928 1739 2944 ,
1766 2903 1963 2938 Parocborum
1973 2904 2066 2944 instar

1178 2961 1308 2986 veterum
1331 2979 1341 2994 ‚
1378 2959 1592 2997 congregationi
1619 2951 1763 2995 Fuldenfi
1783 2953 1950 2994 ministrare
1982 2953 2066 2997 sum·

1174 3010 1281 3044 ptum,
1308 3005 1343 3037 (ir
1360 3004 1494 3046 praebere
1515 3005 1559 3037 ad
1579 3003 1693 3036 viHum
1713 3006 1875 3046 cultumque
1887 3005 2040 3047 necessaria
2052 3029 2064 3045 ‚

1177 3053 1290 3094 reficere
1312 3055 1476 3095 domesticos
1501 3056 1578 3087 ultro
1589 3059 1717 3096 citroque
1726 3063 1938 3096 commeantes,
1968 3053 2064 3098 hospi-

1177 3108 1216 3135 tio
1237 3107 1370 3145 excipere
1378 3111 1565 3148 peregrinos.
1593 3106 1677 3147 Quae
1697 3103 1791 3138 verba
1813 3104 1926 3139 laudat
1945 3104 1979 3137 &
1992 3115 2062 3147 pro-

1179 3153 1232 3186 bat
1256 3154 1291 3186 in
1311 3152 1468 3188 Trastatu
1490 3155 1531 3189 de
1564 3152 1809 3189 Monachorum
1833 3154 1937 3188 Cellis
1959 3156 2061 3188 etiam

1178 3200 1369 3239 Benedietus
1382 3204 1578 3239 Haeftenius
1592 3228 1599 3236 .
1625 3204 1740 3239 Ambo
1751 3205 1955 3239 assertionem
1968 3206 2062 3239 suam

1179 3252 1314 3295 probant
1334 3265 1375 3289 ex
1397 3256 1508 3292 Sanffi
1532 3255 1618 3298 Lupi
1641 3254 1782 3289 Abbatis
1802 3255 2006 3288 Ferrarienfis
2017 3253 2060 3288 ad
2078 3255 2150 3293 Cap,
2178 3265 2200 3285 r·

1178 3303 1384 3339 Ludovicum
1406 3305 1572 3340 Abbatem
1598 3304 1766 3349 Epistola,
1792 3315 1859 3346 qua:
1886 3304 2060 3347 SantstiJu-

1175 3353 1251 3387 doci
1272 3352 1401 3391 Cellam
1422 3355 1636 3390 &Ludovico
1657 3356 1718 3391 Pio
1739 3355 1851 3389 datam
1873 3356 1931 3388 suo
1941 3353 2058 3387 Mona-

1177 3403 1269 3437 sterio
1290 3404 1433 3446 queritur
1456 3405 1523 3449 jam
1556 3405 1697 3439 ablatam
1724 3430 1734 3445 ‚

1500 3505 1675 3543 ,L2
1974 3503 2009 3536 <2⁴¹

2089 986 2162 1023 Cap.
2183 997 2211 1024 9.

2116 1034 2165 1064 ap.
2198 1030 2249 1063 33.

1770 3404 1910 3448 postulat
1942 3402 2058 3445 reddi,
2078 3411 2129 3448 Ep.
2149 3419 2197 3447 43.

1175 3465 1271 3499 atque
1297 3451 1447 3506 adjungit
1472 3469 1484 3491 ,·
1510 3457 1584 3492 Inde
1608 3466 1674 3491 cera
1702 3454 1838 3496 Ecclefiae
1863 3478 1874 3494 ,
1901 3452 2064 3495 fratribus
