2366 3756
71 1527 142 1563 L.7.
163 1538 189 1560 c.
204 1532 238 1557 6.

74 1722 230 1756 Iope-15·

79 2180 241 2213 1-10011·

82 2333 172 2373 Epist.

87 2378 154 2411 163.

87 2758 173 2799 epu.
197 2768 223 2788 1-

483 135 1028 187 ConcitItrM
1094 131 1741 181 Tnorossnuu.

244 229 302 275 'quo
318 224 359 268 effi
376 222 541 260 cherintus
560 230 702 259 veritatis
724 220 922 265 adversarius
943 244 955 261 ,
988 218 1134 260 extemplo

241 286 379 314 corruat.
401 277 449 311 Ita
468 276 631 311 testantur
641 276 771 310 Sanetus
787 273 944 312 Irenaeus,
966 271 1134 312 Hierony-

240 339 340 369 mus,
362 339 401 363 ac
423 326 646 371 Epiphanius.
668 322 827 366 Ejusdem
848 320 1004 365 Apostoli
1030 319 1133 354 Disci-

241 378 341 425 pulus
363 378 495 411 Sanctus
515 377 737 418 Polycarpus‚
771 372 974 415 Smyrnenfis
998 370 1135 413 Episcor

242 439 328 474 pus,
353 429 386 462 δε
410 427 556 463 Asiaticae
580 424 732 458 Ecclefiae
752 423 793 456 ad
818 423 1007 456 Romanam
1028 421 1133 464 Lega-

244 490 299 514 tus
310 503 322 519 ,
337 477 481 512 *obvium
501 478 537 510 &
558 474 750 508 salutantem
761 472 972 507 Marcionem
986 482 1045 506 nec
1057 470 1136 504 resa·

244 531 350 564 lutare
362 527 490 566 voluit,
512 525 566 560 sed
579 526 722 569 reposuit
733 538 744 558 .·
755 522 898 567 cognosco
905 525 1136 565 primogenitum

246 579 388 613 Diaboli.
404 576 498 611 Idem
517 575 632 610 docuit
655 573 835 617 Apostolus
847 573 995 614 Paulus,
1015 571 1136 605 Timo·

245 628 328 664 theo
348 626 510 662 mandans
530 626 725 660 Haereticum
747 624 796 658 bis
826 623 971 667 corripi,
1001 622 1035 656 &
1058 631 1137 656 tunc

246 688 415 719 tamquam
437 675 705 720 incorrigibiliter
729 675 806 708 Deo
826 683 993 708 mortuum
1016 672 1134 705 devita·

245 728 293 764 ri.
317 728 362 761 Et
381 737 423 760 ex
448 725 536 760 hisce
554 726 675 771 regulis
698 725 733 758 in
755 724 893 758 errantis
905 720 1139 767 CyprianiLe·

244 788 345 824 gatos
366 777 547 820 Episcopos
568 776 646 810 fecit
669 776 805 810 Sanctus
827 772 1010 818 Stephanus
1023 771 1138 805 Ponti-

245 830 306 863 fex
329 852 342 869 ,
370 826 460 870 quod
491 826 604 860 scribit
636 824 845 862 Firmilianus
879 822 1079 859 Caesarienfis
1103 821 1136 854 in

248 876 461 921 Cappadocia
483 874 760 919 Archiepiscopus
783 889 794 909 .·
823 878 952 919 Legatos
976 870 1139 916 Episcopos

248 926 422 970 Stephanus
432 931 586 969 patienter
592 926 674 970 satis
697 927 733 960 (θ’
753 926 860 959 leniter
875 923 1023 968 suscepit,
1050 930 1082 955 ut
1093 934 1139 955 eos

247 989 303 1012 nec
313 978 357 1011 ad
360 975 525 1020 sermonem
543 976 652 1019 saltem
671 978 803 1017 colloquii
821 981 984 1008 communis
1006 974 1142 1008 admitte·

247 1036 296 1062 ret
315 1053 324 1060 .
354 1026 457 1060 Adhuc
477 1025 598 1070 insuper
619 1027 784 1060 dilectionis
802 1027 837 1059 (⁴5
857 1024 1015 1059 charitatis
1035 1034 1141 1056 memor

243 1083 427 1120 praeciperet
441 1077 640 1119 fraternitati
663 1075 813 1119 universae
825 1101 836 1116 ,
861 1086 898 1109 ne
909 1080 974 1118 quis
987 1086 1034 1108 eos
1055 1079 1088 1107 in
1097 1074 1141 1105 do-

249 1139 332 1163 mum
351 1126 442 1170 suam
459 1133 626 1170 reciperet,
653 1136 685 1159 ut
696 1125 884 1160 venientibus
895 1136 954 1158 non
972 1124 1067 1169 solum
1075 1132 1143 1167 pax

246 1178 284 1214 ό*
302 1183 465 1213 communio
489 1203 500 1218 ‚
533 1176 590 1220 sed
606 1179 641 1211 (θ’
657 1178 765 1211 rebium
789 1178 824 1212 (ν
845 1175 1006 1219 hospitium
1027 1186 1143 1219 negare·

248 1236 319 1262 tur.
350 1227 440 1261 Cum
459 1227 631 1262 Hasreticis
643 1226 729 1261 nihil
742 1226 837 1261 nobis
847 1225 936 1270 posse
947 1225 1145 1260 intercedere

250 1278 502 1312 communionis
523 1276 639 1312 scribit
659 1278 694 1312 in
706 1277 857 1322 Dialogo
867 1288 943 1311 cum
956 1275 1145 1320 Tryphone

251 1327 355 1363 etiam
374 1327 508 1370 Martyr
529 1328 673 1372 Iustinus
693 1353 701 1360 .
737 1328 782 1362 Et
803 1327 983 1362 Heraclam
1003 1325 1147 1361 Alexan-

251 1377 332 1412 dria:
352 1376 576 1412 patriarcham
590 1403 602 1418 ,
627 1377 718 1419 quod
740 1389 809 1410 non
822 1377 927 1409 solum
940 1377 1122 1409 Haereticos
1137 1399 1148 1414 ‚

251 1428 309 1461 sed
329 1428 364 1460 &
385 1438 503 1460 omnes
525 1426 590 1459 illis
623 1425 828 1460 familiariter
862 1425 1148 1459 communicantes

252 1476 474 1520 proscripserit
491 1474 534 1509 ab
556 1475 701 1508 Ecclesia
721 1496 734 1512 ,
771 1474 857 1515 apud
881 1474 1059 1507 Eusebium
1084 1475 1149 1506 Cae-

251 1523 483 1559 sariensem'in
512 1521 741 1554 Ecclefiastica
764 1520 902 1553 historia
926 1520 1037 1552 laudat
1060 1520 1150 1552 illius

248 1571 412 1607 successor
436 1570 572 1605 SanCtus
583 1568 788 1612 Dionysius.
816 1569 860 1602 Et
873 1568 986 1603 fideles
996 1569 1061 1602 una
1074 1580 1151 1602 cum

249 1619 472 1658 Montanistis
482 1620 701 1654 incarceratos
708 1619 917 1654 Confeffores
930 1617 1067 1652 laudans
1077 1620 1153 1653 San-

247 1674 322 1707 &us
342 1669 574 1715 Apollinarius
595 1669 870 1712 Hierapolitanus
892 1668 926 1702 in
952 1667 1100 1714 Phrygia
1113 1669 1155 1703 E-

249 1723 405 1768 piscopus
426 1719 540 1758 scribit
560 1719 649 1763 apud
669 1719 812 1754 eundem
836 1718 1015 1753 Eusebium
1041 1731 1048 1750 ε
1076 1724 1155 1753 Cum

251 1774 316 1808 illis
335 1775 546 1806 communicare
565 1771 611 1804 ad
631 1780 801 1806 extremum
822 1768 910 1812 usque
919 1768 1060 1812 spiritum
1070 1777 1158 1811 pror-

254 1824 310 1858 sus
331 1821 522 1865 recusarunt.
548 1821 595 1855 Et
622 1820 720 1855 Pauli
747 1820 978 1857 samosatensis
1003 1818 1157 1863 degrada-

254 1874 388 1908 tionem
413 1871 552 1906 referens
578 1869 795 1906 Antiochena
817 1869 997 1914 synodus,
1024 1870 1158 1913 Diony-

256 1924 343 1960 {ium
364 1922 490 1965 Papam
513 1930 609 1967 rogat
622 1944 634 1962 ,
661 1933 704 1955 ne
724 1926 935 1955 communionis
956 1922 1075 1953 litteras
1102 1920 1156 1963 ipsi

256 1972 411 2014 deinceps
423 1970 560 2013 scribat,
583 1971 635 2006 vel
655 1971 697 2006 ab
719 1971 792 2016 ipso
805 1970 964 2014 accipiat,
991 1971 1024 2005 &
1045 1968 1159 2013 adjun-

258 2023 311 2069 git
333 2036 344 2057 .-
371 2023 488 2057 Paulus
512 2023 559 2056 ad
579 2025 764 2056 Artemonem
787 2046 799 2062 ,
836 2020 980 2063 ejusdem
1003 2032 1079 2054 cum
1097 2021 1159 2053 illo

258 2075 450 2107 sectatorem
473 2070 619 2112 haerefis,
645 2073 762 2106 litteras
767 2071 907 2115 scribat,
931 2073 965 2105 (9¹
986 2070 1018 2112 fi
1040 2076 1090 2113 qui
1105 2074 1158 2103 Αν-

258 2127 382 2158 temonis
399 2122 544 2164 partibus
568 2121 687 2164 favent
713 2147 724 2162 ,
760 2134 826 2156 cum
862 2132 892 2154 eo
923 2127 1158 2155 communicent.

259 2173 377 2214 Dicit,
401 2176 623 2205 communionis
644 2175 782 2205 litteras:
808 2171 912 2215 Qod
936 2171 1160 2202 communica-

261 2223 355 2255 toriae
374 2221 409 2253 &
431 2221 609 2254 familiares
623 2220 779 2263 Epistolae
790 2219 944 2252 differant
955 2216 1135 2261 plurimum
1149 2241 1159 2256 ,

263 2271 299 2304 &
321 2270 386 2303 isias
404 2268 481 2303 sol'ae
502 2278 652 2304 vetentur
674 2268 772 2302 scribi
798 2268 840 2302 ad
861 2267 1046 2301 Haereticos
1072 2290 1083 2306 ‚
1111 2267 1160 2299 as-

261 2319 373 2353 firmat
395 2319 432 2351 in
454 2318 546 2351 libris
569 2327 684 2353 contra
708 2314 935 2354 petilianum,
962 2316 997 2349 &
1023 2315 1057 2348 in
1084 2314 1161 2359 Epi-

261 2367 347 2402 stola
370 2366 411 2401 ad
434 2364 593 2410 quosdam
617 2366 869 2400 Donatistarum
891 2365 1160 2409 EpiscoposSan·

262 2420 332 2452 &us
354 2415 579 2461 Augustinus.
607 2416 697 2449 Cum
719 2414 904 2450 Catholicis
927 2416 1043 2454 aliter,
1068 2415 1160 2449 aliter

261 2477 344 2503 cum
364 2465 539 2501 Haereticis
560 2466 596 2500 δε
617 2476 674 2509 per
695 2466 879 2500 sermonem
899 2466 932 2500 ὅ(
962 2476 1015 2509 per
1035 2466 1160 2500 litteras

264 2515 472 2553 tractandum
483 2540 496 2557 ‚
521 2515 659 2550 affirmat
672 2516 706 2550 in
719 2515 868 2559 Epistola
880 2513 921 2550 ad
934 2514 1157 2559 Euphemium

263 2565 676 2609 Constantinopolitanum
696 2566 897 2610 Episcopum
910 2566 1010 2600 eriam
1025 2566 1159 2600 Sanetus

263 2616 352 2661 Papa
378 2615 547 2656 Gelasius,
575 2616 610 2650 δε
633 2615 690 2651 dat
713 2617 844 2651 causam
865 2628 873 2648 ι
908 2618 995 2660 ,Quia
1014 2615 1076 2659 1·pr
1100 2619 1157 2648 Do-

265 2671 368 2701 minus
389 2668 447 2701 alio
466 2668 550 2700 modo
569 2666 666 2701 verba
683 2665 824 2709 faciebat
843 2668 864 2699 ἃ
879 2664 936 2710 sua
943 2668 1159 2709 praedicatione

267 2715 428 2760 discretis,
450 2718 508 2750 alio
527 2714 681 2760 discipulis
704 2721 802 2761 Regni
819 2716 937 2756 celestis
958 2719 1074 2751 Secreta
1079 2725 1158 2760 pan-

266 2767 376 2801 debat.
417 2765 631 2810 consequenter
652 2779 766 2810 quoque
786 2766 908 2809 Apostoli
930 2779 989 2800 non
1010 2769 1056 2800 ita
1079 2771 1099 2800 ἃ
1107 2766 1159 2812 suo

264 2817 394 2860 Collegio
413 2815 567 2860 separatis
592 2842 604 2859 ,
635 2819 882 2861 quemadmodum
898 2817 973 2860 fidei
996 2819 1157 2860 domesticis

261 2867 459 2910 loquebantur
482 2892 491 2900 .
530 2867 600 2902 Suae
630 2868 672 2902 ab
694 2868 789 2903 omni
808 2867 915 2902 haeresi
940 2866 1157 2904 discernendae

265 2917 517 2953 communionis
541 2918 717 2953 Ecclesiam
741 2919 834 2952 fuiffe
854 2920 977 2961 semper
1002 2918 1157 2953 studiosis-

267 2968 382 3001 fimam
405 2966 515 3002 scribit
537 2968 570 3001 in
605 2967 722 3003 litteris
753 2969 794 3003 ad
827 2968 1004 3003 Dardaniae
1025 2969 1157 3013 Episco-

268 3028 348 3061 pos.
377 3017 472 3064 Qin
493 3018 592 3052 etiam
612 3018 786 3052 familiares
806 3019 922 3054 litterae
941 3030 1010 3053 non
1033 3019 1091 3053 nisi
1116 3019 1155 3053 ad

267 3066 500 3104 instruendum
520 3068 555 3102 ὃς
574 3068 830 3113 corrigendum,
857 3080 913 3104 aut
932 3069 995 3104 alia
1017 3069 1157 3112 ejusmo-

268 3117 306 3152 di
326 3115 369 3151 de
389 3117 484 3150 causa
510 3118 628 3159 poffint
650 3117 743 3153 scribi
769 3144 775 3152 .
807 3120 850 3154 Et
874 3120 953 3154 hinc
976 3119 1017 3153 de
1038 3120 1155 3155 Sansto

269 3165 427 3201 Antonio
449 3164 561 3201 scribit
590 3168 723 3203 Sanctus
756 3167 981 3204 Athanasius:
1013 3174 1155 3208 Antonius

270 3228 368 3259 neque
385 3227 452 3250 cum
474 3216 642 3250 Meletianis
662 3220 828 3262 quidquam
847 3220 954 3253 habuit
974 3227 1154 3262 commercii,

271 3277 367 3309 mque
389 3278 455 3300 cum
466 3266 646 3301 Manlchaels
658 3291 670 3308 ,
698 3269 804 3312 aliisve
814 3275 974 3305 Haeretict‘s
991 3273 1085 3306 arm‘ce3
1094 3283 1155 3304 con-

269 3317 343 3351 tulit
364 3327 525 3359 umquam,
547 3316 604 3359 nist*
621 3319 781 3352 moniturus
803 3327 837 3354 ut
856 3329 968 3355 mutato
987 3327 1086 3355 animo
1091 3329 1154 3364 pie-

270 3372 333 3400 tati
347 3364 381 3409 se
401 3367 544 3402 dederent
568 3392 575 3399 .
609 3368 811 3408 Existimabat
845 3377 924 3405 enim
954 3374 989 3406 (τ
1009 3374 1150 3416 assevera-

273 3414 328 3453 bat
347 3422 511 3451 amicitiam
533 3416 637 3452 horum
657 3420 691 3452 (¹2⁸
711 3417 945 3459 consuetudinem
975 3423 1026 3464 effe
1057 3429 1151 3456 animi

372 3467 485 3508 Christ.
500 3471 579 3510 Lupi
590 3473 676 3511 Oper.
690 3471 767 3502 Tom.
778 3473 812 3502 V.

1189 225 1351 262 perniciem
1370 228 1459 261 atque
1480 223 1636 253 interitum
1664 243 1673 251 .
1708 215 1915 253 Accedentes
1936 217 2083 253 Arianos

1194 270 1305 314 rejecit
1321 270 1339 304 a
1361 270 1418 304 suo
1436 280 1569 309 monte,
1585 269 1736 312 sipsorum
1762 269 1924 304 sermones
1945 271 2083 303 asserens

1195 322 1366 362 Serpentum
1390 331 1503 352 veneno
1536 322 1695 352 deteriores
1719 344 1726 351 .
1754 319 1858 366 Qod
1879 319 1986 363 ipsum
2012 330 2084 353 mo-

1197 371 1282 404 riens
1304 371 1368 403 suis
1385 367 1553 411 discipulis
1573 368 1820 403 commendavit
1845 393 1852 400 .
1878 370 1922 402 Et
1944 369 1985 403 de
2007 370 2085 403 San-

1197 422 1248 453 ἂο
1273 419 1409 453 Hilario
1430 442 1442 459 ‚
1474 428 1551 451 ante
1580 419 1812 462 Episcopatum
1833 417 1940 452 adhuc
1964 419 2050 453 laico
2074 441 2087 458 ‚

1198 468 1310 503 scribit
1330 469 1364 502 in
1386 467 1455 510 ejus
1477 467 1544 501 vita
1567 466 1740 509 Presbyter
1749 470 1974 503 Fortunatus:
1997 469 2091 512 ,Quod

1198 525 1278 553 inter
1306 520 1443 552 mortales
1466 516 1565 550 adhuc
1586 518 1677 550 valde
1699 519 1819 550 videtur
1839 519 1954 560 difficile
1978 543 1989 560 ,
2020 527 2089 552 tam

1198 578 1318 603 cautum
1348 569 1401 612 effe
1422 579 1622 610 quemquam,
1645 573 1696 609 qui
1713 566 1748 610 se
1769 569 1789 599 ἃ
1803 569 1935 611 Judaei’s
1956 570 2010 602 vel
2018 573 2090 602 Πιε-

1200 624 1297 653 reticis
1320 619 1381 652 cibo
1396 617 1585 661 suspendat,
1613 619 1685 649 adeo
1709 623 1760 650 vir
1774 616 1968 660 sanbltfflmus
1997 618 2089 661 hostes

1200 668 1361 703 Catholicae
1381 670 1544 712 Religionis
1565 667 1742 709 abborruit,
1768 677 1803 702 ut
1823 678 1881 700 non
1907 669 2006 701 dicam
2028 679 2091 701 con-

1201 725 1319 754 vivium
1341 744 1352 760 ,
1376 717 1435 762 sed
1454 730 1547 762 neque
1563 717 1707 762 salutatio
1739 729 1803 751 cum
1828 717 1875 750 his
1888 717 1990 759 fuerit
2009 725 2092 759 prae-

1201 776 1327 805 tereunti
1362 775 1523 804 communis
1547 794 1555 801 .
1590 769 1646 803 De
1678 767 1786 802 Lucio
1817 768 2092 803 Samosatensium

1204 821 1330 856 Ariano
1363 820 1550 864 Episcopo,
1585 819 1620 853 δε
1648 817 1803 852 fidelibus
1835 816 1960 852 ibidem
1985 817 2093 861 pueris

1203 882 1269 906 rem
1293 871 1451 915 insignem
1477 879 1638 904 memorat
1663 869 1698 902 in
1720 867 1943 903 Ecclesiastica
1956 867 2094 902 historia

1202 921 1463 956 Theodoretus:
1488 924 1577 954 Pueri
1596 926 1630 953 in
1644 919 1714 961 foro
1732 921 1832 961 pilam
1859 921 1963 952 mutuo
1985 927 2096 951 contor-

1200 971 1265 1016 sere
1276 997 1286 1012 ,
1297 983 1353 1015 quo
1363 973 1483 1014 quidem
1493 970 1602 1014 ludose
1611 971 1772 1004 admodum
1794 969 1976 1003 oblectabant
1989 993 1995 1001 .
2023 971 2099 1001 For-

1204 1022 1385 1065 ti·fortuna,
1410 1022 1483 1055 dum
1498 1021 1643 1062 transibat
1654 1022 1723 1055 illac
1744 1024 1879 1061 Lucius,
1904 1021 1971 1063 pila
1997 1020 2014 1053 ἒ
2036 1029 2106 1053 ma·.

1205 1074 1292 1107 nibus
1310 1070 1464 1115 cujusdam
1473 1077 1559 1114 pueri
1570 1070 1672 1115 elapsa
1678 1079 1735 1114 per
1749 1070 1823 1112 asini
1835 1073 1900 1113 ejus
1919 1071 2013 1113 pedes
2031 1077 2101 1111 pro-

1206 1123 1386 1159 volvebatur
1399 1147 1406 1154 .
1435 1125 1525 1155 Pueri
1535 1131 1634 1155 autem
1646 1121 1824 1165 vociferari:
1855 1124 1979 1166 ,Quippe
1998 1121 2098 1162 pilam

1203 1174 1307 1219 scelere
1312 1175 1462 1216 pollutam
1480 1172 1702 1213 existimarunt.
1729 1174 1818 1215 ‚Quin
1843 1174 1878 1206 Θ·
1900 1178 1968 1215 igne
1987 1167 2103 1211 accenso

1208 1237 1274 1260 eam
1289 1233 1348 1267 per
1367 1223 1526 1265 flammam
1545 1221 1711 1266 torserunt,
1734 1220 1831 1264 fitque
1853 1233 1920 1256 eam
1938 1229 2104 1264 purgatam

1204 1275 1278 1320 sunt
1301 1274 1462 1309 arbitrati.
1491 1272 1797 1308 Didicerantasuis
1810 1270 2019 1316 parentibus,
2045 1269 2106 1314 qui

1210 1328 1364 1363 Sanstum
1390 1326 1553 1367 Ioannem
1565 1323 1767 1367 Apostolum
1780 1321 1924 1362 imitati,
1950 1332 2026 1356 cum
2039 1320 2107 1357 Lu·

1211 1377 1255 1410 cii
1283 1375 1495 1409 Antecessore
1521 1372 1693 1406 Eunomio
1721 1382 1782 1405 nec
1809 1372 1911 1406 lavari
1929 1371 1964 1404 in
1986 1370 2107 1404 eodem

1214 1424 1333 1459 balneo
1353 1422 1591 1456 sustinuerant:
1618 1425 1735 1464 Aquam
1754 1446 1766 1462 ‚
1796 1421 1831 1455 in
1853 1431 1917 1464 qua
1940 1420 1998 1454 ille
2022 1419 2108 1454 lave·

1214 1484 1283 1511 rat,
1308 1473 1456 1504 haereticae
1483 1475 1626 1511 nequitia
1652 1476 1786 1511 contagio
1807 1470 1950 1511 infeffam
1961 1476 2022 1502 rati
2036 1494 2047 1510 ,
2074 1475 2111 1502 in

1213 1522 1344 1554 cloacam
1367 1517 1528 1560 emiserant
1551 1540 1562 1556 ‚
1598 1518 1747 1559 aliamque
1766 1517 1824 1557 fibi
1849 1524 2037 1560 imperarant
2063 1525 2110 1551 in-

1207 1570 1324 1612 fundi.
1353 1566 1453 1601 Plura
1473 1565 1632 1601 habemus
1645 1567 1805 1610 ejusmodi
1816 1567 1984 1611 exempla.
2013 1567 2111 1614 Qiu

1215 1621 1250 1657 &
1271 1619 1311 1653 de
1321 1617 1469 1652 Valente
1480 1616 1638 1662 Augusto
1652 1641 1663 1658 ‚
1689 1617 1815 1653 auxilia
1836 1615 2009 1653 adversum
2035 1617 2113 1652 Bar·

1216 1669 1310 1704 batos
1334 1668 1382 1703 sui
1404 1667 1538 1711 Imperii
1561 1668 1728 1703 invasores
1752 1667 1885 1703 Gothos
1923 1668 2113 1712 postulante

1216 1720 1235 1754 ὲ
1256 1721 1352 1754 fratre
1366 1719 1424 1752 suo
1438 1717 1682 1752 Valentiniano
1696 1742 1707 1758 ,
1732 1717 1840 1752 scribit
1853 1719 1941 1753 idem
1952 1717 2114 1752 Theodor.

1218 1779 1305 1805 retus
1331 1783 1342 1802 .·
1381 1766 1534 1811 Rescripfit
1557 1769 1789 1802 Valentinianus
1815 1768 1905 1810 nefas
1927 1770 1979 1812 effe
2001 1769 2114 1802 homini

1219 1821 1325 1854 bellum
1342 1825 1461 1862 gerenti
1480 1830 1545 1853 cum
1570 1822 1633 1851 Deo
1652 1827 1735 1861 opem
1751 1818 1858 1860 ferre,
1885 1821 1973 1860 cujus
1996 1825 2117 1853 temeri·

1220 1880 1269 1905 tas
1294 1871 1359 1913 effet
1386 1871 1490 1902 merito
1515 1870 1672 1903 coemenda
1694 1894 1701 1902 .
1739 1868 1999 1903 Valentinianus
2024 1869 2116 1904 enim

1221 1919 1462 1961 Orthodoxus‚
1489 1918 1615 1953 Valens
1628 1928 1695 1954 erat
1712 1918 1872 1954 Arianus-
1905 1918 2008 1966 Qiod
2032 1920 2116 1954 anti-

1222 1972 1277 2016 qui
1289 1969 1401 2005 fideles
1413 1970 1497 2004 mori
1510 1969 1544 2005 &
1557 1970 1734 2011 trucidari,
1759 1980 1858 2014 quam
1879 1969 2054 2004 Haereticis
2077 1970 2116 2004 iu

1221 2021 1339 2066 quovis
1357 2020 1459 2054 etiam
1480 2020 1571 2055 civili
1585 2021 1725 2066 negotio
1739 2021 1983 2055 communicare
1996 2020 2117 2054 malue-

1222 2074 1308 2111 rint,
1335 2071 1457 2105 docent
1483 2071 1633 2114 exempla
1656 2071 1798 2116 plurima
1818 2097 1828 2112 ‚
1854 2071 1888 2105 &
1912 2071 2035 2105 Ariana
2056 2070 2115 2105 sub

1223 2121 1424 2155 Constantio
1447 2120 1647 2163 Imperatore
1674 2132 1840 2166 tempora:
1869 2121 2117 2156 Plurimiexin·

1222 2169 1262 2202 de
1283 2169 1447 2210 Martyres
1470 2170 1707 2211 processerunt.

1274 2218 1393 2261 Longe
1415 2218 1526 2251 minus
1547 2218 1580 2251 in
1604 2219 1717 2261 quavis
1737 2217 1848 2253 divina
1876 2230 1910 2254 re
1934 2220 2029 2254 licuit
2050 2220 2110 2255 ista

2121 1205 2277 1239 Lai-cn}-

2132 1742 2167 1772 C.
2188 1744 2237 1771 28.

1222 2267 1438 2301 communio.
1467 2266 1563 2300 Hinc
1586 2266 1699 2300 statuit
1721 2268 1862 2312 vulgaris
1888 2270 2008 2304 Canon
2024 2270 2113 2313 Apo-
2132 2281 2165 2310 c,
2190 2284 2237 2315 63·

1223 2316 1355 2350 stolicus
1369 2329 1380 2349 .-
1406 2317 1437 2347 st
1458 2321 1525 2357 quis
1544 2320 1577 2361 J
1580 2317 1732 2350 udaeorum
1745 2320 1798 2351 vel
1805 2322 2015 2354 Haereticorum
2026 2322 2114 2357 syna·-

1218 2378 1326 2410 gogam
1350 2366 1488 2410 ingressus
1502 2365 1543 2407 fit
1563 2367 1608 2399 ad
1629 2369 1800 2409 orandum,
1827 2371 1992 2411 deponatur
2015 2372 2049 2404 (5
2066 2369 2113 2414 se·

1217 2425 1374 2460 gregetur.
1404 2416 1447 2448 Et
1473 2415 1593 2450 Canon
1618 2417 1827 2452 Laodicensis
1849 2432 1926 2454 cum
1950 2421 2015 2454 illis
2027 2420 2114 2455 orari

1221 2469 1239 2501 a
1264 2466 1362 2500 nobis
1385 2475 1495 2508 vetat,
1522 2467 1666 2510 ipsorum
1687 2469 1841 2504 celebrari
1862 2470 1941 2505 festa
1964 2493 1976 2510 ‚
2001 2470 2113 2505 accedi

1222 2517 1407 2559 Martyres,
1432 2526 1489 2552 aut
1510 2517 1674 2552 orationis
1698 2519 1746 2552 vel
1767 2520 1913 2556 sanitatis
1935 2522 2040 2567 gratia
2066 2521 2114 2555 in-

1221 2568 1295 2602 trari
1318 2565 1509 2601 Coemiteria
1544 2577 1601 2602 aut
1637 2569 1792 2604 Ecclesias
1816 2583 1827 2604 .-
1862 2570 2113 2606 Praevaricantes

1221 2616 1450 2660 aliquantisper
1472 2617 1491 2650 a
1516 2619 1755 2654 communione
1777 2622 1943 2665 suspendit
1964 2648 1972 2655 .
1999 2622 2111 2656 Etiam
2129 2626 2162 2655 C.
2182 2637 2210 2664 9.
2238 2635 2287 2661 32·

1221 2669 1254 2702 in
1268 2667 1371 2702 domo
1383 2668 1509 2711 privata
1521 2681 1596 2703 cum
1611 2670 1685 2712 ipsis
1696 2673 1781 2704 orari
1806 2672 2010 2705 interdicunt
2030 2682 2110 2706 con-
2124 2666 2180 2703 335
2211 2675 2256 2702 34-

1221 2718 1406 2754 stitutiones
1427 2718 1628 2761 Apostolicae
1641 2720 1726 2762 apud
1753 2720 1962 2755 Clementem
1988 2721 2110 2756 Roma-
2124 2714 2175 2742 3⁷.

1221 2780 1321 2803 num.
1350 2768 1392 2803 Et
1404 2778 1517 2812 quarta
1537 2767 1801 2814 Carthaginensis
1824 2771 2002 2814 synodus:
2030 2776 2110 2806 Cum

1220 2819 1367 2853 baeretict's
1379 2831 1430 2852 nec
1437 2819 1582 2852 orandum
1593 2842 1604 2858 ‚
1632 2830 1683 2853 nec
1689 2819 1879 2863 psallendum
1891 2847 1898 2854 .

1221 2881 1341 2903 nonem
1354 2870 1387 2903 in
1404 2871 1549 2903 sermone
1560 2870 1602 2904 ad
1620 2871 1778 2914 populum
1792 2871 2016 2907 Caesariensem
2041 2873 2110 2907 lau*

1219 2921 1274 2955 dat
1303 2921 1438 2954 sanstus
1464 2920 1694 2965 Augustinus,
1722 2922 1835 2955 dicens
1855 2923 1896 2956 ad
1921 2922 2106 2959 Emeritum

1219 2971 1467 3005 Donatistarum
1488 2969 1608 3004 ibidem
1632 2971 1831 3015 Episcopum
1853 2985 1860 3004 ι
1891 2976 2035 3006 Fratrem
2058 2985 2105 3007 me

1217 3026 1332 3062 accipe,
1360 3030 1394 3054 ut
1410 3019 1499 3063 fimul
1518 3032 1632 3054 oremus
1657 3025 1798 3054 Patrem.
1825 3027 1900 3055 Non
1919 3031 2012 3057 tecum
2035 3036 2083 3056 oro
2096 3048 2104 3058 .

1219 3072 1262 3105 Et
1273 3081 1405 3115 rogatus
1417 3095 1428 3111 ‚
1456 3074 1503 3104 An
1519 3072 1602 3104 debet
1613 3074 1743 3105 Clericus
1754 3072 1954 3114 pmsentibus
1979 3079 2104 3107 Arianis

1217 3122 1268 3154 vel
1278 3124 1346 3155 aliis
1359 3126 1517 3158 Haereticis
1530 3134 1614 3154 orare
1625 3146 1635 3162 ‚
1662 3125 1696 3156 ζῇ·
1707 3134 1747 3155 an
1758 3135 1823 3156 eum
1845 3125 1930 3157 laedit
1944 3149 1954 3164 ,
1983 3125 2102 3166 quando

1212 3169 1290 3213 facit
1310 3176 1472 3205 orationem
1487 3171 1541 3215 seu
1560 3172 1733 3207 oblationem
1756 3198 1767 3215 ‚
1794 3174 1958 3217 respondit
1981 3174 2103 3207 Timo·

1217 3220 1311 3255 theus
1325 3220 1511 3257 Patriarcha
1523 3221 1784 3258 Alexandrinus:
1812 3229 1848 3256 In
1861 3226 1970 3258 divina
1980 3225 2101 3260 oblatio-

1217 3283 1253 3305 ne
1278 3274 1427 3306 Diaconus
1456 3283 1526 3306 ante
1542 3271 1754 3315 salutationem
1771 3274 1923 3317 loquitur,
1951 3278 2015 3318 ‚Qui
2042 3285 2099 3307 non

1217 3327 1431 3355 communicatis
1442 3323 1609 3356 ambulate.
1637 3328 1710 3358 Non
1733 3325 1840 3358 debent
1859 3337 1925 3370 ergo
1946 3324 2075 3366 interesse
2087 3346 2099 3363 ,

1216 3371 1272 3413 nisi
1273 3372 1470 3413 profiteantur
1475 3372 1510 3416 se
1516 3381 1725 3416 poenitentiam
1734 3375 1851 3408 ac‘luros
1868 3377 1902 3413 (ἢν
1912 3373 2040 3414 baerefim
2052 3379 2099 3406 vl.-

1214 3432 1347 3457 taturos.
1362 3423 1463 3459 Tunc
1474 3434 1643 3468 tamquam
1657 3425 1861 3464 Poenitenres
1871 3435 1925 3459 aut
1938 3421 2099 3459 Catechus

1612 3474 1639 3510 F
1935 3482 2050 3511 menos

1925 2823 2036 2869 Qem
2046 2822 2109 2856 Ca·
2124 2823 2157 2853 C.
2183 2833 2228 2856 τι·
