2366 3756
71 1786 107 1818 Ι..
118 1794 144 1819 1·
161 1792 186 1815 c-
201 1794 230 1820 4.

86 3048 125 3077 C·
148 3051 173 3077 6.

89 3200 151 3232 Fol-
159 3203 224 3232 661.

540 182 1072 226 Couctttum
1142 177 1611 226 Romanum.

1901 194 1993 238 113

241 267 390 314 &pergit
400 264 442 301 de
452 264 588 301 Basilica
603 265 713 300 Sansti
726 260 917 307 Sepulchri:
948 261 994 295 Ibi
1008 262 1121 295 decenti
1166 261 1374 306 {vigesimum
1397 262 1571 306 quintum:
1592 263 1720 306 AEgypti
1743 266 1887 306 Princeps
1898 261 2064 296 Aziziutob

238 327 324 362 opere
344 317 495 360 compacta
507 315 634 358 Ecclesia
656 313 758 349 SanBi
779 311 953 354 sepulchri,
979 320 1077 353 capax
1100 313 1120 344 ἃ

241 368 432 409 constantino
453 370 563 411 Magno
575 365 748 407 aedificata,
773 364 892 396 nullam
914 373 1057 405 umquam
1081 361 1119 394 ab

241 424 372 455 inimicis
386 417 460 460 fidei
480 419 551 451 tulit
571 418 714 457 injurtam
726 436 736 452 ‚
761 422 842 446 metu
854 438 864 453 ‚
884 411 959 453 ficut
982 414 1124 453 conjicio,

238 477 298 513 pro
316 474 381 512 igne
397 467 499 507 ecclesii
515 465 670 508 perculsis,
696 469 747 507 qui
772 468 931 506 quotannis
957 468 991 496 in
1014 463 1122 506 vigilia

244 516 370 561 Paschae
387 517 576 559 lampadibus
597 515 718 559 serenus
743 513 869 557 infulget
893 538 900 545 .
938 514 1033 557 ‚Quod
1069 517 1123 545 mi-

243 570 375 603 raculum
398 567 516 611 quando
539 573 676 608 coeperit,
701 565 753 598 vel
770 563 800 605 fi
821 571 893 596 ante
917 571 1052 605 tempora
1075 564 1125 595 Sa·

243 630 415 653 racenorum
430 616 553 659 fuerit,
580 618 690 650 nullius
716 612 843 655 historiae
852 619 1013 657 cognitione
1025 610 1126 655 discer-

241 674 324 702 nitur
345 692 353 700 .
391 671 467 712 Legi
503 678 552 710 ego
589 672 623 699 in
642 664 754 709 firipto
782 665 937 698 Bernardi
964 661 1103 696 Monacbi
1116 684 1127 701 ‚

240 719 324 761 quod
338 717 445 751 abhinc
464 723 555 750 annis
577 717 710 750 ducentis
736 720 956 758 quinquaginta
970 737 981 754 ‚
1006 715 1042 747 id
1066 711 1127 754 est,

242 779 322 801 anno
331 772 550 801 Incarnationis
561 764 787 811 affingentefimo
793 763 1002 809 septuagesimo
1014 788 1024 804 ,
1049 763 1127 796 idem

243 816 467 861 Hierosolymam
494 817 647 859 profedlus
669 822 766 860 ignem
795 817 878 849 illum
901 815 1014 848 viderit
1031 837 1043 854 ‚
1081 811 1118 844 bo

239 866 426 911 spiratusque
447 865 540 907 fuerit
558 872 593 900 in
612 864 799 900 Xenodocbio
818 889 829 905 ‚
867 865 949 907 quod
978 861 1128 908 gloriofiffi-

242 929 310 950 mus
331 917 457 950 Carolus
480 920 611 960 Magnus
633 916 753 957 construi
769 916 912 959 jufferat.
940 913 1040 960 Qud
1052 913 1127 947 San-

243 967 286 1001 eti
309 965 479 1010 Sepulchri
502 967 679 1001 Ecclesiam
698 965 787 1000 dicat
806 967 824 999 ὲ
847 966 1013 1000 Saracenis
1038 962 1128 997 nulla

242 1027 399 1060 umquam
410 1016 557 1051 affedhtm
568 1016 685 1060 injuria
697 1041 709 1058 ,
734 1013 985 1060 intelligendum
997 1013 1042 1047 est
1053 1023 1130 1048 cum

243 1066 468 1101 moderamine
489 1066 604 1101 addito
626 1078 682 1111 per
702 1065 922 1102 Guilielmum
952 1065 1042 1107 Tyri
1071 1062 1131 1097 Ar-

243 1115 488 1160 ehiepiscopum
507 1115 699 1152 scribentem
722 1118 763 1151 de
782 1117 924 1160 Hequen
937 1115 1130 1158 nequissimo

243 1168 276 1200 &
298 1163 518 1201 crudeliffimo
531 1167 776 1213 AEgyptiorum
788 1168 1022 1201 Saracenorum
1033 1163 1131 1207 Caly-

244 1214 326 1259 pha:
352 1219 473 1259 Hequen
497 1223 575 1251 inter
595 1227 727 1258 caetera,
752 1228 821 1259 quae
837 1213 1002 1259 perniciosa
1037 1216 1131 1257 pluri—

243 1279 295 1299 ma
311 1274 496 1308 praeceperat
518 1291 529 1307 ,
566 1266 723 1307 Ecclesiam
743 1271 910 1302 Dominicae
935 1265 1132 1312 Resurrellio-

245 1322 316 1355 nis,
341 1328 409 1358 quae
425 1324 480 1357 per
501 1316 703 1351 venerabilem
724 1324 827 1351 virum
838 1321 1008 1350 Maximum
1023 1340 1034 1356 ,
1060 1313 1132 1358 ejus·

246 1368 313 1399 dem
334 1367 386 1399 loci
412 1365 614 1410 Episcopum,
634 1373 830 1409 praecipiente
848 1365 1133 1404 DominoConstan·

245 1420 308 1449 tino
330 1415 450 1459 Augusto
472 1416 622 1458 aedificata
638 1415 748 1457 fuerat
770 1439 785 1455 ,
815 1414 913 1456 postea
943 1423 1002 1457 per
1038 1418 1131 1448 Reve-

245 1466 442 1505 rendiffimum
468 1465 627 1505 Modestum
651 1473 780 1506 tempore
807 1468 930 1497 Domini
942 1465 1077 1498 Heraclii
1088 1475 1133 1497 re-

239 1522 380 1555 parata,
398 1513 547 1553 funditus
558 1515 647 1553 dejici
657 1515 821 1545 mandavit
834 1535 842 1543 .
870 1516 968 1550 Cujus
983 1516 1131 1550 Praecepti

245 1560 432 1604 Rescriptum
458 1562 584 1603 quidam
604 1562 669 1601 ejus
690 1562 887 1598 Procurator,
917 1557 1035 1601 Praeses
1048 1559 1133 1591 vide-

243 1612 313 1644 licet
338 1609 541 1651 Ramulenfis,
568 1612 613 1643 ad
632 1609 668 1653 se
689 1610 830 1644 direllum
839 1607 1005 1651 suscipiens
1019 1632 1030 1649 ,
1051 1616 1133 1650 prae-

244 1661 327 1694 dic‘la
347 1657 474 1701 Ecclesia
485 1657 576 1702 usque
587 1661 635 1692 ad
638 1658 734 1703 solum
756 1660 885 1700 diruta,
902 1659 1055 1699 Juffionem
1077 1661 1133 1692 Re·

240 1715 324 1755 giam
346 1709 460 1751 offelini
483 1714 693 1752 mancipavit.
721 1712 859 1743 Praeerat
872 1711 944 1742 vero
969 1720 1006 1742 ea
1024 1716 1133 1751 tempe-

239 1762 319 1802 state
339 1762 434 1794 eidem
457 1758 594 1801 Ecclestae
607 1765 657 1793 vir
668 1759 851 1794 Venerabilis
865 1757 981 1799 orestus
994 1763 1111 1792 nomine
1122 1782 1133 1798 ,

244 1809 377 1854 ejusdem
399 1811 558 1852 nequzffimi
577 1814 669 1853 Regis
691 1810 859 1844 avunculus
880 1833 892 1850 ,
919 1814 1028 1842 matris
1057 1806 1131 1851 ejus·

244 1862 312 1896 dem
328 1859 444 1902 frater.
481 1864 540 1893 Hoc
563 1868 665 1893 autem
684 1862 748 1893 ideo
763 1859 862 1903 fecisse
874 1861 1002 1900 dicitur,
1028 1868 1063 1892 ut
1068 1856 1135 1901 suae

240 1911 382 1954 perfidiae
388 1910 506 1952 populis
517 1909 690 1952 infidelibus
702 1911 789 1944 daret
801 1919 1006 1954 argumentum
1016 1933 1024 1942 .
1052 1908 1137 1950 Obji-

244 1961 376 1995 ciebatur
399 1965 478 1993 enim
497 1965 524 1992 ei
547 1958 787 1999 Christianitatis
806 1962 911 1994 titulus
925 1983 938 2001 ,
963 1971 996 1993 eo
1007 1960 1088 2002 quiid
1097 1970 1135 1993 ex

244 2019 342 2044 matre
365 2009 537 2050 christiana
559 2017 650 2044 natus
669 2010 735 2053 efflet
756 2035 763 2043 .
793 2012 897 2053 ,Quam
919 2008 1006 2052 quasi
1025 2014 1135 2043 crimen

245 2063 266 2094 ἃ
282 2058 316 2104 se
336 2060 439 2094 volens
463 2061 629 2103 depellere,
650 2060 832 2102 praedu‘ium
847 2060 975 2102 facinus
998 2058 1088 2103 ausus
1099 2058 1136 2099 est

248 2118 423 2155 perpetrare
445 2134 455 2150 ,
492 2109 569 2144 nihil
587 2111 753 2143 arbitratus
780 2109 927 2154 superesse
947 2111 1102 2143 calumniat
1126 2132 1137 2148 ,

252 2162 335 2204 quod
355 2165 385 2192 in
396 2162 461 2201 ejus
476 2159 638 2203 personam
652 2165 780 2201 impingi
787 2160 899 2200 posset,
927 2160 1060 2199 quodque
1070 2159 1136 2196 ejus

253 2210 370 2242 aemulis
391 2217 511 2248 pateret
530 2210 573 2239 ad
591 2206 716 2248 morsum
730 2230 740 2246 ,
766 2218 804 2239 ex
828 2217 883 2248 quo
905 2207 1063 2249 Religionis
1067 2205 1135 2247 fon-

254 2265 316 2289 tem
328 2255 505 2295 christiana»
516 2280 527 2296 ‚
549 2256 625 2298 fidei
635 2255 797 2289 Catholicae
812 2255 961 2288 cunabula
970 2255 1113 2297 deiecisset
1126 2280 1134 2287 .

255 2306 306 2341 lta
331 2306 423 2339 fuiffe
442 2303 524 2339 dicit
546 2306 646 2347 usque
678 2303 719 2338 ad
740 2304 808 2346 ejus
839 2304 1002 2346 juniorem
1030 2304 1137 2337 filium

254 2356 291 2390 &
316 2354 526 2388 successorem
552 2353 689 2392 Daher,
716 2354 773 2396 qui
799 2354 918 2396 aparte
931 2353 1052 2387 violata
1062 2364 1139 2387 cum

256 2404 421 2439 Romanis
442 2401 561 2437 foedera
575 2402 743 2436 renovavit
766 2413 841 2436 cum
856 2403 1058 2446 Imperatore
1071 2401 1138 2435 Ro-

255 2465 358 2489 mano
381 2452 537 2497 Argyro,
562 2461 659 2495 atque
681 2451 726 2485 ita
747 2452 826 2487 fecit
837 2452 1027 2486 facultatem
1038 2451 1137 2485 reaedi-

256 2502 392 2539 ficandae
412 2501 567 2537 Bafilicae.
594 2500 769 2536 Hodierna
796 2503 902 2536 forma
913 2502 1139 2536 reaedificatam

256 2563 366 2588 narrat
387 2553 405 2585 a
426 2551 621 2596 Nicephoro
639 2549 828 2586 Patria‘rcha
846 2575 857 2592 ,
883 2553 1039 2594 expensas
1063 2551 1140 2585 vero

256 2601 510 2637 subministrans
544 2602 562 2635 a
598 2601 746 2635 Romani
793 2601 918 2646 Argyri
966 2602 1140 2636 successore

258 2652 482 2687 Constantino
509 2649 740 2686 Monomacho
765 2651 808 2686 ad
834 2663 959 2686 annum
997 2652 1139 2687 Domini

258 2703 465 2737 millesimum
493 2701 772 2746 quadragesimum
784 2703 934 2736 oc’tavum
947 2726 958 2742 ,
985 2702 1140 2747 qninqua-

259 2753 416 2798 gefimum
440 2752 581 2795 primum
605 2762 682 2787 ante
707 2751 876 2787 liberatam
913 2763 968 2796 per
1002 2752 1142 2786 Latinos

261 2803 375 2837 urbem
401 2825 411 2842 ,
447 2802 645 2846 trigefimum
680 2802 851 2846 septimum
894 2802 966 2845 post
1003 2801 1144 2837 Bafilicae

262 2851 513 2887 destructionem
534 2877 542 2883 .
578 2852 706 2887 Verum
727 2851 829 2897 longe
863 2852 957 2886 aliter
977 2853 1143 2898 Georgius

260 2902 436 2938 Cedrenus
457 2925 464 2933 .
501 2902 688 2948 Qomodo
721 2903 902 2947 Imperator
933 2898 1143 2948 Nicephorus

261 2952 394 2987 Phocas
406 2963 558 2995 magnam
573 2951 791 2988 Antiochiam
804 2978 815 2993 ,
841 2953 874 2987 ὃς
886 2964 961 2987 cum
973 2954 1065 2988 omni
1078 2953 1144 2989 fere

262 3002 358 3044 Syria
380 3001 534 3035 Ciliciam
559 3000 692 3036 Christo
708 3003 861 3037 Domino
882 3001 1076 3045 reddiderit,
1101 3015 1145 3038 re-

261 3054 329 3086 fert
349 3063 387 3086 ac
404 3052 606 3095 prosequitur
635 3064 643 3085 :
670 3055 808 3086 Saraceni
827 3054 935 3094 amiffls
955 3059 989 3086 in
1007 3056 1090 3093 syria
1112 3056 1145 3089 (θ’

266 3103 376 3135 Cilicia
397 3101 516 3134 urbibus
530 3125 541 3140 ,
560 3105 592 3146 J
595 3112 718 3136 oannem
739 3103 993 3147 Arcbiepiscopum
1016 3104 1143 3148 Hieroso-

265 3154 349 3196 lymae
368 3157 477 3184 vivum
497 3150 714 3194 combusserunt,
728 3168 730 3171 ·
742 3155 824 3196 quod
837 3152 1058 3198 suspicarentur.
1079 3157 1144 3196 ejus

265 3201 402 3242 instinc‘lu
424 3200 627 3243 Nicephorum
647 3201 715 3243 ipfis
736 3203 842 3238 bellum
853 3205 1020 3237 illaturum.
1046 3207 1146 3239 Incen-

264 3254 377 3287 derunt
397 3255 489 3284 etiam
511 3250 906 3296 pulcherrimum.templum
928 3256 1073 3288 Dominici
1098 3258 1143 3291 Se*

264 3301 385 3347 pulchri
405 3327 413 3334 .
451 3302 567 3335 Eodem
586 3303 669 3334 modo
695 3302 866 3339 Antiocheni
887 3316 999 3348 quoque
1021 3304 1144 3347 Christo-

263 3352 393 3396 pborum
411 3349 496 3394 ficum
518 3352 696 3394 Pontificem·
709 3353 919 3395 interfecerunt
936 3380 943 3388 .
971 3355 1084 3401 Pergit
1105 3354 1143 3389 ad

266 3401 487 3437 indidi-ionem
516 3403 664 3436 ociavam
696 3401 755 3436 sub
791 3403 933 3447 Imperio
967 3404 1078 3440 Bafilii
1114 3405 1144 3439 ἀ

267 3451 483 3488 Constantini
499 3475 510 3492 ν
522 3453 574 3489 seu
586 3452 628 3487 ad
646 3463 772 3487 annum
781 3453 927 3491 Domini
939 3454 1144 3493 millefimum

371 3499 563 3548 cariffiLupi
576 3505 776 3547 oper.T0m.V.

1185 313 1282 346 levem
1310 310 1447 355 causam,
1471 314 1507 346 ὁ*
1525 311 1652 356 offensas
1678 325 1715 346 ne
1736 314 1833 348 relatu
1856 315 1977 357 quidem
2000 313 2063 357 dig·
2081 338 2101 368 F
2102 336 2134 369 01
2199 340 2209 349 ,

1187 374 1244 395 nas
1261 387 1272 403 ,
1291 362 1408 403 foedere
1422 385 1433 401 ,
1458 364 1539 403 quod
1557 367 1585 396 ei
1606 373 1670 396 cum
1691 367 1838 397 Romanis
1859 373 1927 397 erat
1951 371 2039 406 rupto
2052 386 2064 403 ‚
2137 348 2209 374 '⁷0⁰
2223 359 2230 367 ⁸

1187 413 1221 445 Θ
1256 413 1398 454 templum
1429 410 1633 453 Hierosolymis
1664 415 1708 445 ad
1735 412 1922 457 [ipah-hrum
1954 412 2065 454 christi

1181 460 1412 505 sumptuofiffime'
1422 460 1575 493 conditum
1587 467 1699 494 evertit
1710 485 1721 501 ,
1748 466 1782 497 (π
1792 461 1926 508 religiosa
1931 464 2069 505 perdidit

1187 511 1384 552 Monasteria‚
1412 512 1507 552 &qui
1515 515 1549 543 in
1564 515 1603 542 iis
1629 516 1693 551 piae
1712 515 1786 544 vitae
1807 513 2070 552 'exercitationibus

1187 570 1275 595 erant
1298 563 1414 601 dediti,
1442 571 1488 593 eos
1510 569 1567 602 per
1592 571 1690 594 omnes
1717 569 1817 593 terras
1840 570 1971 596 extorres
1992 567 2071 607 egit·

1189 611 1233 645 Et
1255 611 1356 645 infra:
1385 615 1457 644 Vita
1486 616 1616 652 turpiter
1636 609 1775 652 defundo
1785 614 1887 645 Azizio
1904 612 2073 656 AEgyptio‚

1188 666 1241 705 qui
1263 667 1295 694 in
1319 659 1502 700 Christianos
1517 658 1662 703 saevierat
1684 684 1695 701 ,
1731 661 1931 704 templumque
1958 662 2073 702 christo

1191 710 1392 755 Hierosolymis
1417 711 1586 745 dedicatum
1604 719 1757 744 everterat
1770 735 1781 752 ‚
1804 711 1888 754 filius
1904 713 1970 751 eius
1981 720 2072 744 natus

1191 774 1228 795 ex
1249 762 1380 805 quadam
1393 764 1529 793 Romana
1539 786 1550 801 ‚
1580 766 1709 803 captiva
1719 762 1784 801 eius
1795 786 1808 803 ‚
1835 760 2075 802 instaurationem

1190 811 1314 846 liberam
1327 811 1424 853 ficit.
1455 811 1504 844 Ad
1522 823 1590 844 eam
1607 822 1670 845 rem
1691 809 1761 855 suos
1793 808 1867 851 misit
1889 815 2076 853 Imperator,
2091 802 2227 840 1³⁰¹·731'

1188 862 1247 906 sed
1263 875 1295 897 eo
1314 870 1408 895 morte
1425 869 1586 903 praevento
1598 886 1609 902 ,
1635 860 1768 905 succeffor
1791 858 1922 894 Michaei
1940 863 2003 902 ejus
2025 860 2078 895 ab·

1189 911 1283 955 solvit
1303 938 1311 944 .
1348 913 1528 955 Imperator
1550 911 1605 946 hic
1625 913 1689 946 fuit
1710 911 1886 946 Romanus
1906 908 2079 954 Argyrus,

1193 963 1227 996 &
1245 963 1312 1005 ejus
1333 962 1488 998 successor
1509 961 1660 997 Michael
1681 958 1852 1006 Paphlago
1873 983 1885 1001 ,
1910 961 2079 1005 proximus

1195 1012 1407 1048 Constantini
1431 1012 1876 1047 MonomachiAnteceffor.
1905 1012 2018 1056 ltaque
2028 1009 2080 1044 bis

1196 1075 1250 1107 per
1271 1063 1445 1097 Saracenos
1455 1062 1611 1098 destrusta
1624 1087 1635 1104 ,
1662 1063 1697 1097 ὅ(
1712 1063 1762 1097 bis
1772 1062 1792 1096 ὲ
1804 1061 1901 1097 nobis
1911 1061 2081 1098 reaedifica*

1196 1124 1226 1147 ta
1247 1112 1312 1146 fuit
1331 1111 1399 1157 haec
1432 1112 1567 1146 Basilica
1591 1140 1598 1146 .
1634 1112 1873 1148 Mahometana
1896 1110 2081 1156 superstitio

1195 1164 1239 1198 est
1261 1174 1331 1197 non
1343 1161 1472 1198 tantum
1488 1174 1529 1198 ex
1542 1163 1665 1197 cunetis
1677 1163 1872 1197 Christiana».
1888 1162 2080 1206 Religionis

1196 1212 1360 1251 haerefibus
1373 1238 1384 1253 ,
1411 1212 1464 1247 sed
1481 1224 1521 1247 ex
1545 1213 1646 1247 totius
1670 1211 1787 1246 mundi
1798 1212 1960 1247 erroribus
1973 1222 2083 1246 emen·

1195 1265 1304 1298 dicata
1326 1264 1472 1308 farrago.
1499 1261 1625 1299 Christi
1649 1262 1794 1297 Domini
1823 1261 1925 1298 nostri
1936 1261 1977 1296 de
1989 1259 2087 1305 Spiri-

1196 1323 1231 1348 tu
1253 1315 1371 1349 Saneio
1384 1323 1604 1357 conceptum,
1631 1313 1666 1347 &
1677 1312 1695 1346 ὲ
1706 1312 1849 1357 Virgine
1876 1311 2087 1346 nativitatem

1196 1364 1365 1399 nobiscum
1387 1363 1490 1397 credit
1511 1364 1546 1396 &
1564 1371 1759 1403 veneratur,
1785 1361 1898 1396 verum
1910 1361 1979 1404 eJus
1989 1360 2089 1397 nobis

1198 1412 1405 1447 necessariam
1428 1422 1592 1451 mortem,
1617 1412 1652 1445 &
1674 1409 1864 1445 scandalum
1874 1411 1977 1445 crucis
1988 1409 2087 1444 abne·

1196 1473 1252 1507 gat
1274 1473 1350 1496 cum
1373 1459 1571 1495 Manichaeis
1591 1462 1625 1495 &
1650 1458 1873 1503 blasphemat.
1901 1459 1995 1494 Hinc
2019 1459 2083 1502 pri-

1196 1522 1249 1542 ma
1270 1513 1505 1550 Saracenorum
1527 1508 1632 1541 rabies
1655 1510 1778 1550 semper
1798 1510 1862 1543 fuit
1874 1509 1912 1541 in
1922 1510 2090 1542 Sacrosan-

1198 1560 1280 1592 stam
1295 1557 1463 1590 Basilicam
1478 1555 1651 1593 Dominici
1666 1554 1853 1598 Sepulchri.
1880 1557 1974 1591 Hinc
1987 1558 2089 1601 ipsam

1199 1607 1341 1642 mirifico
1360 1605 1493 1640 caelestis
1518 1605 1606 1650 ignis
1640 1605 1803 1640 miraculo
1823 1606 1924 1640 etiam
1949 1605 2091 1641 honora-

1199 1659 1247 1693 vit
1268 1657 1396 1692 Divina
1419 1656 1605 1691 Clementia
1626 1680 1639 1698 ‚
1675 1656 1709 1692 &
1731 1654 1834 1701 usque
1869 1653 1969 1691 hodie
1992 1655 2088 1692 nobis

1199 1707 1396 1743 custoditur.

1249 1756 1341 1792 Idem
1356 1758 1551 1793 miraculum
1563 1758 1703 1802 exponit
1716 1759 1749 1793 in
1762 1756 1840 1793 sacri
1851 1757 1935 1793 Belli
1954 1757 2091 1793 historia*

1200 1807 1389 1842 Fulcherius
1412 1808 1645 1842 Carnutenfis:
1673 1808 1860 1852 Consuetudo
1882 1808 1938 1850 est,
1967 1817 2091 1851 propter

1200 1865 1298 1904 ignem
1321 1858 1489 1897 Caelestem,
1515 1864 1567 1900 qui
1577 1859 1622 1891 ad
1645 1858 1834 1901 Sepulchrum
1858 1861 2045 1891 Dominicum
2056 1865 2092 1891 in

1199 1919 1371 1951 unoquoque
1391 1920 1471 1941 anno
1490 1907 1682 1951 descenfibilis
1694 1909 1810 1943 caelitus
1822 1932 1834 1948 ,
1863 1917 1938 1942 nutu
1954 1911 2093 1950 Divino,

1200 1965 1232 1993 in
1247 1958 1439 2000 lampadibus
1452 1982 1464 1999 ,
1492 1964 1526 1992 in
1539 1960 1647 2003 vigilia
1660 1957 1785 2002 Pascbae
1802 1957 1877 2002 solet
1888 1960 2008 1995 accendi
2021 1984 2032 2000 ,
2057 1966 2093 1993 ut

1199 2016 1373 2052 quicumque
1409 2014 1491 2042 intra
1530 2008 1736 2050 Monasterium
1773 2009 1850 2043 illud
1881 2007 2094 2053 sanlliffimum

1199 2060 1282 2102 ineffl-
1299 2060 1422 2100 poffint,
1448 2061 1497 2093 die
1522 2060 1570 2092 illo
1591 2068 1650 2093 roto
1671 2058 1758 2103 ipfius
1782 2060 1919 2105 vigilia,
1940 2058 2097 2102 supplica·

1201 2115 1274 2142 tioni
1298 2110 1472 2142 &orationi
1495 2119 1666 2149 vacantes,
1690 2111 1788 2144 lumen
1802 2110 1881 2143 illud
1903 2111 1924 2142 ἃ
1950 2112 2011 2143 Deo
2026 2113 2095 2142 mit·

1200 2158 1324 2190 tendum
1351 2159 1453 2189 devoti
1477 2158 1574 2190 cantii
1600 2158 1793 2199 exspuis-nt.
1819 2163 1866 2191 Et
1886 2161 1954 2192 cum
1980 2160 2093 2193 dioillo

1182 2079 1329 2258 iBafilica
1349 2206 1401 2237 illa
1421 2205 1601 2246 sanniffima
1624 2207 1662 2240 de
1685 2215 1775 2240 tanta
1783 2216 1874 2250 gente
1885 2209 1980 2248 plena
1993 2208 2093 2246 existo-

1185 2265 1246 2289 ÷ret
1258 2280 1268 2295 ,
1295 2254 1399 2286 boram
1419 2260 1532 2288 circiter
1553 2260 1674 2288 tertiam
1690 2256 1801 2298 jussum
1821 2255 1891 2295 esta
1906 2256 2094 2292 Patriarcbae

1184 2292 1320 2346 iofficium
1335 2306 1483 2336 Divinum
1507 2305 1528 2335 ἃ
1541 2309 1701 2338 canonicis
1713 2310 1821 2346 incipi.
1850 2308 1932 2338 Tunc
1945 2306 2085 2340 lebitones,

1186 2353 1282 2388 zlec‘iae
1301 2352 1373 2393 sunt
1392 2353 1583 2385 alternatim.
1615 2354 1707 2386 Prius
1729 2357 1860 2387 Latinus
1873 2358 2007 2396 Latine,
2030 2365 2085 2399 poe

1187 2401 1302 2444 sterius
1324 2402 1394 2433 vero
1420 2403 1542 2435 Graecus
1567 2404 1672 2438 Graece
1683 2404 1850 2439 identidem
1870 2407 1951 2448 quod
1961 2410 2093 2441 Latinus

1199 2452 1310 2495 legerat
1336 2455 1367 2482 in
1391 2451 1508 2492 pulpito
1518 2452 1639 2495 relegit.
1666 2455 1800 2496 Officium
1811 2458 1919 2498 quippe
1929 2456 1970 2499 fic
1982 2462 2026 2490 eis
2040 2467 2093 2490 ex-

1197 2499 1345 2544 plentibus
1357 2524 1368 2539 ‚
1394 2509 1465 2534 ante
1486 2500 1590 2535 boram
1606 2501 1761 2547 paulisper
1785 2516 1895 2539 nonam
1919 2512 2004 2549 coepit
2016 2517 2094 2542 unus

1187 2553 1238 2615 ‘de
1258 2553 1375 2584 Grecis
1398 2552 1418 2583 ἃ
1435 2559 1526 2592 parte
1551 2564 1611 2586 una
1636 2554 1827 2596 transterit,
1848 2563 1905 2598 pro
1928 2568 2007 2591 more
2015 2554 2098 2600 pris-

1202 2614 1249 2642 co,
1277 2612 1346 2634 voce
1373 2600 1500 2644 altisona
1525 2605 1616 2642 Kyrie
1640 2604 1744 2649 eleison
1755 2606 1944 2640 exclamare:
1972 2611 2031 2643 Cui
2033 2606 2096 2647 sta-

1203 2658 1258 2685 tim
1280 2650 1375 2684 cuncti
1395 2657 1446 2693 qui
1470 2653 1600 2693 aderant
1613 2678 1625 2695 ,
1651 2655 1828 2696 modofimili
1837 2658 1962 2690 eundem
1973 2666 2094 2690 cantum

1204 2700 1414 2744 responderunt
1433 2727 1442 2735 .
1469 2706 1534 2746 Ego
1560 2713 1658 2738 autem
1682 2705 1857 2739 Fulcberius
1885 2730 1898 2747 ,
1934 2712 1985 2749 qui
2011 2717 2097 2741 num·

1203 2764 1294 2795 quam
1318 2750 1697 2796 buJ'usmodi-‘ijpboniam
1719 2757 1900 2791 audiveram
1913 2781 1925 2797 ,
1950 2758 2094 2800 multique

1205 2804 1259 2835 alii
1272 2826 1282 2842 ,
1308 2804 1447 2836 tumultui
1457 2803 1674 2844 huiclaudifluo
1690 2807 1848 2847 moderni,
1874 2808 1963 2840 oculis
1974 2805 2095 2850 sursum

1203 2853 1307 2887 ereffls
1327 2876 1338 2893 ,
1375 2853 1511 2888 cordibus
1532 2856 1697 2897 compunae‘li
1716 2858 1754 2890 de
1776 2864 1859 2891 terra
1877 2856 2095 2900 surreximus,

1205 2904 1239 2936 ὦ·
1258 2904 1355 2936 lumen
1376 2905 1487 2938 almum
1497 2906 1586 2939 alicui
1595 2911 1627 2939 in
1639 2906 1767 2949 Ecclesia
1772 2909 1847 2949 jam
1857 2909 1978 2942 accendi
1990 2906 2097 2951 spera·

1205 2958 1304 2987 vimus
1317 2978 1324 2985 .
1351 2955 1411 2988 sed
1430 2967 1494 2988 cum
1510 2954 1628 2999 sursum
1651 2969 1685 2990 ac
1707 2956 1841 3001 deorsum
1856 2982 1868 2998 ‚
1891 2957 2096 2999 haee-tiliae,

1205 3002 1382 3044 bumiliffimo
1398 3007 1482 3040 corde
1505 3011 1682 3040 intueremur
1709 3032 1721 3048 ,
1756 3014 1828 3050 quia
1848 3009 1978 3042 nondum
2006 3018 2095 3043 vene-

1206 3063 1257 3087 rat
1268 3079 1278 3095 ,
1305 3060 1364 3088 tion
1385 3056 1421 3088 id
1431 3058 1566 3090 vidimus
1578 3083 1585 3089 .
1618 3061 1695 3090 Cum
1706 3067 1806 3091 autem
1818 3063 1883 3092 vice
1893 3064 1976 3094 trina
1988 3061 2092 3093 Graeco

1201 3104 1346 3145 praedieio
1359 3107 1448 3145 Kyrie
1469 3105 1573 3150 eleison
1583 3106 1739 3141 inchoante
1753 3131 1764 3149 ,
1789 3114 1893 3143 caeteri
1904 3120 2001 3144 omnes
2013 3110 2093 3142 idem

1204 3155 1396 3190 exclamando
1415 3155 1626 3201 respondfflnt
1638 3182 1649 3198 ‚
1682 3157 1819 3199 filuerune
1843 3185 1850 3191 .
1869 3189 1874 3193 .
1890 3162 1938 3193 Et
1957 3159 2095 3194 continu&

1204 3207 1344 3238 canonici
1355 3206 1473 3247 offiium
1478 3206 1567 3251 suum
1569 3209 1640 3248 jam
1653 3217 1816 3252 incaptum
1826 3211 2071 3253 decantaverunt
2078 3232 2089 3240 .

1205 3258 1328 3288 Interim
1346 3257 1448 3291 devoti
1460 3256 1707 3301 exspet‘labamus
1733 3265 1833 3304 ignem
1846 3257 1987 3302 santium
2001 3280 2013 3299 ,
2032 3262 2092 3302 *qui

1205 3303 1306 3338 boram
1326 3312 1440 3344 circiter
1459 3320 1569 3341 nonam
1592 3310 1739 3344 advenire
1759 3315 1823 3344 ritu
1841 3308 1958 3354 filtbat
1979 3334 1988 3342 .
2025 3312 2094 3352 Nec

1205 3355 1298 3389 multo
1319 3356 1381 3397 post
1390 3376 1403 3398 ‚·
1423 3357 1495 3400 ficut
1502 3364 1654 3401 „primitus
1663 3391 1667 3395 ,
1676 3364 1767 3400 torru-⁴
1779 3358 1890 3403 'uersam
1902 3360 2092 3395 deramatam

1198 3405 1303 3447 fuerat
1320 3430 1331 3446 ,
1344 3427 1349 3436 2
1359 3405 1401 3446 fic
1421 3414 1497 3453 vice.
1512 3407 1639 3452 ‚secunda
1666 3415 1823 3454 repetitum
1841 3409 1908 3451 fitlt
1931 3431 1943 3447 2
1985 3405 2089 3450 missu*

1202 3454 1271 3499 sono
1292 3463 1379 3494 tanto.
1402 3463 1557 3502 concitati,
1576 3456 2087 3542 {lamprefemiaeeudifluamprm

1978 3511 2042 3544 cotti
