2366 3756
62 977 106 1005 Eu
115 993 124 1002 .
135 983 163 1012 3.

61 1016 115 1053 Ep.
131 1023 177 1051 30-

55 1545 107 1582 Ep.
122 1553 136 1581 3
145 1555 171 1575 ιι

905 122 1385 197 filcrATus.

245 242 307 278 suis
315 239 547 276 additamentis
558 236 746 281 symbolum
758 239 788 273 S.
802 237 871 271 Leo
885 236 1042 271 firmavit.

294 292 371 326 Alia
392 291 437 326 est
459 290 542 325 ratio
572 288 828 323 Constantienfis
848 287 1011 321 Concilii.
1040 286 1118 322 Erat

244 341 390 388 legitime
408 339 563 375 indictum
575 340 855 383 &congregatum
866 361 874 369 .
902 336 1067 379 Anporro
1079 337 1120 371 le—

243 392 359 439 gitime
368 400 567 436 congregata
577 389 730 433 Synodus
740 413 752 429 ‚
778 399 815 422 ac
826 387 882 430 ipss
897 387 1039 430 praefecta
1052 387 1119 421 Ro-

243 444 336 478 mani
363 441 515 486 Episcopi
540 440 664 485 legatio
676 462 689 479 ,
724 449 777 481 per
796 438 935 481 ejusdem
962 436 1117 480 Episcopi

241 493 423 528 naturalem
444 501 500 525 aut
520 490 650 525 civilem
673 499 814 523 mor-tem
836 488 976 522 incurrat
986 488 1048 520 suae
1062 498 1118 530 po-

242 540 664 586 testatisinterpolationem
683 549 738 573 aut
761 538 996 581 suspensionem
1010 562 1020 578 ‚
1048 549 1115 571 non

242 593 287 628 est
300 591 457 638 praesentis
466 591 622 634 temporis
632 588 764 633 quaestio
778 613 789 627 ,
809 599 868 622 nec
880 588 994 630 spectat
1006 587 1047 621 ad
1061 598 1120 622 noe

242 644 342 677 strum
355 642 577 685 Propositum.
589 638 686 674 Certe
697 649 750 682 per
759 638 866 672 S'ansti
875 636 1016 672 ‘Fabiani
1029 636 1117 670 Mar-

240 693 369 736 tyrium
380 701 517 727 vacante
539 689 730 734 Apostolica
752 686 911 722 Cathedra
920 712 931 728 ‚
959 688 1117 722 Romanae

241 742 391 778 Ecclefiae
403 743 517 777 Clems
528 740 652 776 censuit
674 739 798 773 nullam
820 738 876 771 fibi
898 739 959 772 effe
980 738 1116 781 potesta·

241 804 309 828 tem
321 818 332 834 ,
358 804 422 838 qua
433 791 576 827 deductis
586 789 626 825 ad
636 790 667 824 se
678 789 892 823 Ecclefiarum
913 786 1116 832 gravioribus

241 845 363 884 caufis,
389 853 427 877 ac
437 852 523 876 nova
534 839 723 883 Disciplinae
744 838 883 873 Decreta
904 836 1115 882 exigentibus

240 892 457 927 relationibus
483 888 685 934 responderet
704 916 723 924 ..
751 888 794 921 Et
835 888 1021 922 Romanam
1050 892 1113 919 vice

241 941 371 983 Pastoris
391 940 565 976 custodivit
577 951 674 984 atque
685 939 768 973 rexit
790 938 986 977 Ecclesiam,
1013 937 1047 970 ὅ(
1069 936 1115 968 su-

238 1003 297 1038 per
319 992 420 1027 totius
441 991 590 1026 Ecclefiae
611 1000 746 1032 corpore
765 987 939 1022 excubavit
961 1010 973 1025 ‚
1011 986 1115 1018 avitos

240 1043 395 1077 Canones
405 1053 442 1075 ac
453 1040 656 1082 disciplinam
670 1035 797 1070 strenue
806 1036 976 1069 exsecutus
986 1034 1030 1070 est
1043 1058 1052 1073 ‚
1065 1045 1114 1067 ve-

238 1093 311 1127 rum
321 1093 339 1127 a
349 1092 386 1126 Sa
394 1093 465 1125 neto
478 1088 647 1132 Cypriano
659 1087 692 1121 &
703 1086 775 1119 aliis
798 1082 876 1118 hinc
894 1085 970 1118 inde
993 1083 1115 1117 Prima-

238 1144 329 1177 tibus
354 1140 512 1175 Gentium
536 1137 704 1181 Episcopis
723 1135 762 1167 de
784 1134 977 1176 poenitentia
999 1134 1115 1166 functis

239 1190 423 1227 idololatris
432 1188 539 1226 danda
551 1197 664 1223 contra
677 1185 815 1228 priorem
841 1182 1014 1219 Canonem
1035 1193 1114 1228 pace

238 1252 371 1286 rogatus
385 1239 567 1282 respondit:
598 1235 695 1269 Nobis
708 1234 879 1275 differendae
890 1232 981 1274 hujus
1004 1238 1045 1264 rei
1067 1244 1115 1265 ne-

237 1292 344 1331 ceffitas
352 1290 448 1330 major
457 1286 598 1321 incumbit
612 1309 622 1324 ‚
647 1284 753 1328 quibus
760 1283 822 1325 post
837 1283 974 1326 exccffum
986 1282 1114 1321 nobiltffi-

237 1354 296 1374 mae
306 1343 451 1373 memoriae
462 1343 523 1372 viri
537 1337 669 1370 Fabiani
680 1335 808 1367 nondum
819 1331 857 1372 est
871 1331 1034 1375 Episcopus
1044 1340 1115 1373 pro-

232 1399 304 1433 pter
315 1401 411 1424 rerum
424 1390 458 1423 ὁ·
467 1395 628 1429 temporum
640 1385 826 1427 difficultates
846 1383 1015 1422 constitutus
1026 1407 1037 1422 ‚
1063 1388 1114 1423 qut·

235 1447 336 1474 omnia
349 1440 402 1480 ista
412 1439 577 1474 moderetur
587 1461 598 1480 ,
607 1431 657 1474 ’ψ
665 1446 761 1471 eorum
772 1439 824 1477 qui
834 1431 910 1475 lapsi
920 1430 940 1475 s
938 1439 991 1465 unt
1003 1456 1013 1472 ,
1035 1431 1114 1476 poffit

234 1502 303 1525 cum
313 1489 420 1532 consilio
428 1490 462 1523 (9*
471 1487 643 1522 auc‘loritate
654 1484 758 1519 habere
767 1490 912 1517 rationem
925 1508 931 1515 .
953 1483 995 1515 Et
1008 1481 1092 1518 infra
1105 1494 1112 1514 ε

233 1543 335 1583 Cujus
345 1544 571 1582 temperamenti
583 1538 768 1570 moderamen
779 1546 830 1567 nos
853 1533 898 1567 hic
918 1541 1015 1568 tenere
1036 1543 1115 1575 quae-

171 1619 177 1628 .
232 1600 355 1631 rentes,
380 1591 476 1624 diu&
489 1590 608 1631 quidem
632 1587 741 1625 multi,
767 1587 801 1619 Θ
821 1585 939 1626 quidem
966 1592 1031 1616 cum
1050 1586 1113 1622 qut-

231 1639 362 1682 busdam
383 1638 538 1681 Episcopis
556 1642 666 1670 vicinis
681 1635 763 1668 nobis
787 1636 822 1666 &
844 1635 1114 1673 appropinquanti-

228 1689 312 1728 bus,
337 1689 452 1729 &quos
463 1697 501 1718 ex
513 1687 582 1716 aliis
610 1685 779 1729 Provinciis
799 1681 881 1724 longe
899 1680 1000 1722 pofitls
1017 1678 1113 1723 perse·

231 1743 354 1773 curionis
373 1736 452 1778 istius
471 1735 561 1766 ardor
571 1726 719 1772 ejecerat}
745 1739 814 1762 ante
827 1730 1055 1768 constitutionem
1071 1733 1113 1761 Ε-

228 1785 342 1831 piscopi
354 1784 431 1817 nihil
448 1782 652 1815 innovandum
669 1785 846 1823 putavimus
858 1804 869 1819 ,
890 1777 949 1823 sed
966 1778 1114 1823 lapsorum

232 1848 335 1872 curam
345 1835 524 1868 mediocriter
535 1832 758 1874 temperandam
771 1831 820 1873 effe
831 1831 975 1863 credimus
986 1855 996 1871 ‚
1022 1838 1055 1863 ut
1069 1835 1114 1863 in-

232 1892 321 1920 terim
337 1886 407 1918 dum
418 1882 594 1926 Episcopum
605 1884 672 1915 dari
683 1883 702 1914 ἃ
711 1884 772 1914 Deo
784 1879 866 1913 nobis
877 1877 1030 1919 sustinetur
1047 1904 1058 1919 ,
1081 1885 1114 1912 in

229 1933 369 1981 suspenso
383 1945 480 1968 eorum
492 1958 503 1973 ‚
527 1937 583 1976 qui
604 1941 702 1964 moras
722 1931 838 1974 possunt
857 1930 1008 1962 dilationis
1027 1927 1113 1970 susti-

231 1997 303 2020 mre
328 2009 340 2025 ‚
362 1982 450 2028 causa
467 1990 602 2016 teneatur
620 1986 646 2013 .'
664 1980 803 2025 Aliquid
826 1980 1112 2022 interloquuntur,

231 2033 320 2071 nihil
339 2034 461 2069 audent
470 2032 623 2066 definire.
652 2032 721 2065 Cur
731 2029 893 2075 generalis
906 2028 1032 2072 Synodi
1045 2037 1110 2059 non

230 2085 269 2121 sit
279 2084 392 2119 eadem
402 2085 486 2118 ratio
498 2083 514 2113 ἓ
542 2083 632 2115 Nam
644 2081 754 2122 &ipsa
768 2090 847 2113 tunc
869 2079 924 2111 estv
934 2079 999 2111 sine
1025 2077 1112 2122 capi-

230 2140 283 2170 te.
309 2135 421 2168 Etiam
432 2127 682 2175 Apostolici'per
696 2128 865 2170 Illyricum
878 2125 1005 2160 Vicarii
1024 2134 1112 2168 pote·
1137 2150 1140 2157 .

231 2185 295 2217 stas
305 2181 468 2216 desinebat
491 2191 544 2223 per
564 2176 735 2212 Pontificis
759 2183 918 2210 mortem:
946 2173 1044 2209 Certe
1064 2175 1120 2216 sy·—

230 2232 363 2267 nodalis
383 2232 525 2276 Legatus
546 2228 644 2263 habet
666 2227 853 2272 pariformes
884 2225 972 2260 vices
991 2249 998 2256 .
1043 2224 1112 2258 Du-

230 2294 303 2317 rare
313 2281 546 2326 poffinmsque
556 2278 599 2313 ad
610 2278 858 2312 revocationem
871 2288 878 2307 :
906 2276 1043 2310 Certum
1065 2273 1109 2308 est

231 2332 350 2367 debere
371 2342 426 2376 per
437 2340 563 2364 novum
586 2327 784 2362 Pontificem
807 2325 957 2359 ratificari
971 2350 978 2357 .
1006 2325 1108 2373 Qod

230 2383 339 2426 ipsum
351 2380 509 2415 creditum
520 2378 642 2413 fuiffea
660 2378 785 2421 Joanne
805 2376 971 2416 Geffone,
993 2374 1042 2408 est
1065 2375 1110 2407 su-

227 2431 288 2476 pra
312 2430 476 2467 ostensum
495 2454 502 2461 .
531 2427 696 2476 roirca
722 2425 976 2461 Constantiense
998 2434 1111 2458 contra

229 2481 374 2516 §icarios
385 2481 564 2515 Decretum
576 2501 587 2517 ‚
612 2478 670 2511 nisi
690 2477 708 2511 a
729 2476 881 2510 Martino
900 2475 1019 2519 quinto
1043 2486 1114 2518 pro-

229 2530 347 2566 batum
361 2531 400 2564 fit
423 2531 456 2565 &
478 2530 640 2563 firmatum
654 2552 664 2569 ,
691 2526 794 2571 potest
814 2527 876 2559 effe
897 2535 1029 2565 verum,
1058 2525 1110 2558 sed

228 2590 303 2614 non
326 2579 424 2614 habet
444 2578 635 2622 synodalem
648 2577 872 2612 auctoritatem
885 2601 892 2609 .
920 2574 1011 2607 Nam
1025 2574 1111 2608 sexta

228 2629 384 2672 Synodus
400 2653 411 2669 ‚
450 2627 527 2662 licet
548 2628 639 2669 juxta
665 2625 898 2669 Apostolicum
920 2624 1111 2658 mandatum

227 2678 466 2723 &suffragium
479 2676 602 2722 perac'ca
615 2701 625 2717 ,
653 2675 863 2716 firmitatem,
889 2686 987 2717 quam
1006 2685 1109 2709 morte

226 2737 411 2773 'praeventus
433 2739 501 2762 non
522 2726 655 2762 dederat
678 2725 812 2759 Sanctus
841 2723 977 2768 Agatho
998 2747 1009 2763 ‚
1033 2725 1112 2767 peti-

229 2778 284 2812 vit
295 2777 555 2820 acimpetravita
576 2777 694 2810 Sanfto
717 2775 829 2810 Leone
848 2774 1013 2808 secundo:
1040 2775 1111 2809 Nec

228 2837 330 2862 antea
354 2828 386 2861 se
407 2825 545 2860 credidit
569 2826 693 2859 firmam
715 2851 722 2857 .
751 2823 957 2869 Augustinus
978 2823 1112 2858 Trium-

222 2876 314 2922 ·phus
337 2887 406 2910 non
425 2875 466 2909 de
477 2874 655 2914 Concilio,
682 2873 735 2908 sed
749 2875 791 2909 de
806 2874 950 2908 universa
966 2873 1108 2908 Ecclefia

227 2927 393 2972 loquitur.
421 2926 466 2959 Et
479 2925 583 2969 ipsum
596 2924 769 2965 sequuntur
782 2925 921 2959 Alvarus
933 2923 1085 2969 Pelagius
1099 2949 1109 2966 ,

229 2977 265 3011 ἃ.
291 2975 474 3010 cardinalis
495 2975 746 3009 Panormitanus
769 3000 776 3007 .
802 2975 884 3009 Falli
904 2974 989 3017 ipsos
1003 2974 1110 3009 existi-

227 3037 306 3062 mo.
335 3026 492 3060 Romanae
506 3036 559 3068 per
569 3023 678 3059 Sansti
688 3024 822 3060 Fabiani
836 3033 974 3058 mortem
995 3035 1109 3058 vacan-

228 3077 272 3111 tis
286 3075 437 3108 Ecclefiae
450 3074 564 3110 Clerus
575 3072 620 3108 est
633 3074 739 3116 potins
758 3074 954 3109 audiendus.
985 3073 1108 3107 Vidua—

228 3134 262 3160 ta
277 3125 413 3160 Ecclesia
425 3124 441 3157 a
454 3124 574 3167 Spiritu
590 3124 698 3157 sancto
711 3126 831 3171 regitur
853 3125 886 3158 &
908 3123 1089 3158 custoditur
1098 3146 1108 3162 ,

188 3176 191 3179 ’
227 3186 332 3210 errare
348 3186 415 3209 non
431 3173 533 3217 potest
546 3197 556 3213 ,
587 3173 727 3215 ideoque
754 3185 852 3208 novas
869 3174 1003 3209 definire
1026 3185 1108 3218 qua:-

230 3226 376 3266 stiones,
402 3233 458 3259 aut
470 3231 574 3258 novos
600 3223 740 3257 condere
757 3222 908 3259 Canones
929 3235 1105 3268 numquam

228 3274 401 3310 attentabit
414 3300 421 3307 .

276 3324 500 3373 Qaestionem
513 3349 523 3365 ,
549 3322 590 3358 de
603 3334 666 3366 qua
677 3321 716 3356 ad
728 3323 903 3360 Basileense
915 3324 1105 3361 Concilium

227 3374 382 3418 rescripsit
407 3373 575 3419 Eugenius
599 3382 753 3416 quartus,
793 3377 947 3420 proponit
972 3377 1007 3411 in
1035 3374 1104 3410 Ad—

327 3423 689 3470 Cbrss.Lupi0peraTom.
695 3427 730 3458 V.
1112 3445 1113 3448 =

1180 239 1322 274 ventuali
1345 236 1385 271 ad
1398 237 1684 274 Constantiensem
1705 238 1878 284 Synodum
1899 242 2055 279 Sermone

1181 289 1293 324 Petrus
1305 287 1489 323 Cardinalis
1499 289 1541 324 de
1555 290 1692 324 Aliaco:
1720 291 1885 324 Auc‘loritas
1905 292 2054 327 decernen-

1179 342 1211 373 di
1222 342 1255 374 Θ
1266 338 1426 381 definiendi
1437 349 1493 372 non
1504 338 1542 381 est
1553 340 1748 374 attribuenda
1757 336 1812 383 soli
1824 340 1958 382 Pontifici
1967 366 1978 383 ,
1991 342 2056 385 ,sed

1179 396 1232 423 toti
1253 390 1379 423 Concilio
1383 390 1530 433 generali.
1559 392 1642 424 Unde
1659 395 1739 423 mani
1757 390 1810 431 este
1819 391 1991 433 reprobatur
2012 404 2055 427 er«

1177 451 1224 472 ror
1238 440 1429 482 quorumdam
1437 438 1675 481 pernictofiffimus
1691 466 1701 480 ,
1727 446 1776 483 qui
1799 442 1951 475 adulando
1972 450 2055 483 pote-

1175 489 1247 530 stati
1258 490 1368 531 Papalt
1379 491 1424 522 1·τᾶ
1445 489 1607 522 detrahunt
1629 490 1795 523 auctoritati
1809 490 1891 533 sacri
1912 493 2053 532 concilii,

1177 549 1210 571 ut
1233 541 1326 573 dicere
1345 538 1533 582 praesumanr
1569 541 1648 582 quod
1669 543 1756 581 Papa
1778 551 1834 573 non
1852 542 1944 582 potest
1964 540 2058 584 neces-

1174 592 1255 630 sario
1273 588 1358 631 sequ}
1378 589 1612 623 deliberationem
1637 591 1758 623 Concilii
1777 613 1788 630 ‚
1813 593 1900 622 immo
1915 591 2054 630 standum

1176 639 1241 681 esset
1260 637 1414 681 sententiae
1438 641 1533 681 Papae
1547 663 1556 679 ,
1576 638 1606 680 fi
1624 639 1755 681 Ecclefiae
1776 640 1965 683 velgeneral1
1977 645 2055 674 Con-

1176 691 1242 723 cilio
1267 689 1448 722 contradicat
1467 714 1474 721 .
1514 689 1678 723 Existimo
1714 690 2055 734 Constantinopolita-

1179 750 1253 772 nam
1266 763 1276 779 ‚
1290 736 1604 772 ‘Chalcedonensem
1614 763 1625 780 ‚
1636 740 1798 784 Qintam
1812 764 1823 779 ‚
1833 739 2031 774 Trullanam
2042 764 2054 779 ‚

1178 801 1214 822 ac
1235 789 1414 832 Septimam
1436 788 1590 831 Synodos
1618 799 1686 821 non
1707 789 1800 822 fiiifl'e
1819 789 1946 832 Papalis
1966 800 2052 833 pote·

1179 839 1265 873 statis
1287 838 1479 873 adulatrices
1499 850 1506 870 :
1544 838 1588 871 Et
1608 848 1720 871 tamen
1743 838 1816 871 suos
1840 837 1993 872 Canones
2019 840 2053 873 ὅ(

1177 889 1239 922 alia
1264 888 1410 932 quaedam
1439 886 1521 922 Aua
1539 912 1548 927 ‚
1577 887 1666 930 quod
1685 887 1770 921 solus
1783 885 1870 930 Papa
1894 888 2056 922 contradi-

1176 949 1260 972 ceret
1274 963 1284 979 ,
1295 939 1442 972 confessae
1454 938 1528 971 sunt
1540 938 1603 972 effe
1613 939 1742 972 infirma
1755 938 1789 971 δε
1800 937 1920 972 caduca
1933 964 1939 971 .
1963 938 2056 972 Adu-

1177 989 1235 1021 lari
1254 989 1301 1022 est
1328 989 1437 1022 minus
1459 988 1583 1022 crimen
1599 1012 1610 1028 ,
1636 987 1734 1032 quam
1757 987 1921 1023 detrahere
1943 998 1997 1022 aut
2009 989 2057 1021 fu·

1176 1037 1255 1071 rari.
1284 1037 1389 1072 Unde
1409 1039 1443 1071 &
1463 1038 1563 1072 Petro
1584 1038 1749 1074 Aiiacensi
1773 1038 1938 1072 adversam
1952 1038 2057 1082 Euge-

1178 1086 1224 1120 nii
1246 1087 1352 1130 quarti
1382 1088 1546 1131 Regulam
1570 1087 1693 1121 admisit
1721 1088 1874 1130 Synodus
1900 1087 2057 1122 Basileen-

1178 1137 1230 1169 fis.
1258 1134 1405 1169 Eandem
1431 1137 1638 1178 quaestionem
1664 1138 1697 1170 in
1722 1137 1937 1180 synodalium
1950 1148 2056 1177 rerum

1178 1185 1267 1221 libris
1289 1185 1444 1230 proponit
1465 1184 1566 1218 etiam
1586 1186 1772 1219 Fredericus
1784 1188 1914 1221 Nausea
1929 1187 2061 1234 Episco-

1177 1247 1235 1279 pus
1247 1234 1454 1268 Viennensis:
1483 1234 1628 1267 Patribus
1647 1240 1679 1266 in
1706 1236 1832 1268 Concilio
1854 1237 1873 1269 ἃ
1898 1239 1985 1276 Papa
2009 1237 2060 1268 vel

1176 1288 1238 1326 ejus
1268 1288 1380 1330 Legato
1404 1282 1658 1326 diffi’ntiemibus,
1688 1286 1774 1323 cujus
1797 1286 1909 1324 judicio
1926 1284 1963 1325 fit
1979 1285 2060 1327 stan-

1176 1337 1245 1368 dum
1257 1334 1273 1365 ἓ
1294 1335 1338 1368 Et
1350 1332 1521 1377 respondet
1535 1345 1542 1365 :
1570 1335 1676 1366 Prima
1683 1330 1785 1372 fronte
1798 1345 1855 1366 non
1866 1336 1987 1366 videtur
2015 1346 2060 1368 ac-

1176 1386 1336 1419 cedendum
1347 1390 1399 1417 unt
1406 1382 1516 1427 solique
1529 1385 1641 1424 Papae,
1670 1381 1839 1424 praesertim
1864 1389 1896 1416 in
1920 1383 2008 1427 causa
2024 1385 2061 1427 fi·
2082 1384 2146 1418 L-5·
2161 1391 2185 1412 C·
2202 1389 2228 1416 3»

1177 1436 1225 1471 dei
1236 1441 1247 1476 '‚
1272 1435 1336 1472 ciam
1350 1432 1426 1476 satis
1445 1431 1633 1481 periculosum
1656 1433 1800 1469 videntur
1817 1433 1909 1475 fldem
1930 1434 2060 1474 nostram

1178 1492 1264 1522 unius
1278 1484 1405 1517 hominis
1419 1482 1543 1515 arbitrio
1555 1488 1696 1516 committi
1711 1508 1718 1515 .
1745 1486 1812 1516 Nec
1822 1482 1909 1525 usque
1919 1486 1993 1517 adea
2011 1485 2059 1526 su-

1176 1536 1301 1576 perbum
1318 1533 1368 1575 effic
1379 1535 1496 1573 Papam
1507 1534 1655 1565 credimus
1668 1555 1677 1569 ‚
1688 1533 1767 1573 quod
1780 1532 1839 1574 ipse
1847 1532 1926 1575 solus
1938 1536 1971 1567 (η’
1982 1546 2060 1567 unus

1178 1583 1262 1616 bomo
1272 1587 1325 1615 toti
1337 1587 1554 1625 congregationi
1563 1579 1589 1622 s
1585 1591 1652 1612 uum
1657 1582 1805 1620 judicium
1815 1582 1963 1622 pra-ferat
1977 1607 1986 1622 ‚
2009 1593 2062 1625 pe-

1178 1634 1264 1667 rinde
1275 1630 1396 1674 atquefi
1406 1630 1467 1673 ipse
1479 1633 1497 1662 5
1494 1627 1765 1672 piritumJam‘lum
1780 1630 1886 1663 habeat
1898 1656 1908 1671 ‚
1928 1636 2060 1667 maxim&

1179 1685 1258 1728 quod
1267 1684 1361 1723 major
1370 1682 1440 1714 urbe
1448 1679 1484 1721 fit
1497 1680 1576 1712 orbls
1589 1704 1595 1710 .
1626 1682 1677 1711 Ne
1695 1686 1796 1721 itaque
1808 1683 2015 1724 navigandum
2020 1683 2060 1724 fit

1178 1741 1253 1768 mter
1260 1731 1376 1777 scyllam
1403 1733 1436 1766 (ς
1447 1728 1610 1766 charibdim
1620 1752 1631 1770 ,
1653 1730 1784 1772 plerique
1808 1742 1907 1763 omnes
1919 1732 2059 1767 Doctores

1178 1786 1367 1819 arbitrantur
1381 1808 1391 1824 ,
1404 1782 1558 1827 sententiae
1573 1785 1672 1823 Papae
1680 1783 1803 1824 prorsus
1814 1782 1863 1825 effe
1871 1775 2059 1822 standum'm

1179 1841 1290 1880 negotio
1311 1833 1380 1875 fidet
1400 1835 1485 1876 prius·
1503 1842 1558 1876 per
1585 1831 1770 1874 apostolicam
1791 1834 1893 1865 Sedem
1918 1832 2060 1875 definito,

1176 1886 1255 1928 quod
1282 1884 1338 1927 ipfi
1363 1887 1471 1918 Patres
1493 1884 1604 1918 vellent
1627 1892 1679 1915 aut
1699 1882 1830 1924 refutare
1847 1907 1857 1922 ‚
1883 1890 1935 1916 aut
1955 1889 2060 1917 immu-

1181 1937 1266 1967 tare'.
1294 1940 1330 1966 In
1342 1932 1402 1976 ipso
1416 1938 1488 1967 vera
1499 1933 1570 1975 fidei
1584 1937 1693 1976 negotio
1703 1934 1828 1966 necdum
1840 1933 1959 1975 definito
1972 1959 1981 1973 ‚
2003 1932 2062 1976 sed

1172 1992 1229 2026 per
1252 1985 1414 2015 Concilium
1436 1984 1597 2024 definiendo
1614 2006 1624 2021 ,
1643 1982 1783 2022 standum
1804 1984 1904 2027 potius
1929 1985 1993 2026 effi’t
2006 1986 2062 2025 ju-

1177 2034 1251 2064 dicio
1278 2035 1405 2065 Patrum
1426 2037 1517 2065 totius
1540 2033 1685 2063 concilii.
1723 2032 1825 2077 Qud
1841 2023 1957 2074 'ipsum
1983 2044 2060 2067 cum

1178 2079 1346 2114 Cardinali
1370 2079 1387 2110 a
1410 2080 1671 2112 Turre-cremata
1697 2081 1842 2123 sequitur
1862 2082 2008 2115 eruditus
2019 2094 2061 2116 ex

1179 2131 1326 2164 Fratrum
1348 2128 1523 2161 Minorum
1545 2125 1674 2160 Ordine
1697 2128 1883 2161 Cardinalis
1904 2132 2061 2166 Clemens

1177 2178 1407 2216 Monilianus,
1433 2185 1529 2219 atque
1542 2175 1708 2219 adjungit:
1736 2179 1768 2209 51·
1779 2177 2058 2222 taliscontroverfia
2079 2182 2115 2211 C·
2144 2190 2189 2218 33·

1174 2238 1239 2261 orta
1263 2228 1329 2271 efflet
1351 2251 1362 2267 ‚
1390 2227 1455 2259 licet
1477 2224 1668 2268 Untverfitatt
1692 2222 1817 2259 Parrum
1839 2228 2057 2265 adhe-rendum

1180 2280 1243 2322 effirt
1265 2282 1379 2311 ratione
1396 2275 1545 2318 praedic‘la
1559 2301 1569 2317 ‚
1596 2274 1783 2309 nihilominus
1801 2276 1881 2311 nibil
1900 2281 2055 2314 videretur

1174 2333 1379 2362 convenienter
1400 2326 1629 2360 concludendum
1642 2347 1652 2364 ‚
1676 2325 1820 2369 quousque
1843 2330 1974 2370 Papa&
1995 2334 2055 2364 Pa-

1176 2388 1236 2412 tres
1256 2379 1430 2412 concorditer
1466 2382 1499 2410 in
1534 2388 1624 2410 unam
1653 2382 1840 2410 convenirent
1855 2377 2051 2420 sentennam.

1175 2428 1230 2463 Est
1254 2429 1344 2462 casus
1370 2427 1462 2461 fietus
1492 2436 1589 2470 atque
1622 2426 1834 2471 imaginarius
1856 2439 1863 2459 ι
1906 2427 1967 2463 Per
1986 2431 2052 2465 Dei

1171 2478 1308 2523 gratiam
1331 2489 1401 2512 non
1421 2478 1530 2511 evenit
1552 2477 1650 2518 usque
1668 2476 1732 2511 huc
1755 2502 1766 2518 ‚
1802 2478 1835 2511 &
1873 2481 1972 2523 usque
2010 2482 2051 2516 ad

1171 2527 1272 2562 saeculi
1296 2530 1397 2562 finem
1421 2527 1582 2569 speramus
1601 2538 1667 2561 non
1679 2537 1890 2561 eventurum.
1920 2530 2051 2564 Etenim

1158 2568 1287 2618 iornnes
1310 2578 1443 2623 Joannis
1462 2577 1649 2611 duodecimi
1671 2578 1814 2612 excessus
1824 2579 1954 2614 fuerunt
1974 2592 2051 2614 con-

1157 2620 1360 2693 {versationis
1385 2626 1488 2668 vitia,
1515 2638 1583 2661 non
1607 2627 1860 2670 praedicationis.
1889 2629 2051 2664 EtEvan-

1169 2678 1310 2722 gelicum
1331 2677 1451 2721 dogma
1474 2688 1529 2711 aut
1542 2675 1818 2711 fundamentalem
1832 2679 1977 2713 Ecclefiae
1991 2680 2050 2713 Di-

1177 2729 1348 2772 sciplinam
1373 2727 1580 2771 pertinaciter
1600 2727 1810 2772 impugnanti
1831 2726 2044 2763 Pontificies·

1171 2779 1214 2812 set
1238 2790 1306 2824 non
1327 2777 1453 2812 tantum
1472 2778 1490 2811 a
1513 2778 1655 2821 generali
1680 2777 1837 2820 Synodo,
1864 2778 1916 2812 sed
1941 2779 2051 2823 aquo-

1173 2829 1222 2862 vis
1248 2828 1400 2872 singulari
1421 2825 1610 2861 Christiano
1645 2827 1939 2861 contradicendum
1961 2848 1968 2860 ι
2005 2829 2050 2863 Et:

1169 2875 1247 2912 hinc
1270 2879 1450 2925 praesentem
1474 2877 1636 2921 Regulam
1659 2876 1794 2911 libenter
1814 2876 1940 2912 admisit
1953 2886 2049 2920 atque

1167 2927 1288 2962 obtulit
1303 2937 1435 2972 quartus
1449 2926 1618 2972 Eugenius
1628 2952 1636 2959 .

1218 2977 1264 3012 At
1274 2978 1389 3022 quidsi
1411 2978 1497 3012 circa
1519 2977 1654 3011 dubium
1680 2978 1754 3010 fidei
1784 2976 1958 3010 articulum
1977 2987 2050 3011 eve-

1170 3028 1238 3063 niat
1252 3028 1310 3062 ista
1323 3027 1497 3062 Pontificis
1507 3027 1540 3059 ὃς
1554 3026 1681 3069 Synodi
1693 3024 1874 3059 discordia?
1900 3026 2047 3071 Respon-

1168 3077 1230 3113 deo
1242 3087 1322 3112 tunc
1335 3076 1533 3121 sequendum
1546 3076 1729 3110 Cardinalis
1747 3076 1930 3110 Moniliani
1943 3078 2047 3110 consi-

1167 3128 1269 3169 lium,
1299 3128 1464 3161 &factum
1478 3126 1584 3160 Sansti
1598 3126 1721 3160 Leonis
1735 3125 1838 3165 noni,
1864 3126 1918 3169 qui
1931 3125 2045 3159 diffici-

1166 3177 1230 3212 lem
1262 3177 1303 3211 de
1323 3177 1582 3211 simoniacorum
1613 3175 1879 3210 ordinationibus
1899 3176 2045 3217 quaestio-

1167 3239 1241 3262 nem
1265 3227 1374 3261 retulit
1397 3227 1437 3260 ad
1464 3226 1623 3260 Divinam
1653 3225 1854 3268 Majeflatem
1879 3248 1889 3263 ‚
1915 3224 1948 3256 ὅ(
1974 3236 2044 3259 om-

1166 3278 1201 3311 ni
1224 3277 1371 3311 Ecclesia:
1390 3276 1556 3321 generales
1576 3287 1683 3319 preces
1709 3273 1828 3322 indixit
1841 3298 1848 3304 .
1878 3274 1920 3306 Et
1936 3274 2041 3308 Sancti

1168 3327 1346 3371 Augustini
1378 3326 1550 3360 consilium
1563 3350 1574 3366 ‚
1599 3325 1656 3366 qui
1677 3325 1710 3357 in
1723 3318 1812 3357 libris
1825 3323 1864 3356 de
1877 3323 2041 3366 Baptismo

1164 3376 1315 3414 adversus
1337 3376 1527 3412 Donatissas
1549 3374 1665 3417 scripsit
1692 3371 1732 3407 de
1751 3372 1894 3408 similiter
1914 3372 2044 3407 difficili

1515 3424 1548 3459 G
1573 3435 1594 3469 g
1647 3434 1666 3470 3
1915 3433 1994 3467 quw*
