2366 3756
96 545 167 582 Cap.
194 553 219 581 ς.

92 2126 158 2159 Ast.
175 2136 205 2165 ς.

101 3118 259 3151 L.7·c.7.

936 112 1159 157 D1cr

313 201 453 245 Ioannes
477 207 588 234 tamen
622 197 795 233 Launoius
813 195 899 232 reste
923 196 1045 239 scripfit
1067 196 1156 231 aliud

265 251 327 286 effe
349 249 545 284 Romanum
570 248 771 284 Pontificem
791 245 945 291 appellari
962 270 974 287 ,
1003 245 1092 280 aliud
1116 246 1158 280 ab

265 301 334 344 ipso
344 299 414 334 solo
425 301 625 344 appellatam
641 298 769 333 causam
780 295 934 339 judicari.
964 296 1098 331 Etenim
1117 297 1157 331 de

263 351 426 385 Romanis
449 348 728 395 appellationibus
749 347 857 380 sanxit
873 346 1058 387 Sardicense
1069 347 1156 381 Con-

263 400 407 436 cilium:
445 404 478 434 si
502 406 569 445 quis
602 397 799 446 degradatus
827 396 1013 440 Episcopus
1033 396 1156 439 postulet

258 450 348 496 suum
372 456 517 495 negotium
541 451 646 490 νην-πὼς
657 449 758 487 audiri
771 471 783 488 ‚
809 448 899 481 &ad
908 445 999 491 suam
1009 445 1156 490 supplica-

263 508 373 536 tionem
385 506 584 537 Romanorum
598 497 777 543 Episcopum
780 498 923 539 ‚iudicare
934 495 1034 543 visum
1032 497 1131 542 ficerit
1146 521 1155 537 ‚

263 555 455 594 utaproprio
467 552 562 591 littere,
585 549 766 596 Presbperoi
789 554 893 589 mittat
906 572 917 588 ,
945 554 1003 586 erit
1025 554 1058 580 in
1074 555 1155 590 pote-

261 599 436 643 stateipfius
450 602 651 650 quodcumque
661 598 737 634 rell?
760 597 869 639 babere
888 597 1082 639 probaverit.
1110 601 1156 630 Et

258 650 287 694 fi
294 646 464 686 decreverit¹
473 660 603 694 oportere
615 662 661 685 eos
673 652 776 687 mitti,
798 654 922 691 quicum
934 647 1089 691 Episoopis
1096 646 1157 689 fint

258 703 429 742 ‚iudicaturi
444 726 454 742 ‚
483 701 624 739 habentes
636 700 846 740 auHoritateni
867 701 934 743 eJ'us
959 701 980 733 ἃ
1007 710 1064 743 quo
1088 698 1159 742 miffi

261 749 337 795 sunt
349 776 360 792 ,
385 752 422 786 (zr-
435 752 486 785 hoc
502 749 723 794 ponendumest
737 775 744 782 .
770 751 802 782 Si
816 759 916 783 autem
924 748 1052 795 sufficere
1069 755 1158 790 puta-

267 806 348 835 verit
358 803 403 841 ad
416 807 459 840 rei
468 807 657 846 cognitionem
667 802 702 834 θ»
714 798 855 842 Episcopi
875 797 1060 842 sententiam
1077 822 1088 838 ,
1107 796 1156 838 sa-

265 857 322 888 eiet
334 852 413 894 quod
416 852 636 893 prudentiffimo
647 853 710 892 ejus
719 849 828 890 confilzo
847 849 926 891 ret‘le*
945 847 1053 882 babere
1075 848 1159 888 vide-

266 899 364 934 bitur.
394 901 550 940 Romano
576 901 742 945 Episcopo
761 900 924 943 permittit
937 909 973 934 ut
983 897 1158 943 appellatas

266 951 378 986 causas
404 959 461 985 aut
481 951 547 995 ipse
568 962 622 994 per
644 950 676 984 se
697 951 825 994 ipsum,
852 957 909 990 aut
935 960 990 992 per
1014 948 1159 992 Legatos

266 1000 284 1034 a
306 1001 365 1035 suo
385 999 484 1036 latere
509 996 742 1046 presbyteros,
768 1009 825 1033 aut
848 1009 903 1042 per
925 997 1057 1031 eosdem
1071 996 1160 1040 Judi-

266 1062 343 1093 ces,
367 1060 425 1087 aut
449 1062 505 1095 per
523 1050 640 1084 vicinae
654 1049 840 1086 Provinciae
866 1047 1039 1091 Synodum
1067 1057 1158 1087 retra-

266 1103 330 1137 &et
352 1113 360 1134 :
407 1099 568 1144 Adeoque
587 1100 621 1134 &
646 1099 808 1141 retractari
834 1095 976 1138 omnino
1001 1097 1158 1141 permittit

265 1162 324 1195 per
349 1151 535 1196 generalem
549 1150 743 1195 Synodurn,
774 1147 981 1188 Ele‹sti<>ne1n¹
1003 1147 1159 1191 permittit

266 1202 413 1238 Romani
437 1201 591 1245 Episcopi
618 1196 867 1243 prudentissimo
887 1195 1042 1231 arbitrio.
1071 1197 1160 1244 Qa-

266 1263 300 1285 re
327 1264 387 1285 nec
419 1252 552 1290 Sanetus
587 1249 765 1283 Flavianus
798 1246 962 1292 Magnum
991 1246 1159 1288 Leonem,

269 1311 330 1335 uec
351 1302 424 1343 quis
444 1301 526 1334 alius
552 1298 719 1343 appellans
739 1297 925 1341 Episcopus
949 1297 1051 1331 alium
1072 1296 1160 1331 Pon-

268 1351 392 1388 tificem
415 1350 456 1391 ad
477 1349 567 1391 hunc
590 1358 648 1388 aut
668 1348 765 1382 istum
776 1348 1012 1388 retractationis
1024 1345 1160 1387 modum

268 1403 379 1443 potuit
392 1400 588 1444 adstringere
602 1424 609 1431 .
637 1398 761 1432 Absita
772 1398 933 1437 Flaviano
947 1397 1034 1431 istud
1049 1407 1161 1431 contra

268 1451 426 1485 canones
448 1450 609 1495 exegisse,
634 1449 680 1483 Et
692 1448 771 1482 hinc
782 1447 876 1493 ejus,
900 1447 1163 1481 DomniAntio-v

267 1499 389 1540 eherii,
418 1499 555 1542 Eusebii
581 1498 801 1542 Dorylaeenfis
822 1498 855 1539 ὃς
873 1497 1026 1541 Cyrensis
1047 1496 1163 1531 Theo-

267 1550 375 1585 doreti
394 1551 506 1591 causas
531 1548 622 1586 solus
647 1549 682 1582 iu
710 1549 773 1582 suae
811 1546 995 1588 Provincia}
1023 1546 1162 1588 synodo

267 1600 418 1644 Magnus
444 1600 517 1634 Leo
540 1597 749 1637 retrastavit,·
775 1597 869 1638 Laesae
880 1605 990 1629 autem
1002 1594 1044 1628 ab
1058 1593 1164 1637 Ephe-

268 1649 339 1684 fino
351 1648 530 1682 latrocinio
543 1646 621 1686 fidei
644 1645 854 1689 quaestionem
868 1643 1029 1678 retraetari
1049 1654 1091 1677 ex
1117 1655 1164 1677 ra-

267 1697 415 1737 tionibus
434 1697 541 1731 voluit
563 1696 596 1729 in
608 1694 752 1742 generali
764 1693 903 1737 Synodo
917 1718 926 1734 .,
952 1694 997 1727 Et
1011 1693 1103 1727 istius
1114 1694 1164 1727 so-

269 1749 332 1783 iius
342 1748 445 1793 gratia
468 1745 553 1780 hanc
564 1743 740 1795 postulavit
763 1743 805 1778 ab
828 1743 1028 1788 Imperatore
1048 1742 1163 1777 Theo-

268 1797 360 1835 dosio,
371 1823 382 1838 ,
407 1797 443 1831 ἀ
454 1794 618 1830 tandem}
630 1794 807 1836 successore
818 1792 989 1834 Martiano
1012 1793 1162 1837 impetra-

270 1849 318 1884 vit
331 1874 340 1885 .,
366 1847 448 1886 Haec
458 1847 570 1885 omnia
582 1853 714 1891 oportet
747 1842 874 1887 mature
888 1842 1039 1880 distineta
1051 1868 1058 1876 .

319 1899 434 1945 Qam
450 1907 588 1933 omnem
598 1895 782 1937 dominam
795 1893 965 1938 insigniter
987 1893 1162 1934 confirmat

269 1948 304 1982 in
331 1949 442 1982 octava
475 1943 614 1989 Synodo
642 1943 986 1990 magnificentiffimus,
1009 1942 1163 1977 Patritius

267 1996 440 2037 BahaneS,
464 1995 579 2031 dicens
604 1994 647 2035 ad
669 1993 884 2039 degradatum
896 1991 1079 2029 Phanium:
1107 1995 1161 2026 Lo·
1182 1992 1185 1996 ’

267 2059 375 2096 quere,
403 2051 527 2085 Domine
554 2044 672 2089 Pboii,¹
697 2038 895 2087 quodcumque
919 2042 1014 2079 haber
1033 2042 1163 2084 justitia„-

267 2108 340 2142 opus
357 2123 364 2130 .
392 2101 485 2131 Totus
497 2097 627 2132 mundar
641 2094 689 2127 bic
701 2093 759 2134 est,
786 2105 823 2127 ne
834 2093 958 2129 claudar
979 2089 1162 2133 visberasua

265 2148 376 2193 sanda
403 2148 441 2180 Θ
463 2142 647 2191 universqlir
674 2143 803 2187 synodus
828 2151 837 2172 t
874 2142 1075 2183 ‚Quonamquo
1110 2144 1161 2172 vis

269 2196 421 2241 confugere
437 2196 450 2227 ἓ
474 2194 624 2231 Romam?
650 2194 726 2225 Ecce
736 2192 756 2223 ἃ
770 2194 865 2223 Roma
875 2195 908 2226 in
920 2194 1074 2224 Orientem
1087 2212 1098 2229 ,
1124 2201 1160 2223 en
1181 2194 1183 2197 '

270 2247 309 2280 ab
320 2250 443 2279 Oriente
452 2242 499 2281 hic
508 2240 619 2286 adsunt
631 2267 641 2279 .
666 2240 834 2280 Adfirmat
854 2237 1016 2277 Photium
1026 2240 1045 2274 a
1066 2249 1161 2284 gene·

269 2296 331 2331 tali
348 2294 408 2332 ista
428 2287 569 2336 synodo
589 2316 603 2335 2
638 2291 663 2329 si
684 2290 819 2333 quidem
840 2289 996 2326 Romana
1018 2290 1163 2335 Legatio
1180 2294 1183 2301 ¹

270 2356 341 2382 non
359 2343 536 2383 adfuisset,
559 2339 702 2378 omnino
724 2339 862 2383 potuisse
881 2339 1030 2373 Romam
1042 2351 1160 2383 provo·

271 2406 343 2433 care
354 2422 365 2431 .
388 2392 492 2442 Qod
505 2392 613 2436 ipsum
624 2390 694 2428 fieri
706 2389 801 2434 poffit
813 2414 827 2431 ‚
852 2387 908 2429 ubi
919 2389 1004 2424 dieta
1016 2389 1159 2435 Legatio

272 2444 421 2481 mandati
442 2443 565 2478 limites
591 2440 761 2479 excederet
780 2463 792 2483 ,
826 2449 884 2474 aut
910 2440 1029 2484 quovis
1054 2439 1157 2474 modo

272 2495 549 2544 pravaricatetur,
574 2491 643 2530 Pro
661 2490 777 2527 eadem
796 2488 876 2524 thesi
904 2489 1040 2537 quidam
1060 2487 1160 2524 addu-

273 2555 354 2581 cunt
363 2545 464 2580 etiam
484 2542 632 2587 superius
655 2540 785 2579 laudata
813 2538 1043 2574 Valentiniani
1069 2541 1159 2574 tertii

273 2595 316 2633 ad
340 2592 574 2628 Theodosium
601 2590 697 2625 verba
719 2602 727 2622 =
764 2590 930 2627 Secundum
941 2587 1162 2633 solemnitatem

274 2645 469 2682 Camillorum
481 2640 828 2685 constantinopolitanus
837 2637 1004 2683 Episcopus
1016 2643 1160 2674 Romanae

276 2699 427 2732 Civitatis
454 2690 634 2736 Episcopum
657 2698 713 2733 per
737 2689 848 2726 libellos
874 2691 1063 2732 appellavit..
1091 2692 1160 2725 Do·

274 2744 388 2780 minus
412 2742 601 2780 Cardinalis
627 2740 802 2775 Petronius
836 2739 963 2777 laudari,
996 2739 1160 2775 existimat

275 2792 552 2831 consuetudinem
573 2817 585 2833 ‚
620 2803 684 2836 qua
713 2792 882 2826 Romanas
907 2788 1076 2825 adversum
1104 2791 1159 2824 sua

276 2846 420 2882 Decreta
439 2837 671 2887 appellationes
691 2842 791 2876 etiarn
816 2839 1032 2875 OEcumenicae
1057 2840 1159 2883 Syno-

276 2895 311 2932 di
335 2893 460 2928 soleant
486 2892 675 2927 admittere.
700 2891 828 2927 Verum
854 2891 1025 2927 Dominus.
1045 2890 1159 2925 Petrus

276 2944 444 2983 deMarca
466 2940 591 2981 laudari
618 2941 744 2977 mavult
769 2940 1061 2982 consuetudinem,
1088 2952 1158 2983 quae

276 2993 453 3030 damnatos
475 2993 495 3028 ὲ
515 2991 659 3035 synodis
685 2992 864 3039 Episcopos
883 2991 993 3035 jubeat
1013 3001 1082 3025 non
1093 2991 1158 3025 sola

278 3055 359 3079 voce
378 3044 465 3077 inter
492 3041 597 3081 Asta,
622 3040 676 3075 sed
689 3042 810 3087 scripto
820 3041 1034 3086 perlibellum
1054 3041 1157 3085 appel-

278 3095 364 3132 lare:
392 3092 554 3127 secundam.
573 3102 682 3124 morem
708 3094 903 3127 conciliorum.
926 3093 1087 3135 appellatio
1092 3091 1160 3134 fieri
1186 3092 1189 3096 '

278 3143 403 3180 debebat
418 3139 717 3187 ftrvaiissi‘ripturae
739 3140 915 3185 solemnibus
929 3167 940 3183 ,
973 3143 1161 3187 quemadmo-

278 3197 352 3232 dum
362 3195 443 3229 docet
455 3192 500 3229 hic
511 3193 588 3225 Iocus
603 3215 614 3231 ,
636 3197 689 3238 qui
705 3191 987 3238 prorsusfingularis
998 3192 1036 3235 est
1045 3217 1054 3226 ..
1082 3192 1161 3226 Res-

278 3244 409 3290 pondeo
433 3241 468 3277 id
492 3242 554 3277 isto
576 3242 610 3275 in
633 3242 724 3279 sensu
744 3242 806 3277 effe
826 3245 933 3279 revera
944 3243 1158 3287 singularem.

278 3295 414 3331 Etenim
425 3292 519 3331 istam
532 3290 723 3336 perlibellos
736 3292 921 3340 appellandi
942 3293 1157 3328 necessitatem

282 3345 372 3379 nulla
384 3345 517 3379 firmant
527 3340 715 3377 authentica
722 3341 908 3378 testimonia
919 3369 927 3377 .
955 3345 1001 3379 Et
1011 3343 1161 3379 adversus

280 3396 532 3439 pronunciatam
544 3394 579 3429 in
589 3393 650 3429 sea
672 3391 841 3429 Dioscoro
859 3391 1014 3439 Ephesiui
1035 3393 1162 3430 latroci-

1193 126 1424 157 Atos.
1944 124 2035 174 263

1198 202 1202 239 ,l
1219 198 1266 232 nii
1278 196 1414 241 Praefide
1424 195 1617 233 sententiam
1628 195 1712 233 dixit
1723 197 1853 233 adstans
1872 199 2006 236 Sanctus
2025 201 2097 236 Fla-

1198 248 1200 251 “
1219 248 1333 282 vianus
1347 262 1358 283 .·
1383 249 1504 290 appello
1513 250 1533 282 ἃ
1545 258 1576 282 te
1587 272 1594 281 .
1621 247 1665 289 Et
1675 248 1811 288 Hilarus
1825 248 1982 284 Romane
1993 250 2103 287 Eccle-

1199 296 1201 342 ᾗ
1218 298 1266 331 fiae
1277 299 1447 338 Diaconus
1457 310 1495 339 ac
1508 300 1670 344 Legatum
1696 300 1932 338 contradicit-ur.
1959 301 2034 336 Sola
2045 312 2104 336 vo-

1219 359 1257 382 ce
1268 349 1351 383 intet·
1363 346 1445 382 Asta
1458 350 1660 393 appellarunt
1671 374 1679 388 .,
1706 349 1781 390 Nec
1793 350 1909 384 desunt
1920 350 1984 389 alia
1994 350 2102 391 huius-

1203 418 1206 420 *
1219 398 1312 432 modi
1322 397 1470 441 exempla
1481 423 1489 432 .
1518 399 1636 441 Fateor
1643 398 1878 444 appellationes
1887 400 1980 442 fuisse
1990 400 2102 450 paffim

1218 448 1332 482 relatas
1343 448 1453 492 postea
1464 449 1498 482 in
1510 446 1677 491 libellum3
1690 446 1692 450 ’
1705 450 1815 484 verum
1828 449 1935 495 legem
1945 461 2001 491 aut
2023 462 2106 486 con-

1196 504 1201 548 2
1218 498 1422 540 suetudinem
1442 521 1454 537 ,
1478 509 1548 541 quae
1572 496 1606 532 id
1626 498 1724 533 faciat
1743 501 1879 542 spectare
1898 500 1940 535 ad
1962 500 2104 536 substan·

1218 548 1298 582 tiam
1311 572 1322 588 ,
1334 549 1434 592 usque
1444 546 1509 582 huc
1520 548 1662 592 ignoro,
1678 548 1799 594 Qare
1808 549 1936 590 laudata
1948 551 2102 586 Valenti·

1220 597 1311 631 niani
1326 597 1420 633 verba
1431 598 1584 632 videntur
1595 591 1706 634 teocius
1715 599 1836 642 exponi
1849 610 1904 643 per
1915 601 2104 639 Dominum

1219 645 1428 689 Cardinalem
1451 671 1463 687 ,
1488 647 1584 691 quam
1610 660 1664 691 per
1686 650 1875 691 Dominum
1894 648 2104 689 Parifiensem

1220 696 1512 741 Archiepiscopum
1522 722 1530 730 .
1560 697 1733 744 Qidquid
1744 700 1783 733 sit
1794 724 1805 740 ,
1821 699 1920 734 etiam
1930 699 2102 734 Maximus

1220 747 1368 796 Cynicus
1379 747 1398 780 a
1409 746 1779 790 Constantinopolitana
1791 749 1929 792 Synodo
1952 760 2104 793 provoca-

1220 798 1269 832 vit
1307 798 1350 839 ad
1370 797 1526 842 Sanstum
1552 797 1760 837 Damasum}
1797 809 1858 833 nec
1878 799 1963 833 ullus
1980 810 2106 840 contra-

1220 847 1305 885 dixit
1316 872 1325 881 .

1226 1073 1287 1125 An
1322 1069 1542 1124 Graecorum
1579 1069 1755 1140 Epifiopz'
1803 1071 1892 1120 olim
1938 1070 2108 1140 appella*

1295 1143 1421 1187 verint
1455 1140 1506 1187 ad
1531 1138 1662 1274 fhliszn
1696 1146 1914 1242 Rgmanum
1943 1149 2042 1189 Pon-

1586 1226 1617 1255 τι
1647 1228 1723 1257 cem
1741 1248 1750 1257 .

1321 1347 1407 1385 Uod
1429 1350 1621 1385 Graecorum
1633 1349 1716 1385 olim
1737 1348 1907 1396 degradati
1930 1352 1948 1386 a
1973 1352 2038 1386 suis
2060 1353 2117 1395 Sy-

1346 1399 1443 1433 nodis
1466 1399 1646 1444 Episcopi,
1669 1411 1739 1434 non
1751 1402 1791 1435 ad
1805 1402 1911 1436 solum
1922 1402 2118 1436 Romanum

1375 1448 1575 1484 Pontificem
1598 1475 1609 1489 ,
1645 1450 1699 1483 sed
1724 1450 1766 1484 ad
1792 1460 1900 1485 totum
1921 1452 2118 1487 Occidentis

1226 1497 1421 1531 Concilium
1435 1499 1558 1540 semper
1585 1499 1820 1540 appellaverint
1835 1524 1845 1540 ,
1872 1500 1955 1535 adeo
1967 1503 2121 1535 constan-

1225 1555 1275 1579 ter
1298 1544 1412 1579 scribit
1433 1547 1468 1579 in
1490 1547 1586 1581 variis
1598 1546 1758 1589 Epistolis
1771 1548 1913 1590 Ioannes
1925 1549 2119 1590 Launoius,

1224 1594 1308 1628 utin
1323 1594 1470 1637 Epistola
1483 1595 1524 1630 ad
1537 1595 1694 1638 Jacobum
1708 1597 1862 1632 Boetium
1875 1599 1916 1632 de
1927 1600 2046 1633 Sancto
2060 1599 2122 1635 Vi·

1224 1646 1311 1683 &ore
1322 1643 1479 1690 adjungat
1494 1658 1501 1677 :
1532 1645 1662 1685 Gelafius
1674 1646 1800 1681 humani
1807 1651 1906 1691 passus
1919 1648 1956 1686 est
1978 1650 2121 1692 aliquid,

1223 1695 1287 1727 cum
1299 1703 1332 1727 ut
1341 1695 1444 1728 Sedem
1468 1695 1653 1738 apostolicam
1670 1695 1732 1737 fine
1754 1699 1862 1736 synodo
1888 1701 2048 1733 damnatos
2069 1699 2121 1733 ab·

1220 1743 1337 1788 solvisse
1349 1744 1510 1788 Episcopos
1523 1745 1711 1788 confirmaret
1721 1772 1732 1787 ‚
1762 1747 1955 1791 Athanafium
1978 1755 2011 1782 in
2024 1760 2121 1784 exem-

1219 1796 1305 1836 plum
1316 1796 1470 1830 adduxit.
1499 1797 1651 1830 Affirmat
1663 1806 1719 1831 aut
1743 1798 1857 1832 errasse
1881 1799 2012 1834 tantum
2033 1799 2123 1833 Pon-

1224 1845 1366 1884 tificem,
1393 1855 1450 1879 aut
1472 1845 1660 1890 imposuisse
1684 1871 1692 1879 .
1731 1848 1775 1881 Et
1797 1847 1913 1891 probat
1934 1859 1974 1882 ex
1996 1849 2120 1883 famosa.

1224 1895 1332 1928 Sa'nffl
1360 1895 1438 1937 Iulii
1461 1896 1635 1930 Pontificis
1647 1896 1794 1941 Epistola
1808 1911 1819 1931 .·
1846 1897 2119 1942 Tametfisblusfim

1223 1948 1274 1985 qui
1281 1941 1384 1986 scripfi
1391 1967 1401 1983 ,
1426 1957 1484 1978 non
1494 1956 1591 1980 meam
1614 1956 1714 1981 tamen
1734 1946 1819 1989 solius
1839 1947 2040 1991 sententiam,
2063 1948 2121 1993 sed

1223 1999 1350 2026 omnium
1362 1996 1505 2035 Italorum
1520 2021 1532 2037 ,
1558 1997 1593 2038 ό*
1606 2002 1734 2031 omnium
1747 2002 1779 2030 ln
1791 1997 1839 2030 bis
1851 1999 2028 2043 Regionibus
2041 2004 2119 2042 Epi-

1219 2042 1376 2085 scoporum
1385 2043 1503 2087 seripfi.
1532 2049 1600 2091 Ego
1623 2056 1722 2081 autem
1744 2049 1822 2082 nolui
1844 2061 1944 2082 omnes
1961 2048 2087 2092 scribere
2106 2074 2118 2090 ‚

1223 2093 1404 2129 nedmultis,
1425 2105 1639 2133 onerarentur.
1665 2100 1754 2131 Certe
1775 2099 1819 2136 ad
1844 2099 2028 2139 constitutum
2046 2108 2118 2134 tem·

1220 2148 1283 2182 pus
1293 2151 1494 2178 convenerunt
1508 2142 1671 2184 Episcopi,
1700 2146 1734 2178 <w
1747 2147 1810 2187 ejus
1828 2146 1989 2188 sententiae
2004 2150 2093 2190 fuere
2104 2175 2116 2190 ,

1222 2202 1314 2232 quam
1326 2190 1410 2224 vobis
1432 2192 1539 2225 iterum
1553 2191 1699 2235 fignifico.
1728 2196 1948 2238 Quapropter,
1975 2199 2117 2242 Dilcc‘i'is-

1214 2239 1302 2282 fimi,
1327 2240 1443 2282 etiamst
1450 2239 1531 2290 solus
1546 2240 1643 2284 scribo
1660 2265 1671 2281 ,
1705 2241 1829 2287 scribere
1851 2253 1953 2281 tamen
1973 2259 2021 2281 me
2042 2260 2116 2283 com-

1222 2301 1342 2323 munem
1365 2296 1496 2324 omnium
1513 2288 1776 2334 sententiam'vos
1797 2292 1873 2337 scire
1909 2298 1974 2330 volo
1995 2322 2003 2329 .
2041 2305 2115 2334 Haec

1221 2340 1342 2382 quidem
1362 2343 1383 2373 ἃ
1407 2340 1492 2374 nobis
1515 2342 1681 2375 adversum
1702 2354 1760 2376 non
1784 2355 1887 2387 aequas
1898 2346 2056 2388 vestwrum
2066 2349 2117 2382 bo-

1223 2395 1339 2424 minum
1352 2414 1365 2430 ,
1380 2392 1442 2433 sed
1449 2389 1575 2431 injustas
1587 2393 1621 2426 Θ
1628 2390 1781 2435 [νῙρσδῖαι
1795 2394 2017 2438 caufificationes
2029 2400 2112 2433 diblae

1220 2438 1325 2485 sunto.
1352 2441 1447 2483 ,Quod
1456 2449 1554 2475 autem
1573 2452 1634 2475 non
1655 2445 1766 2478 temere*
1785 2452 1838 2483 aut
1857 2446 1963 2488 injuste
1983 2447 2113 2492 suscepe-

1225 2496 1284 2524 rim
1306 2495 1341 2523 in
1366 2496 1593 2531 communionem
1626 2491 1814 2538 coepiscopos
1840 2495 1945 2537 nostros
1973 2498 2112 2533 Athana-

1216 2539 1290 2582 sium
1313 2540 1351 2573 Θ
1372 2542 1545 2575 Marcellum
1557 2565 1569 2584 ,
1595 2542 1712 2586 etiamst
1727 2546 1815 2587 prius
1841 2546 1922 2580 dida
1939 2545 2110 2590 sufficiant,

1223 2589 1360 2624 brevibus
1388 2599 1490 2628 tamen
1526 2598 1608 2627 ratio
1639 2593 1864 2634 demonstranda
1901 2593 1968 2639 ests.
2007 2599 2109 2634 Hanc

1223 2639 1404 2684 Epistolam
1428 2639 1562 2676 adducit
1586 2643 1622 2678 &
1660 2643 1770 2679 laudat
1806 2646 1841 2680 in
1878 2640 2016 2683 secunda
2053 2651 2110 2683 sua

1224 2689 1391 2735 Apologia
1412 2690 1559 2736 Magnus
1581 2691 1802 2735 Athanasius,
1827 2695 1862 2735 ὃς
1884 2696 2009 2737 subdit:
2039 2701 2109 2733 Haec

1180 2745 1182 2748 ’
1221 2744 1324 2778 Romae
1332 2741 1653 2784 IgnodusperJulium
1666 2742 1844 2787 Episcopum
1860 2744 1994 2791 scripfit.
2024 2747 2109 2795 Qae

1208 2791 1319 2826 'verba
1340 2802 1417 2825 cum
1442 2790 1495 2826 his
1515 2791 1661 2835 ejusdem
1689 2793 1887 2841 Athanasii,
1916 2798 2028 2842 Julius
2049 2807 2107 2841 per

1222 2840 1432 2879 Archidamum
1442 2843 1477 2875 Θ
1489 2841 1687 2881 Philoxenum
1697 2844 1878 2884 presbyteros
1892 2844 2002 2889 scripfit
2013 2871 2025 2888 ,
2052 2849 2109 2892 so-

1219 2902 1319 2927 annes
1329 2892 1498 2927 Launoius
1520 2903 1711 2938 comparat,
1732 2894 1766 2927 &
1791 2896 1942 2941 adjungit
1956 2911 1967 2930 .·
1989 2900 2108 2932 Locutio

1218 2940 1310 2976 haeca
1323 2942 1506 2976 Bellarmino
1516 2954 1682 2987 numquam
1702 2944 1912 2990 adhibebitur,
1936 2947 1971 2984 ui·
1990 2948 2107 2994 Julius

1215 2990 1310 3035 supra
1321 2994 1456 3031 Concilio
1468 2993 1607 3036 afferatur
1619 3020 1629 3031 ,
1998 2994 2006 2998 “

1269 3043 1468 3086 Respondeo
1481 3044 1685 3080 locutionem
1697 3044 1793 3081 istam
1815 3047 1937 3090 potiori
1963 3046 2032 3090 jure
2051 3048 2108 3083 ad-'

1219 3091 1294 3126 duci
1308 3094 1395 3136 poffe
1408 3118 1420 3134 ,
1446 3104 1483 3128 ut
1494 3092 1648 3128 Pontifex
1660 3096 1749 3139 supra
1762 3119 1772 3137 ‚
1800 3098 1896 3140 quam
1909 3108 1945 3132 ut
1955 3099 2105 3132 afferatur

1221 3143 1283 3177 esse
1298 3141 1381 3177 infra
1392 3144 1586 3179 Concilium
1598 3170 1605 3178 .
1633 3145 1744 3193 Qare
1756 3148 1924 3182 Dominus
1946 3146 2105 3182 Cardina-

1219 3191 1259 3227 lis
1271 3191 1487 3228 Bellarminus
1508 3195 1633 3237 Joanne
1654 3196 1808 3231 Launoio
1830 3199 1890 3230 fuit
1914 3196 2015 3242 longe
2037 3209 2105 3241 per-

1222 3242 1397 3287 spicacior.
1424 3244 1558 3279 Etenim
1571 3257 1637 3279 non
1649 3245 1854 3283 OEcumeniea
1865 3247 1969 3280 totius
1993 3247 2104 3281 Eccle-

1221 3293 1292 3332 fiae,
1323 3293 1374 3327 sed
1396 3293 1567 3330 dumtaxat
1592 3296 1811 3337 Primanus,
1836 3299 1890 3330 cui
1913 3297 1946 3336 ὃς
1969 3297 2102 3340 qnidam

1221 3341 1352 3379 advenae
1361 3345 1541 3383 assederunt
1554 3346 1730 3391 Episcopi,
1746 3345 1845 3380 solius
1859 3347 1958 3380 ltaliae
1968 3348 2027 3379 fuit
2041 3347 2103 3383 ista

1223 3393 1396 3438 Synodus,
1420 3396 1462 3432 de
1472 3397 1581 3442 quain
1602 3397 1720 3431 fitteris
1731 3397 1772 3432 ad
1798 3395 2105 3440 Constantinopoliff

1939 3454 2054 3481 tanum
