2366 3756
80 471 153 507 1ος-
172 475 234 503 c-J-

83 1159 170 1200 Epist.
189 1163 239 1196 64.

86 1574 220 1615 Append.

83 1615 166 1649 serm.
173 1626 218 1652 74·

87 2090 141 2131 Ep.
158 2097 204 2126 33.

576 188 1117 233 Con'e111uM
1186 186 1652 231 ROMANUM.

251 283 316 318 que
338 270 400 307 ista
424 269 665 308 elementorum
702 268 873 304 oblatione
912 266 1031 301 volunt
1068 275 1138 300 non

250 322 348 358 finire
367 332 468 365 opus.
490 320 585 355 Hinc
606 318 763 362 Dionysii
786 342 798 358 ‚
825 316 879 351 vel
900 316 1041 361 cujusvis
1062 316 1140 350 alte-

251 375 320 408 rius
339 371 468 414 antiqui
505 372 540 406 &
562 370 681 405 eruditi
707 367 881 410 ScriPtoris
915 366 1140 402 Ecclefiastica

254 421 455 458 Hierarchia
477 421 520 456 ab
543 418 709 455 ordinario
729 418 888 453 sacrificio
900 429 970 452 non
982 415 1069 451 solos
1082 416 1141 450 Ca·

252 472 490 513 techumenos,
517 469 569 504 sed
582 469 717 512 insuper
733 469 986 513 Energumenos
1007 479 1046 502 ac
1070 466 1142 501 Poe-

254 525 397 559 nitentes
407 548 419 565 ,
445 523 464 556 ὲ
474 519 704 555 defunctorum
716 528 828 553 autem
838 515 946 558 Missis
954 528 1042 553 arcet
1055 516 1142 551 solos

254 573 541 610 Catechumenos:
570 568 674 617 Qiod
699 568 818 612 nempe
840 567 923 606 hica
938 568 1061 613 populo
1074 577 1142 601 non

255 623 553 660 communicaretur
564 644 574 659 ‚
599 619 739 665 ideoque
750 619 803 654 isti
817 619 862 654 ob
874 617 1026 654 adductas
1037 617 1078 652 ab
1087 628 1143 651 an·

254 676 350 716 tiquo
362 673 538 715 interprete
552 670 693 705 rationes
705 669 830 713 possent
852 667 994 703 omnino
1015 667 1121 703 adesse
1132 693 1140 701 .

254 725 451 759 Etiamnum
471 720 615 756 hodiein
630 720 859 755 defunetorum
870 719 978 754 Miffis
999 730 1067 753 non
1087 717 1141 752 da-

257 783 310 809 tur
320 774 409 817 pacis
419 772 587 807 osculum:
614 770 718 819 Qiod
732 770 849 814 nempe
868 770 973 814 ipsum
994 770 1031 803 sit
1052 768 1140 804 avita

254 823 443 868 praeparatio
453 822 495 856 ad
507 820 755 865 percipiendum
779 819 882 855 hocce
898 821 1046 855 fraternae
1068 818 1141 853 uni-

256 872 531 917 tatis&perfeetae
553 872 642 915 pacis
662 871 907 905 Sacramentum
919 896 926 903 .
954 868 1080 905 Verum
1099 868 1141 903 ad

257 925 442 969 praesentem
454 922 566 956 locum
578 933 648 957 non
663 922 783 965 spectat
797 921 856 955 ista
869 920 1004 964 quaestio
1016 943 1026 959 ‚
1053 919 1142 953 ideo-

257 985 322 1018 que
341 973 417 1008 dico
431 971 450 1006 ὲ
465 971 678 1007 Tertulliano
691 970 816 1005 laudari
835 972 935 1005 etiam
958 970 1033 1004 istas
1054 969 1144 1004 obla-

255 1025 365 1058 tiones
376 1048 387 1064 ,
413 1022 455 1057 de
465 1021 583 1066 quibus
595 1021 637 1056 ad
650 1019 823 1056 Aurelium
845 1019 1144 1065 Carthaginensem

258 1072 557 1118 Archiepiscopum
592 1072 715 1116 scripsit
730 1072 875 1109 §ansius
911 1070 1143 1115 Augustinus:

259 1126 412 1168 ,Quoniam
434 1123 538 1165 istaein
549 1126 728 1157 Caemiteriis
753 1123 910 1156 ebrietates
932 1123 967 1156 <a
991 1119 1146 1164 luxuriosa

257 1179 421 1214 convivia,
448 1184 506 1207 non
510 1171 603 1217 solum
613 1173 731 1206 bonores
746 1177 912 1212 Martyrum
938 1175 958 1207 a*
979 1174 1093 1206 carnali
1114 1173 1148 1205 (ff

258 1229 398 1267 imperita
419 1224 509 1258 Plebe
520 1225 600 1257 credi
617 1223 731 1267 solent,
753 1222 813 1266 sed
831 1229 923 1257 etiam
943 1222 1055 1266 solatia
1075 1234 1149 1255 mor·

257 1283 398 1314 tuorum,
424 1274 497 1307 mibi·
517 1275 641 1307 videtur
657 1273 788 1316 facilius
809 1274 870 1308 illis
893 1274 1054 1318 dissuaderi
1074 1273 1150 1316 poffe

261 1324 347 1365 istam
368 1323 543 1365 foeditatem
565 1335 599 1357 ac
623 1326 866 1367 turpitudinem,
887 1324 916 1367 fi
924 1326 957 1358 (5
970 1326 1006 1357 de
1015 1326 1151 1365 ‚Scriptu-

259 1380 303 1406 ris
310 1373 507 1416 prohibeatur
521 1397 533 1414 ‚
558 1376 593 1407 (τ
603 1374 764 1408 oblationes
771 1383 829 1415 pro
836 1373 995 1415 spiritibus
1007 1375 1156 1405 dormien-

262 1430 337 1457 tium
349 1448 360 1464 ‚
385 1435 461 1466 quas
483 1424 556 1456 vere
576 1423 696 1465 aliquid
715 1424 868 1464 adjuvare
889 1423 1066 1455 credendum
1091 1421 1151 1463 esl,
1169 1448 1173 1453 .

258 1472 350 1517 super
371 1473 456 1516 ipsas
482 1477 636 1506 memoriae
659 1482 717 1503 non
733 1471 794 1512 sint
810 1470 994 1513 sumptuose
1014 1495 1026 1511 ,
1064 1480 1155 1512 atque

1947 201 1981 242 9
1993 195 2022 235 Γ

1215 269 1325 310 quippe*
1335 271 1436 302 Mater
1448 266 1575 309 Ecclefia
1587 269 1651 311 pro
1661 267 1814 310 defundis
1829 265 1895 312 suis
1923 277 1981 302 non
1996 265 2093 312 solum

1207 316 1357 360 sacrificia
1368 320 1504 358 Altae-is,
1526 317 1584 361 sed
1600 324 1693 353 otiam
1716 317 1910 362 quascumque
1929 319 2007 352 alias
2025 321 2095 354 eleo-

1209 366 1342 410 mosynas
1363 367 1466 408 offerre
1485 367 1655 411 consuevit.
1684 371 1768 403 Unde
1789 370 1824 403 o·
1845 371 1976 412 quotidie
1983 377 2041 412 pro
2051 381 2098 404 eo-

1209 429 1278 450 rum
1291 417 1473 461 spiritibus,
1499 422 1610 459 quires
1624 417 1698 460 suas
1724 422 1787 453 Deo
1810 419 2001 460 obtulerunt,
2027 418 2100 460 offe-

1212 476 1321 501 runtur
1341 469 1402 501 Deo
1419 465 1592 509 sacrificia,
1617 467 1651 500 ἐν
1667 469 1848 508 multifaria·
1861 467 2098 513 supplicationes

1212 525 1299 560 atque
1314 523 1484 558 orationes,
1510 514 1656 558 hospitum
1681 522 1859 557 receptiones
1886 521 2099 562 &pauperum

1211 573 1421 608 recreationes,
1446 570 1633 608 captivorum
1658 568 1896 608 redemptiones,
1921 571 2029 603 &alia
2052 574 2100 604 in-

1211 629 1336 651 numera
1361 619 1557 658 aob'umenta.
1584 617 1687 657 Haec,
1714 621 1876 661 inquam,
1902 616 2005 659 pietas
2015 629 2102 654 tram

1211 667 1263 700 siit
1284 667 1319 700 in
1346 666 1543 702 hodiernum
1569 678 1719 708 morem,
1744 679 1813 711 quo
1838 664 1951 702 fideles
1961 670 2102 704 morien·-

1211 727 1258 752 tes
1284 726 1341 751 aut
1368 718 1511 761 ipsorum
1551 718 1622 761 post
1661 727 1800 751 mortem
1832 717 1932 753 amici
1973 717 2104 753 donant

1214 767 1362 802 Ecclefiae
1388 768 1532 811 aliquam
1560 769 1621 801 suae
1646 766 1829 801 substantiae
1863 777 1989 811 partem
2012 793 2024 809 ,
2058 777 2103 803 ex

1213 829 1276 861 qua
1299 827 1355 853 aut
1376 819 1410 852 in
1435 818 1504 853 solo
1526 817 1740 861 depositionis
1762 817 1837 858 die,
1859 825 1916 851 aut
1942 819 1977 852 in
1989 818 2102 862 ejuse·

1212 870 1294 903 tiam
1317 870 1417 912 usque
1437 869 1477 903 ad
1490 869 1595 903 saeculi
1608 868 1705 903 finem
1718 867 1941 903 anniversario
1955 867 2012 901 fiat
2025 879 2103 912 pau-

1213 919 1341 962 peribus
1366 919 1477 964 aliqua
1498 919 1708 962 eleemosyna
1723 943 1733 959 ,
1760 917 1918 952 &divina
1932 917 2104 963 suffragio-

1212 980 1284 1004 rum
1305 970 1427 1005 Officia
1449 969 1656 1004 cantantibus
1671 968 1806 1004 Clericis
1816 967 1943 1011 aliquid
1955 967 2051 1003 detur
2064 968 2103 1002 in

1213 1019 1482 1054 sustentationem
1498 1045 1504 1052 .
1522 1020 1755 1070 Qrumdam
1768 1018 1976 1053 Clericorum
1990 1042 2002 1059 ‚
2027 1029 2107 1063 pau-

1213 1082 1302 1113 peres
1323 1069 1401 1104 hinc
1423 1070 1586 1105 secludere
1608 1070 1834 1110 tentantium,
1861 1068 2034 1104 avaritiam
2061 1067 2105 1103 de

1212 1133 1317 1155 errore
1340 1122 1373 1155 ἀ
1396 1120 1513 1155 Haerefi
1536 1121 1636 1164 Ionas
1657 1119 1778 1155 merito
1791 1120 1946 1155 damnat.
1976 1118 2107 1154 Eadem

1215 1172 1425 1216 postmodum
1451 1169 1704 1216 Albigensibus‚
1734 1170 1964 1205 Waldensibus
1985 1193 1996 1210 ,
2033 1168 2111 1202 Wi-

1214 1222 1355 1257 cleffistis
1368 1248 1378 1264 ‚
1405 1220 1605 1257 Lutheranis
1617 1247 1627 1263 ‚
1653 1220 1687 1255 &
1699 1220 1893 1255 Calvinistis
1918 1220 2030 1254 fucum
2043 1217 2109 1252 mi-

1218 1273 1365 1308 nistravit
1391 1272 1432 1308 ad
1464 1271 1700 1317 purgatorium
1737 1271 1772 1306 dc
1793 1271 1933 1305 fraterna
1957 1280 2018 1313 pro
2044 1268 2108 1303 illo

1218 1323 1390 1368 suffragia,
1416 1332 1586 1366 tamquam
1608 1322 1783 1357 Clericalis
1803 1319 1992 1365 cupiditatis
2017 1328 2110 1353 com·

1219 1383 1353 1412 menta,
1379 1372 1614 1406 calumnianda
1637 1390 1649 1402 .-
1672 1370 1729 1404 Ad
1766 1370 1939 1413 pessimum
1965 1378 2109 1403 errorem

1218 1422 1460 1456 eliminandum
1482 1420 1761 1464 fecitjampridem
1772 1420 1929 1454 Romana
1943 1418 2088 1453 Ecclesia
2098 1441 2113 1460 ,

1170 1455 1176 1522 Ι
1220 1471 1310 1514 quod
1333 1472 1368 1503 in
1390 1470 1481 1503 libris
1497 1469 1543 1502 de
1565 1470 1673 1503 Miffae
1694 1470 1728 1502 δε
1750 1469 1964 1503 Eucharistiae
1986 1467 2112 1511 Myste-

261 1522 398 1554 omnibus
407 1520 582 1561 petentibus
590 1519 650 1558 li'ne
660 1518 743 1558 typho
757 1521 791 1550 et
811 1529 876 1550 cum
898 1520 1058 1550 alacritate
1071 1525 1157 1558 prae-
1171 1535 1176 1567 1
1221 1518 1278 1550 riis
1289 1516 1398 1550 scribit
1411 1517 1627 1550 Innocentius
1639 1517 1773 1549 tertius:
1801 1521 1954 1551 Romanus
1966 1518 2112 1559 Pontifex

260 1570 411 1609 beantur,
438 1579 528 1610 neque
537 1568 714 1601 vendantur
727 1591 735 1598 .
762 1566 938 1601 Consonat
951 1564 1076 1600 Auster
1087 1567 1176 1611 Ser-3
1216 1575 1332 1608 praeter
1353 1565 1524 1599 oblationem
1538 1571 1633 1607 panis
1656 1565 1771 1598 nullam
1800 1567 1896 1600 aliam
1929 1565 2106 1600 oblationem
2134 1560 2166 1590 L·
2187 1567 2214 1596 3·
2240 1569 2266 1590 c·

261 1620 372 1654 monis
392 1618 433 1652 de
444 1617 541 1652 Festo
553 1616 753 1660 Apostolicae
764 1615 955 1651 cathedrae:
983 1620 1079 1649 Miror
1100 1626 1153 1648 cur
1173 1616 1175 1618 ’

261 1670 348 1712 apud
370 1666 512 1711 quosdam
523 1667 658 1710 infideles
680 1665 768 1701 hodie
786 1674 851 1700 tam
868 1664 1051 1709 perniclofiii
1077 1676 1157 1700 error

262 1724 424 1754 increverit
444 1744 455 1759 ,
481 1727 516 1751 ut
536 1716 627 1762 super
646 1718 772 1751 tumulos
795 1716 1004 1759 defunt‘lorum
1026 1712 1105 1751 cibor
1122 1717 1157 1750 (9·

263 1771 341 1804 vin‘a
360 1768 535 1812 conferant,
560 1767 645 1811 quasi
661 1767 776 1813 egreffae
799 1768 836 1801 de
858 1767 1024 1809 corporibus
1046 1771 1157 1799 animae

264 1821 401 1854 carnales
423 1819 501 1853 cibos
511 1824 684 1861 requirant.
714 1818 758 1851 Et
766 1815 947 1852 -Alethium
961 1817 1156 1852 Romanum

268 1871 461 1905 Senatorem
483 1894 495 1911 ,
531 1868 588 1913 qui
610 1869 646 1903 in
669 1866 829 1904 defunctae
867 1867 982 1902 uxoris
1007 1867 1156 1912 exequiis

266 1921 443 1955 Romanos
463 1930 618 1963 pauperes
639 1929 728 1953 nova
752 1919 835 1953 veste
857 1919 891 1953 ὅ(
914 1917 1034 1963 insigni
1057 1916 1156 1962 epulo

264 1971 403 2005 donarat
425 1970 460 2004 in
483 1968 648 2004 Vaticana
671 1969 810 2003 Basilica
837 1993 847 2010 ‚
873 1968 1017 2002 multum
1041 1967 1155 2002 laudat

265 2021 402 2055 sanetus
422 2019 607 2060 Paulinus,
632 2019 667 2053 &
688 2019 841 2064 adjungit
865 2019 906 2052 de
929 2016 1151 2062 epulantibus:

265 2070 356 2104 Vobis
378 2069 583 2111 adjustitiam
607 2070 809 2113 deputabatur
828 2070 1020 2102 conclamatio
1044 2069 1099 2102 illa
1122 2069 1158 2102 (5

263 2126 456 2163 comprecatio
464 2127 648 2163 pauperum,
676 2131 735 2163 qua
742 2127 797 2161 per
808 2118 906 2160 vestra
928 2130 1053 2152 munera
1074 2118 1156 2151 bene·

216 2187 220 2191 ·
266 2171 418 2204 dicebatur
434 2174 512 2202 Deo.
542 2172 641 2203 Facili
651 2175 730 2202 enim
741 2174 795 2202 via
806 2170 851 2201 ad
869 2179 970 2200 aurem
992 2170 1051 2199 Dei
1072 2177 1156 2198 voces

88 2282 163 2323 Cap.
184 2290 220 2315 4·

99 3123 162 3153 Lib.
186 3130 212 3158 3.

101 3170 167 3201 cap.
188 3170 231 3197 ις·

265 2225 385 2260 inopum
407 2221 580 2261 diriguntur
592 2241 603 2257 ,
628 2223 699 2259 quia
709 2222 802 2249 oratio
813 2220 958 2257 pauperis·
969 2215 1059 2248 nubes
1070 2223 1156 2256 pene·

268 2277 332 2301 trat
344 2293 351 2300 .
379 2267 424 2301 Et
435 2267 476 2301 ad
488 2267 595 2301 filium
609 2266 703 2300 suum
717 2264 801 2299 dixit
827 2265 984 2307 piiffirnus
1006 2263 1155 2299 Tobias:

268 2319 383 2351 Panem
394 2326 477 2349 tuum
493 2318 528 2349 (ν
549 2321 656 2348 vinum
676 2323 761 2347 tuum
776 2312 866 2356 super
884 2313 1067 2357 sepulturam
1082 2313 1158 2354 justi

265 2366 419 2406 constitue,
443 2367 478 2399 Θ
491 2366 549 2398 noli
559 2375 597 2398 ex
608 2375 640 2398 eo
651 2364 832 2397 manducare
845 2365 880 2397 (ν
890 2363 990 2396 bibero
1014 2373 1079 2396 cum
1093 2371 1158 2405 pec-

265 2416 431 2450 catoribus.
458 2415 538 2448 Haec
551 2425 630 2459 ergo
642 2413 962 2458 consanguineorum
984 2424 1060 2448 cum
1085 2426 1158 2458 pau-

265 2466 398 2510 peribus
419 2464 461 2498 ad
486 2464 717 2498 defunCtorum
729 2463 876 2497 tumulos
898 2464 1055 2497 convivia
1078 2466 1152 2498 sunt

265 2514 487 2558 antiquiffima
511 2514 545 2548 &
568 2513 719 2549 Ecclesiae
741 2514 774 2547 δε
797 2514 982 2558 Synagogre
1023 2515 1123 2558 pietas
1146 2539 1156 2554 ‚

264 2566 348 2600 olim
359 2564 518 2609 appellata
529 2562 645 2609 Agape
657 2564 711 2598 seu
724 2563 851 2597 oblatio
861 2564 1004 2597 defunsti
1016 2590 1023 2598 .
1051 2564 1156 2607 Ipsam

265 2615 369 2659 aliqui
391 2614 569 2660 quotannis
592 2614 628 2648 in
649 2613 868 2648 anniversaria
892 2614 1008 2648 mortis
1030 2614 1086 2648 die
1109 2616 1155 2649 of·

266 2665 412 2701 ferebant
431 2691 438 2698 .
461 2665 506 2699 Et
529 2663 594 2698 hoc
615 2664 649 2698 in
671 2664 811 2698 Ecclesia
834 2676 871 2698 ac
891 2664 974 2699 festo
1019 2665 1156 2724 alicujus

267 2717 427 2760 Martyris
450 2727 457 2746 ε
488 2712 592 2762 Qidd
615 2725 791 2758 pauperum
816 2714 1023 2758 epulantium
1046 2725 1154 2759 preces

269 2767 461 2801 sanctorum
483 2764 673 2809 Martyrum
694 2764 976 2800 intercessionibus
1007 2765 1151 2809 adjuvari

271 2816 413 2850 Ecclesia
441 2816 564 2859 semper
589 2814 764 2850 crediderit
784 2841 791 2848 .
831 2814 910 2850 Erat
947 2816 1152 2851 consuetudo

268 2867 406 2906 Sancta,
433 2864 544 2899 verum
564 2865 653 2908 quod
677 2865 784 2909 postea
807 2864 968 2900 scandalis
995 2868 1028 2901 δε
1051 2867 1152 2901 abusi-

269 2916 332 2951 bus
353 2916 558 2949 occasionem
579 2915 705 2950 dederit
726 2928 764 2950 ac
785 2917 933 2950 fomenta
959 2941 970 2957 ,
1007 2917 1151 2951 scabiosa

270 2968 350 3000 facta
368 2965 413 2999 est
428 2989 438 3004 ,
466 2965 637 3009 proscripta
657 2977 698 2999 ex
721 2966 873 3000 Ecclefiis
897 2990 908 3007 ,
942 2966 977 3000 δε
996 2969 1151 3002 conversa

271 3016 306 3050 in
329 3026 453 3049 morem
474 3013 690 3056 hodiernum,
718 3027 814 3060 quem
840 3017 875 3050 in
903 3016 994 3051 libris
1018 3017 1059 3051 de
1077 3017 1153 3053 Lai·

271 3065 335 3101 cali
357 3065 563 3099 institutione
585 3065 734 3108 praedicat
756 3066 854 3109 Jonas
877 3067 1059 3112 Episcopus
1083 3068 1152 3102 Au-

269 3115 475 3150 relianensis:
503 3115 685 3149 Nullatenus
707 3117 852 3150 audiendi
857 3116 931 3161 sunt
943 3118 1003 3158 illi,
1029 3123 1081 3161 qui
1107 3119 1151 3151 di-

270 3174 340 3201 cunt
363 3166 445 3207 quod
465 3166 554 3198 nullae
582 3166 652 3199 aliae
674 3165 852 3210 eleemofflnae
882 3169 1025 3209 opitulari
1043 3168 1151 3213 possint

272 3215 420 3257 defunc‘lis
437 3240 447 3255 ,
487 3214 538 3255 nisi
553 3212 730 3257 solummodo
752 3228 818 3260 quae
846 3219 1051 3257 sacerdotibus
1075 3220 1151 3252 dan-

272 3275 345 3307 tur,
375 3266 410 3299 &
427 3263 573 3307 sacrificia
595 3276 663 3307 quae
680 3274 735 3308 per
747 3278 794 3301 eos
807 3271 868 3301 Deo
880 3268 1040 3309 offeruntur
1053 3294 1060 3301 .
1090 3275 1152 3304 Hoc

272 3321 325 3359 qui
344 3316 467 3349 credunt
485 3316 519 3349 ὢ·
531 3316 653 3356 dicunt,
680 3324 734 3349 aut
743 3322 915 3361 ignorantia
926 3328 980 3352 aut
989 3321 1067 3354 certe
1081 3319 1151 3352 alio·

273 3377 342 3400 rum
360 3363 541 3408 persuasione
552 3365 724 3408 falluntur.
750 3368 898 3402 Credibile
918 3367 991 3412 sane*
1012 3369 1052 3408 est
1074 3369 1153 3412 quod

276 3414 340 3449 bec
357 3413 498 3458 persuasio
518 3440 529 3456 ‚
566 3426 628 3458 qua
639 3414 783 3458 simplices
807 3418 843 3450 id
864 3419 979 3453 credere
1002 3421 1037 3454 (a
1057 3421 1152 3453 dicere

279 3465 418 3502 videntur
437 3490 449 3507 ,
484 3477 521 3501 tx
535 3465 625 3508 fonte
643 3471 787 3504 avaritia
814 3467 978 3512 processerit
994 3493 1009 3506 2
1041 3469 1152 3509 ,tancia

1220 1616 1362 1649 manibus
1386 1622 1508 1660 tangit,
1535 1615 1592 1658 nist*
1622 1627 1691 1658 quae
1714 1624 1771 1657 pro
1795 1615 1947 1658 defundis
1970 1615 2110 1658 offertur.
2138 1610 2152 1628 ²

1221 1669 1328 1710 ,Quam
1348 1667 1412 1700 ideo
1425 1666 1564 1699 manibus
1577 1671 1686 1708 accipit
1699 1690 1710 1706 ,
1735 1674 1768 1699 ut
1795 1678 1894 1701 eorum
1901 1665 2021 1712 sugillet
2034 1679 2112 1702 erro-

1221 1728 1284 1751 rem
1297 1740 1308 1756 ,
1333 1722 1385 1758 qui
1408 1717 1614 1760 dogmatizant
1633 1715 1824 1760 eleemosinas
1847 1729 1906 1751 non
1931 1718 2035 1752 valere
2061 1719 2115 1751 de-

1220 1765 1335 1807 func‘lis
1348 1791 1356 1798 .
1384 1766 1550 1801 Vivorum
1574 1766 1762 1801 oblationes
1780 1767 1822 1801 ad
1843 1766 1943 1810 pedes
1964 1768 2084 1811 accipit
2099 1793 2111 1808 ,

1222 1816 1312 1857 quod
1335 1817 1369 1850 &
1392 1816 1574 1860 Apostolos
1597 1817 1705 1851 fecisse
1727 1816 1868 1862 legimus
1897 1818 1931 1851 in
1962 1818 2109 1860 ipsorum

1223 1866 1338 1901 Actis.
1368 1868 1496 1901 Omnes
1519 1868 1593 1900 istas
1610 1865 1797 1902 oblationes
1809 1867 2116 1911 Episcopalidispo·
2149 1861 2153 1864 Δ

1222 1916 1331 1951 fitioni
1355 1918 1479 1961 semper
1500 1915 1707 1959 subjecerunt
1727 1916 1884 1952 Canones
1908 1942 1919 1958 ‚
1957 1918 2113 1961 ipsarum-

1223 1978 1285 2011 que
1306 1967 1493 2009 invasores,
1521 1967 1725 2003 fraudatores
1739 1992 1750 2009 ,
1776 1978 1833 2003 aut
1846 1978 2017 2003 vexatores
2042 1969 2117 2003 Lai-

1222 2028 1278 2053 cos
1298 2016 1497 2052 damnarunt
1523 2019 1572 2052 uti
1596 2029 1772 2062 pauperum
1788 2028 1973 2053 necatores.
2002 2019 2119 2054 Hosce

1222 2068 1378 2102 Canones
1399 2070 1540 2103 innovat
1561 2070 1595 2106 &
1618 2069 1792 2104 confirmat
1817 2069 1980 2104 Nicolaus
2003 2070 2117 2104 secun-

1224 2118 1307 2151 dus.

1275 2166 1383 2199 Etiam
1396 2166 1621 2200 primitiarum
1634 2168 1841 2202 oblationem
1856 2171 1918 2202 esse
1939 2169 2027 2213 apud
2050 2181 2112 2205 nos

1222 2215 1475 2258 antiquissimam
1499 2215 1642 2250 ostendit
1671 2217 1826 2260 septimus
1849 2218 1971 2252 Canon
1983 2218 2115 2262 Synodi

1223 2265 1440 2308 Gangrensis:
1469 2267 1499 2296 si
1526 2270 1595 2306 quis
1623 2266 1835 2307 Ecclefiasticas
1855 2267 2011 2308 fruHuum
2036 2267 2115 2302 obla·

1221 2320 1312 2346 tiones
1336 2322 1426 2346 extra
1449 2313 1607 2356 Ecclesiam
1638 2322 1768 2358 accipere
1803 2324 1855 2349 aut
1881 2319 1954 2351 dare
1986 2319 2113 2352 voluerit

1215 2372 1332 2406 prater
1357 2361 1526 2406 consensum
1552 2363 1714 2409 Episcopi,
1742 2367 1795 2400 vel
1805 2368 1868 2407 ejus
1881 2367 2113 2411 cuibujusmodl

1220 2415 1311 2456 officia
1338 2414 1480 2456 commissa
1500 2412 1595 2456 sunt,
1623 2427 1674 2450 nec
1699 2427 1764 2450 cum
1790 2419 1857 2457 ejus
1883 2419 2010 2452 voluerit
2023 2430 2111 2464 agero

1220 2463 1345 2506 confilio,
1372 2463 1536 2498 anathema
1554 2464 1606 2507 fit.
1636 2465 1820 2512 Dionysius
1836 2468 1986 2514 Exiguus
1998 2467 2039 2502 ad
2055 2481 2114 2504 vo-

1220 2526 1314 2554 cem,
1343 2515 1526 2556 milliasam,
1553 2516 1787 2559 explicationis
1814 2519 1920 2564 gratia
1959 2518 2116 2560 addidit,

1220 2568 1279 2598 Aut
1305 2566 1533 2598 Primitiarum.
1563 2565 1660 2602 Nihil
1688 2567 1767 2603 novi
1788 2568 1921 2604 induxit
1935 2569 2115 2613 synodus,

1221 2613 1272 2649 sed
1292 2616 1419 2649 avitum
1443 2615 1533 2650 Cleri
1562 2616 1613 2659 jus
1645 2617 1817 2653 adversum
1855 2619 1994 2654 Eustatii
2020 2619 2117 2656 Seba-

1220 2664 1301 2699 steni
1323 2666 1356 2699 in
1383 2666 1488 2709 prima
1514 2665 1673 2702 Armenia
1715 2667 1964 2712 Archiepiscopi
2007 2680 2115 2715 nugas

1219 2714 1388 2749 dumtaxat
1415 2715 1573 2751 stabilivit
1600 2728 1637 2750 ac
1664 2717 1833 2752 defendit.
1861 2719 2001 2754 Easdem
2024 2719 2115 2754 obla-

1219 2766 1326 2801 tiones
1348 2765 1483 2800 laudant
1505 2767 1651 2811 vulgares
1677 2767 1917 2811 Apostolorum
1932 2769 2113 2810 Canones,

1217 2815 1408 2851 mandantes
1430 2817 1513 2851 solas
1538 2828 1644 2852 novas
1662 2818 1763 2861 spicas
1786 2842 1797 2858 ,
1836 2830 1916 2853 uvas
1938 2820 1972 2853 δε
1996 2820 2110 2854 oleum

1216 2864 1255 2900 ad
1282 2865 1416 2908 Altam,
1442 2868 1583 2909 reliquas
1605 2878 1721 2903 ornnes
1743 2867 1912 2905 primitias
1939 2869 2110 2913 Episcopo
2135 2873 2169 2905 C.
2191 2887 2217 2912 ς.
2244 2887 2266 2910 5.

1215 2927 1270 2951 aut
1291 2915 1493 2960 Presbyteris
1513 2918 1554 2952 ad
1577 2917 1717 2954 domum
1737 2918 1838 2963 dirigi
1859 2944 1867 2954 .
1907 2920 2022 2967 Qem
2050 2920 2113 2955 Ca-

1215 2978 1337 3002 nonem
1361 2968 1476 3002 saeculo
1500 2966 1608 3003 adhuc
1632 2979 1751 3012 quarto
1763 2969 1858 3003 fuisse
1876 2968 2026 3005 Ecclefiae
2041 2970 2115 3005 An-

1214 3016 1376 3053 tiochenae
1397 3018 1574 3062 ignotum,
1601 3019 1743 3064 ideoque
1764 3030 1834 3054 non
1857 3019 1921 3053 esse
1942 3018 2116 3064 Apostoli-

1212 3078 1311 3108 cum,
1338 3069 1472 3103 suadent
1494 3067 1561 3103 haec
1583 3069 1691 3103 Sancti
1717 3068 1852 3112 Ioannis
1880 3067 2113 3113 Chrysostomi

1213 3115 1247 3150 in
1267 3117 1505 3164 quadragesima
1526 3119 1620 3154 tertia
1645 3121 1737 3163 super
1758 3119 1898 3163 primam
1924 3121 1963 3154 ad
1993 3121 2113 3155 Corin-

1211 3165 1300 3202 thios
1320 3167 1504 3212 Epistolam
1530 3169 1683 3204 Homilia
1708 3170 1820 3204 verba:
1847 3173 1879 3203 51·
1893 3170 1943 3203 boc
1956 3171 2107 3210 dicerem,

1214 3221 1265 3250 Da
1285 3217 1358 3251 mibi
1377 3221 1412 3253 Θ
1440 3221 1552 3262 depone
1562 3225 1595 3254 in
1607 3225 1680 3253 meis
1693 3220 1811 3255 aedibus
1824 3245 1834 3260 ‚
1856 3222 2032 3262 pudendum
2048 3220 2114 3262 for-

1211 3269 1241 3301 t?
1262 3267 1328 3310 effet
1349 3270 1430 3311 quod
1449 3271 1592 3303 dicerem.
1621 3273 1683 3305 Imo
1705 3274 1778 3305 vero
1803 3282 1839 3304 ne
1871 3279 1941 3304 tunc
1961 3273 2080 3314 quidem
2093 3295 2101 3302 .

1213 3322 1299 3351 Nam
1322 3324 1372 3360 qut·
1393 3322 1492 3353 Altari
1512 3318 1647 3364 aſsident
1660 3345 1670 3360 ,
1696 3323 1811 3355 Aliaria·
1833 3318 1906 3364 sunt
1915 3327 2081 3363 participes
2093 3345 2101 3353 .

1214 3368 1364 3402 Caeterum
1375 3368 1513 3414 fortasse
1537 3369 1680 3414 quispiam
1702 3383 1747 3405 me
1769 3370 1995 3414 reprehenderet
2022 3395 2031 3409 ,
2070 3376 2103 3402 ut

1213 3424 1266 3462 qui
1282 3426 1341 3460 pro
1360 3430 1406 3452 me
1427 3420 1522 3454 verba
1534 3420 1665 3462 facerem
1689 3447 1696 3454 .
1736 3426 1829 3455 Nunc
1850 3430 1949 3455 autem
1972 3418 2104 3461 supplico

1209 3478 1265 3513 pro
1284 3468 1450 3513 egentibus.
1484 3470 1587 3507 Nulla
1609 3471 1708 3516 igitur
1730 3480 1810 3506 tunc
1830 3470 1871 3504 ad
1885 3469 2040 3514 Episcopi
2054 3470 2104 3505 vel

1970 3517 2059 3555 Pres-
