<?xml version="1.0" encoding="UTF-8"?>
<!DOCTYPE html PUBLIC "-//W3C//DTD XHTML 1.0 Transitional//EN"
    "http://www.w3.org/TR/xhtml1/DTD/xhtml1-transitional.dtd">
<html xmlns="http://www.w3.org/1999/xhtml" xml:lang="en" lang="en">
 <head>
  <title>
</title>
<meta http-equiv="Content-Type" content="text/html;charset=utf-8" />
  <meta name='ocr-system' content='tesseract 3.04.00' />
  <meta name='ocr-capabilities' content='ocr_page ocr_carea ocr_par ocr_line ocrx_word'/>
</head>
<body>
  <div class='ocr_page' id='page_1' title='image "./operaomniastudio05lupuuoft_0052.png"; bbox 0 0 2366 3756; ppageno 0'>
   <div class='ocr_carea' id='block_1_1' title="bbox 317 214 1213 1011">
    <p class='ocr_par' dir='ltr' id='par_1_1' title="bbox 317 214 1213 910">
     <span class='ocr_line' id='line_1_1' title="bbox 323 214 1210 262; baseline -0.011 -7"><span class='ocrx_word' id='word_1_1' title='bbox 323 221 424 255; x_wconf 73' lang='lat' dir='ltr'><em>o&#39;mnes</em></span> <span class='ocrx_word' id='word_1_2' title='bbox 437 220 609 262; x_wconf 80' lang='lat' dir='ltr'><em>Peregrini,</em></span> <span class='ocrx_word' id='word_1_3' title='bbox 635 219 687 259; x_wconf 80' lang='lat' dir='ltr'><em>qui</em></span> <span class='ocrx_word' id='word_1_4' title='bbox 710 218 742 249; x_wconf 84' lang='lat' dir='ltr'><em>in</em></span> <span class='ocrx_word' id='word_1_5' title='bbox 769 220 825 250; x_wconf 85' lang='lat' dir='ltr'><em>via</em></span> <span class='ocrx_word' id='word_1_6' title='bbox 849 214 939 255; x_wconf 83' lang='lat' dir='ltr'><em>buJ&#39;us</em></span> <span class='ocrx_word' id='word_1_7' title='bbox 961 216 1210 256; x_wconf 83' lang='lat' dir='ltr'><em>peregrinationis</em></span> 
     </span>
     <span class='ocr_line' id='line_1_2' title="bbox 324 261 1209 307; baseline -0.011 -1"><span class='ocrx_word' id='word_1_8' title='bbox 324 278 506 305; x_wconf 83' lang='lat' dir='ltr'><em>morerentur</em></span> <span class='ocrx_word' id='word_1_9' title='bbox 519 293 528 307; x_wconf 97' lang='lat'>,</span> <span class='ocrx_word' id='word_1_10' title='bbox 555 268 593 300; x_wconf 81' lang='lat' dir='ltr'><em>de</em></span> <span class='ocrx_word' id='word_1_11' title='bbox 612 266 745 300; x_wconf 85' lang='lat' dir='ltr'><em>omnibus</em></span> <span class='ocrx_word' id='word_1_12' title='bbox 770 268 934 298; x_wconf 84' lang='lat' dir='ltr'><em>armaturis</em></span> <span class='ocrx_word' id='word_1_13' title='bbox 949 261 1015 305; x_wconf 78' lang='lat' dir='ltr'><em>ficis</em></span> <span class='ocrx_word' id='word_1_14' title='bbox 1028 286 1039 303; x_wconf 91' lang='lat'>,</span> <span class='ocrx_word' id='word_1_15' title='bbox 1065 268 1209 304; x_wconf 53' lang='lat' dir='ltr'><em>equitatu*</em></span> 
     </span>
     <span class='ocr_line' id='line_1_3' title="bbox 324 310 1208 360; baseline -0.011 -6"><span class='ocrx_word' id='word_1_16' title='bbox 324 327 370 355; x_wconf 87' lang='lat' dir='ltr'><em>ris</em></span> <span class='ocrx_word' id='word_1_17' title='bbox 392 323 425 352; x_wconf 66' lang='grc' dir='ltr'>Θ</span> <span class='ocrx_word' id='word_1_18' title='bbox 452 317 602 358; x_wconf 81' lang='lat' dir='ltr'><em>vestibus,</em></span> <span class='ocrx_word' id='word_1_19' title='bbox 627 317 734 360; x_wconf 85' lang='lat' dir='ltr'><em>quibus</em></span> <span class='ocrx_word' id='word_1_20' title='bbox 760 313 840 355; x_wconf 83' lang='lat' dir='ltr'><em>usuri</em></span> <span class='ocrx_word' id='word_1_21' title='bbox 866 320 972 353; x_wconf 86' lang='lat' dir='ltr'><em>erant,</em></span> <span class='ocrx_word' id='word_1_22' title='bbox 999 310 1187 356; x_wconf 82' lang='lat' dir='ltr'><em>disponerent</em></span> <span class='ocrx_word' id='word_1_23' title='bbox 1201 336 1208 344; x_wconf 92' lang='lat'><strong><em>.</em></strong></span> 
     </span>
     <span class='ocr_line' id='line_1_4' title="bbox 325 361 1210 407; baseline -0.008 -5"><span class='ocrx_word' id='word_1_24' title='bbox 325 373 371 402; x_wconf 82' lang='lat' dir='ltr'><em>Et</em></span> <span class='ocrx_word' id='word_1_25' title='bbox 396 370 432 401; x_wconf 92' lang='lat' dir='ltr'><em>de</em></span> <span class='ocrx_word' id='word_1_26' title='bbox 456 369 614 401; x_wconf 79' lang='lat' dir='ltr'><em>medietate</em></span> <span class='ocrx_word' id='word_1_27' title='bbox 631 364 821 407; x_wconf 68' lang='lat' dir='ltr'><em>possessionum</em></span> <span class='ocrx_word' id='word_1_28' title='bbox 843 361 986 406; x_wconf 88' lang='lat' dir='ltr'><em>suarum,</em></span> <span class='ocrx_word' id='word_1_29' title='bbox 1012 375 1088 405; x_wconf 80' lang='lat' dir='ltr'><em>quas</em></span> <span class='ocrx_word' id='word_1_30' title='bbox 1113 368 1210 396; x_wconf 81' lang='lat' dir='ltr'><em>invia</em></span> 
     </span>
     <span class='ocr_line' id='line_1_5' title="bbox 327 411 1212 462; baseline -0.006 -11"><span class='ocrx_word' id='word_1_31' title='bbox 327 417 426 462; x_wconf 86' lang='lat' dir='ltr'><em>secum</em></span> <span class='ocrx_word' id='word_1_32' title='bbox 454 418 571 450; x_wconf 84' lang='lat' dir='ltr'><em>babent</em></span> <span class='ocrx_word' id='word_1_33' title='bbox 583 438 594 454; x_wconf 95' lang='lat'>,</span> <span class='ocrx_word' id='word_1_34' title='bbox 617 422 672 456; x_wconf 85' lang='lat' dir='ltr'><em>pro</em></span> <span class='ocrx_word' id='word_1_35' title='bbox 697 411 820 446; x_wconf 85' lang='lat' dir='ltr'><em>arbitrio</em></span> <span class='ocrx_word' id='word_1_36' title='bbox 840 411 895 456; x_wconf 72' lang='lat' dir='ltr'><em>fico</em></span> <span class='ocrx_word' id='word_1_37' title='bbox 912 411 1047 454; x_wconf 78' lang='lat' dir='ltr'><em>similiter</em></span> <span class='ocrx_word' id='word_1_38' title='bbox 1067 412 1212 454; x_wconf 85' lang='lat' dir='ltr'><em>faciant,</em></span> 
     </span>
     <span class='ocr_line' id='line_1_6' title="bbox 332 463 1212 505; baseline -0.008 -2"><span class='ocrx_word' id='word_1_39' title='bbox 332 469 490 503; x_wconf 72' lang='lat' dir='ltr'><em>dummodo</em></span> <span class='ocrx_word' id='word_1_40' title='bbox 518 463 596 497; x_wconf 81' lang='lat' dir='ltr'><em>nihii</em></span> <span class='ocrx_word' id='word_1_41' title='bbox 618 470 651 496; x_wconf 88' lang='lat' dir='ltr'><em>in</em></span> <span class='ocrx_word' id='word_1_42' title='bbox 670 469 809 505; x_wconf 83' lang='lat' dir='ltr'><em>patriam</em></span> <span class='ocrx_word' id='word_1_43' title='bbox 834 468 1006 496; x_wconf 84' lang='lat' dir='ltr'><em>remittant.</em></span> <span class='ocrx_word' id='word_1_44' title='bbox 1033 465 1079 496; x_wconf 83' lang='lat' dir='ltr'><em>Et</em></span> <span class='ocrx_word' id='word_1_45' title='bbox 1106 464 1212 496; x_wconf 82' lang='lat' dir='ltr'><em>Clerici</em></span> 
     </span>
     <span class='ocr_line' id='line_1_7' title="bbox 324 511 1212 558; baseline -0.003 -10"><span class='ocrx_word' id='word_1_46' title='bbox 324 521 361 552; x_wconf 75' lang='lat' dir='ltr'><em>de</em></span> <span class='ocrx_word' id='word_1_47' title='bbox 387 515 517 558; x_wconf 83' lang='lat' dir='ltr'><em>capellis</em></span> <span class='ocrx_word' id='word_1_48' title='bbox 540 538 551 554; x_wconf 93' lang='lat'>‚</span> <span class='ocrx_word' id='word_1_49' title='bbox 599 515 634 547; x_wconf 66' lang='lat' dir='ltr'><em>o·</em></span> <span class='ocrx_word' id='word_1_50' title='bbox 660 513 791 547; x_wconf 86' lang='lat' dir='ltr'><em>omnibus</em></span> <span class='ocrx_word' id='word_1_51' title='bbox 815 511 980 554; x_wconf 74' lang='lat' dir='ltr'><em>utensilibus</em></span> <span class='ocrx_word' id='word_1_52' title='bbox 1005 514 1049 545; x_wconf 86' lang='lat' dir='ltr'><em>ad</em></span> <span class='ocrx_word' id='word_1_53' title='bbox 1070 514 1212 554; x_wconf 84' lang='lat' dir='ltr'><em>Capellas</em></span> 
     </span>
     <span class='ocr_line' id='line_1_8' title="bbox 320 561 1213 610; baseline -0.004 -10"><span class='ocrx_word' id='word_1_54' title='bbox 320 564 574 610; x_wconf 73' lang='lat' dir='ltr'><em>pertinentibus,</em></span> <span class='ocrx_word' id='word_1_55' title='bbox 597 565 634 598; x_wconf 68' lang='grc' dir='ltr'><em>ὁ·</em></span> <span class='ocrx_word' id='word_1_56' title='bbox 659 565 695 597; x_wconf 90' lang='lat' dir='ltr'><em>de</em></span> <span class='ocrx_word' id='word_1_57' title='bbox 720 563 852 596; x_wconf 89' lang='lat' dir='ltr'><em>omnibus</em></span> <span class='ocrx_word' id='word_1_58' title='bbox 878 563 966 596; x_wconf 84' lang='lat' dir='ltr'><em>libris</em></span> <span class='ocrx_word' id='word_1_59' title='bbox 988 571 1045 605; x_wconf 90' lang='lat' dir='ltr'><em>pro</em></span> <span class='ocrx_word' id='word_1_60' title='bbox 1070 574 1138 596; x_wconf 88' lang='lat' dir='ltr'><em>voto</em></span> <span class='ocrx_word' id='word_1_61' title='bbox 1158 561 1213 606; x_wconf 85' lang='lat' dir='ltr'><em>suo</em></span> 
     </span>
     <span class='ocr_line' id='line_1_9' title="bbox 321 613 1213 655; baseline -0.006 -4"><span class='ocrx_word' id='word_1_62' title='bbox 321 617 411 651; x_wconf 68' lang='lat' dir='ltr'><em>libere*</em></span> <span class='ocrx_word' id='word_1_63' title='bbox 435 614 617 648; x_wconf 84' lang='lat' dir='ltr'><em>ordinabunt</em></span> <span class='ocrx_word' id='word_1_64' title='bbox 637 638 645 645; x_wconf 89' lang='lat'>.</span> <span class='ocrx_word' id='word_1_65' title='bbox 673 615 776 648; x_wconf 77' lang='lat' dir='ltr'><em>Altera</em></span> <span class='ocrx_word' id='word_1_66' title='bbox 801 615 872 646; x_wconf 72' lang='lat' dir='ltr'><em>vero</em></span> <span class='ocrx_word' id='word_1_67' title='bbox 893 621 972 655; x_wconf 87' lang='lat' dir='ltr'><em>pars</em></span> <span class='ocrx_word' id='word_1_68' title='bbox 1000 613 1142 647; x_wconf 86' lang='lat' dir='ltr'><em>tradetur</em></span> <span class='ocrx_word' id='word_1_69' title='bbox 1168 614 1213 646; x_wconf 91' lang='lat' dir='ltr'><em>ad</em></span> 
     </span>
     <span class='ocr_line' id='line_1_10' title="bbox 317 661 1210 712; baseline -0.004 -12"><span class='ocrx_word' id='word_1_70' title='bbox 317 666 542 712; x_wconf 74' lang='lat' dir='ltr'><em>subventionem</em></span> <span class='ocrx_word' id='word_1_71' title='bbox 567 674 657 698; x_wconf 81' lang='lat' dir='ltr'><em>terrae</em></span> <span class='ocrx_word' id='word_1_72' title='bbox 684 661 952 706; x_wconf 75' lang='lat' dir='ltr'><em>Hierosolymitanae</em></span> <span class='ocrx_word' id='word_1_73' title='bbox 965 688 972 694; x_wconf 93' lang='lat'><strong>.</strong></span> <span class='ocrx_word' id='word_1_74' title='bbox 999 663 1098 697; x_wconf 67' lang='lat' dir='ltr'><em>Certe</em></span> <span class='ocrx_word' id='word_1_75' title='bbox 1124 674 1210 706; x_wconf 88' lang='lat' dir='ltr'><em>pere·</em></span> 
     </span>
     <span class='ocr_line' id='line_1_11' title="bbox 320 712 1210 762; baseline -0.007 -11"><span class='ocrx_word' id='word_1_76' title='bbox 320 717 432 762; x_wconf 82' lang='lat' dir='ltr'><em>grinos</em></span> <span class='ocrx_word' id='word_1_77' title='bbox 459 715 535 748; x_wconf 86' lang='lat' dir='ltr'><em>istos</em></span> <span class='ocrx_word' id='word_1_78' title='bbox 560 714 601 748; x_wconf 86' lang='lat' dir='ltr'><em>ad</em></span> <span class='ocrx_word' id='word_1_79' title='bbox 628 712 713 748; x_wconf 86' lang='lat' dir='ltr'><em>nihil</em></span> <span class='ocrx_word' id='word_1_80' title='bbox 739 714 780 747; x_wconf 92' lang='lat' dir='ltr'><em>de</em></span> <span class='ocrx_word' id='word_1_81' title='bbox 816 712 879 746; x_wconf 86' lang='lat' dir='ltr'><em>suis</em></span> <span class='ocrx_word' id='word_1_82' title='bbox 919 713 1012 748; x_wconf 86' lang='lat' dir='ltr'><em>rebus</em></span> <span class='ocrx_word' id='word_1_83' title='bbox 1047 713 1210 747; x_wconf 88' lang='lat' dir='ltr'><em>remitten-</em></span> 
     </span>
     <span class='ocr_line' id='line_1_12' title="bbox 321 762 1206 809; baseline -0.006 -8"><span class='ocrx_word' id='word_1_84' title='bbox 321 767 401 801; x_wconf 88' lang='lat' dir='ltr'><em>dum</em></span> <span class='ocrx_word' id='word_1_85' title='bbox 426 765 462 799; x_wconf 90' lang='lat' dir='ltr'><em>in</em></span> <span class='ocrx_word' id='word_1_86' title='bbox 490 765 652 809; x_wconf 86' lang='lat' dir='ltr'><em>patriam,</em></span> <span class='ocrx_word' id='word_1_87' title='bbox 678 774 733 798; x_wconf 89' lang='lat' dir='ltr'><em>aut</em></span> <span class='ocrx_word' id='word_1_88' title='bbox 757 763 798 798; x_wconf 80' lang='lat' dir='ltr'><em>ad</em></span> <span class='ocrx_word' id='word_1_89' title='bbox 825 764 966 806; x_wconf 84' lang='lat' dir='ltr'><em>ipsarum</em></span> <span class='ocrx_word' id='word_1_90' title='bbox 994 762 1206 797; x_wconf 86' lang='lat' dir='ltr'><em>medietatem</em></span> 
     </span>
     <span class='ocr_line' id='line_1_13' title="bbox 319 811 1206 860; baseline -0.005 -10"><span class='ocrx_word' id='word_1_91' title='bbox 319 818 408 851; x_wconf 86' lang='lat' dir='ltr'><em>sacro</em></span> <span class='ocrx_word' id='word_1_92' title='bbox 434 815 593 850; x_wconf 82' lang='lat' dir='ltr'><em>exercitui</em></span> <span class='ocrx_word' id='word_1_93' title='bbox 620 813 792 860; x_wconf 70' lang='lat' dir='ltr'><em>legandum</em></span> <span class='ocrx_word' id='word_1_94' title='bbox 818 812 972 856; x_wconf 84' lang='lat' dir='ltr'><em>compelli</em></span> <span class='ocrx_word' id='word_1_95' title='bbox 995 811 1127 854; x_wconf 74' lang='lat' dir='ltr'><em>aequitas</em></span> <span class='ocrx_word' id='word_1_96' title='bbox 1140 824 1206 847; x_wconf 85' lang='lat' dir='ltr'><em>non</em></span> 
     </span>
     <span class='ocr_line' id='line_1_14' title="bbox 318 865 543 910; baseline -0.013 -9"><span class='ocrx_word' id='word_1_97' title='bbox 318 865 526 910; x_wconf 87' lang='lat' dir='ltr'><em>permittebat</em></span> <span class='ocrx_word' id='word_1_98' title='bbox 536 891 543 898; x_wconf 93' lang='lat'><strong>.</strong></span> 
     </span>
    </p>

    <p class='ocr_par' dir='ltr' id='par_1_2' title="bbox 318 913 1205 1011">
     <span class='ocr_line' id='line_1_15' title="bbox 367 913 1205 964; baseline -0.002 -14"><span class='ocrx_word' id='word_1_99' title='bbox 367 916 471 964; x_wconf 76' lang='lat' dir='ltr'><em>Qod</em></span> <span class='ocrx_word' id='word_1_100' title='bbox 497 913 655 949; x_wconf 75' lang='lat' dir='ltr'><em>Riclrardi</em></span> <span class='ocrx_word' id='word_1_101' title='bbox 682 915 781 949; x_wconf 87' lang='lat' dir='ltr'><em>frater</em></span> <span class='ocrx_word' id='word_1_102' title='bbox 806 925 844 949; x_wconf 81' lang='lat' dir='ltr'><em>ac</em></span> <span class='ocrx_word' id='word_1_103' title='bbox 871 913 1031 948; x_wconf 77' lang='lat' dir='ltr'><em>suceeffor</em></span> <span class='ocrx_word' id='word_1_104' title='bbox 1062 913 1205 957; x_wconf 80' lang='lat' dir='ltr'><em>Ioannes</em></span> 
     </span>
     <span class='ocr_line' id='line_1_16' title="bbox 318 962 1200 1011; baseline -0.005 -10"><span class='ocrx_word' id='word_1_105' title='bbox 318 967 445 1011; x_wconf 83' lang='lat' dir='ltr'><em>quasvis</em></span> <span class='ocrx_word' id='word_1_106' title='bbox 470 964 666 1000; x_wconf 83' lang='lat' dir='ltr'><em>haereditates</em></span> <span class='ocrx_word' id='word_1_107' title='bbox 692 965 710 998; x_wconf 73' lang='lat' dir='ltr'><em>a</em></span> <span class='ocrx_word' id='word_1_108' title='bbox 737 966 768 998; x_wconf 91' lang='lat' dir='ltr'><em>se</em></span> <span class='ocrx_word' id='word_1_109' title='bbox 794 963 908 998; x_wconf 77' lang='lat' dir='ltr'>redimi</span> <span class='ocrx_word' id='word_1_110' title='bbox 936 962 1045 998; x_wconf 76' lang='lat' dir='ltr'><em>denuo</em></span> <span class='ocrx_word' id='word_1_111' title='bbox 1056 964 1200 1007; x_wconf 73' lang='lat' dir='ltr'><em>jusserit,</em></span> 
     </span>
    </p>
   </div>
   <div class='ocr_carea' id='block_1_2' title="bbox 144 1012 1203 1060">
    <p class='ocr_par' dir='ltr' id='par_1_3' title="bbox 144 1012 1203 1060">
     <span class='ocr_line' id='line_1_17' title="bbox 144 1012 1203 1060; baseline 0 -12"><span class='ocrx_word' id='word_1_112' title='bbox 144 1012 176 1043; x_wconf 75' lang='lat' dir='ltr'><em>L·</em></span> <span class='ocrx_word' id='word_1_113' title='bbox 206 1021 253 1048; x_wconf 86' lang='lat'><em>¹3·</em></span> <span class='ocrx_word' id='word_1_114' title='bbox 272 1023 304 1044; x_wconf 75' lang='grc' dir='ltr'><em>ε’·</em></span> <span class='ocrx_word' id='word_1_115' title='bbox 317 1017 456 1060; x_wconf 88' lang='lat' dir='ltr'><em>ideoque</em></span> <span class='ocrx_word' id='word_1_116' title='bbox 480 1027 593 1060; x_wconf 83' lang='lat' dir='ltr'><em>graves</em></span> <span class='ocrx_word' id='word_1_117' title='bbox 604 1026 678 1049; x_wconf 90' lang='lat' dir='ltr'><em>cum</em></span> <span class='ocrx_word' id='word_1_118' title='bbox 694 1015 814 1059; x_wconf 88' lang='lat' dir='ltr'><em>Regno</em></span> <span class='ocrx_word' id='word_1_119' title='bbox 829 1013 1018 1056; x_wconf 75' lang='lat' dir='ltr'><em>quaestiones</em></span> <span class='ocrx_word' id='word_1_120' title='bbox 1033 1013 1180 1048; x_wconf 88' lang='lat' dir='ltr'><em>habuerit</em></span> <span class='ocrx_word' id='word_1_121' title='bbox 1192 1038 1203 1055; x_wconf 86' lang='lat'>,</span> 
     </span>
    </p>
   </div>
   <div class='ocr_carea' id='block_1_3' title="bbox 146 1052 265 1092">
    <p class='ocr_par' dir='ltr' id='par_1_4' title="bbox 146 1052 265 1092">
     <span class='ocr_line' id='line_1_18' title="bbox 146 1052 265 1092; baseline 0.008 -8"><span class='ocrx_word' id='word_1_122' title='bbox 146 1052 192 1084; x_wconf 71' lang='lat'><em>36·</em></span> <span class='ocrx_word' id='word_1_123' title='bbox 217 1062 265 1092; x_wconf 69' lang='lat'><em>²7-</em></span> 
     </span>
    </p>
   </div>
   <div class='ocr_carea' id='block_1_4' title="bbox 304 1063 1209 3039">
    <p class='ocr_par' dir='ltr' id='par_1_5' title="bbox 304 1063 1209 3039">
     <span class='ocr_line' id='line_1_19' title="bbox 316 1063 1203 1101; baseline -0.005 0"><span class='ocrx_word' id='word_1_124' title='bbox 316 1066 448 1101; x_wconf 87' lang='lat' dir='ltr'><em>testatur</em></span> <span class='ocrx_word' id='word_1_125' title='bbox 470 1066 503 1100; x_wconf 87' lang='lat' dir='ltr'><em>in</em></span> <span class='ocrx_word' id='word_1_126' title='bbox 521 1067 695 1101; x_wconf 87' lang='lat' dir='ltr'>Scotorum</span> <span class='ocrx_word' id='word_1_127' title='bbox 711 1064 899 1098; x_wconf 83' lang='lat' dir='ltr'>Annalibus</span> <span class='ocrx_word' id='word_1_128' title='bbox 911 1065 1036 1099; x_wconf 64' lang='lat' dir='ltr'><em>Hector</em></span> <span class='ocrx_word' id='word_1_129' title='bbox 1050 1063 1186 1098; x_wconf 75' lang='lat' dir='ltr'><em>Boetius&#39;</em></span> <span class='ocrx_word' id='word_1_130' title='bbox 1196 1090 1203 1097; x_wconf 88' lang='lat'>.</span> 
     </span>
     <span class='ocr_line' id='line_1_20' title="bbox 314 1112 1207 1157; baseline -0.001 -9"><span class='ocrx_word' id='word_1_131' title='bbox 314 1115 424 1157; x_wconf 88' lang='lat' dir='ltr'><em>Hujus</em></span> <span class='ocrx_word' id='word_1_132' title='bbox 444 1115 530 1149; x_wconf 87' lang='lat' dir='ltr'><em>filius</em></span> <span class='ocrx_word' id='word_1_133' title='bbox 553 1116 587 1149; x_wconf 75' lang='grc' dir='ltr'><em>δε</em></span> <span class='ocrx_word' id='word_1_134' title='bbox 609 1117 765 1150; x_wconf 68' lang='lat' dir='ltr'><em>successor</em></span> <span class='ocrx_word' id='word_1_135' title='bbox 787 1115 952 1149; x_wconf 88' lang='lat' dir='ltr'><em>Henricus</em></span> <span class='ocrx_word' id='word_1_136' title='bbox 975 1115 1089 1148; x_wconf 85' lang='lat' dir='ltr'><em>tertius</em></span> <span class='ocrx_word' id='word_1_137' title='bbox 1111 1112 1155 1149; x_wconf 88' lang='lat' dir='ltr'><em>ob</em></span> <span class='ocrx_word' id='word_1_138' title='bbox 1170 1114 1207 1147; x_wconf 90' lang='lat' dir='ltr'><em>il-</em></span> 
     </span>
     <span class='ocr_line' id='line_1_21' title="bbox 314 1163 1203 1209; baseline -0.001 -11"><span class='ocrx_word' id='word_1_139' title='bbox 314 1165 379 1199; x_wconf 87' lang='lat' dir='ltr'><em>lata</em></span> <span class='ocrx_word' id='word_1_140' title='bbox 406 1163 536 1208; x_wconf 85' lang='lat' dir='ltr'><em>Populo</em></span> <span class='ocrx_word' id='word_1_141' title='bbox 561 1166 595 1199; x_wconf 89' lang='lat'>&amp;</span> <span class='ocrx_word' id='word_1_142' title='bbox 619 1166 717 1200; x_wconf 89' lang='lat' dir='ltr'><em>Clero</em></span> <span class='ocrx_word' id='word_1_143' title='bbox 728 1166 918 1209; x_wconf 82' lang='lat' dir='ltr'>gravamina</span> <span class='ocrx_word' id='word_1_144' title='bbox 930 1164 1115 1200; x_wconf 84' lang='lat' dir='ltr'><em>durasitem</em></span> <span class='ocrx_word' id='word_1_145' title='bbox 1128 1175 1203 1198; x_wconf 90' lang='lat' dir='ltr'><em>curn</em></span> 
     </span>
     <span class='ocr_line' id='line_1_22' title="bbox 313 1213 1203 1258; baseline 0.001 -11"><span class='ocrx_word' id='word_1_146' title='bbox 313 1215 483 1258; x_wconf 89' lang='lat' dir='ltr'><em>Episcopis</em></span> <span class='ocrx_word' id='word_1_147' title='bbox 506 1213 622 1249; x_wconf 84' lang='lat' dir='ltr'><em>habuit</em></span> <span class='ocrx_word' id='word_1_148' title='bbox 642 1216 893 1256; x_wconf 87' lang='lat' dir='ltr'>contentiones,</span> <span class='ocrx_word' id='word_1_149' title='bbox 924 1214 965 1248; x_wconf 90' lang='lat' dir='ltr'><em>de</em></span> <span class='ocrx_word' id='word_1_150' title='bbox 987 1214 1106 1258; x_wconf 84' lang='lat' dir='ltr'><em>quibus</em></span> <span class='ocrx_word' id='word_1_151' title='bbox 1118 1215 1203 1248; x_wconf 92' lang='lat' dir='ltr'><em>Mat-</em></span> 
     </span>
     <span class='ocr_line' id='line_1_23' title="bbox 313 1263 1203 1308; baseline 0 -11"><span class='ocrx_word' id='word_1_152' title='bbox 313 1263 416 1298; x_wconf 79' lang='lat' dir='ltr'><em>thaeus</em></span> <span class='ocrx_word' id='word_1_153' title='bbox 441 1263 623 1300; x_wconf 84' lang='lat' dir='ltr'><em>Parifienfis</em></span> <span class='ocrx_word' id='word_1_154' title='bbox 636 1277 646 1296; x_wconf 90' lang='lat'><em>:</em></span> <span class='ocrx_word' id='word_1_155' title='bbox 673 1269 740 1299; x_wconf 80' lang='lat' dir='ltr'><em>Rex</em></span> <span class='ocrx_word' id='word_1_156' title='bbox 757 1265 890 1308; x_wconf 81' lang='lat' dir='ltr'><em>promifit</em></span> <span class='ocrx_word' id='word_1_157' title='bbox 907 1264 1093 1308; x_wconf 76' lang='lat' dir='ltr'><em>secertifflme</em></span> <span class='ocrx_word' id='word_1_158' title='bbox 1106 1265 1203 1297; x_wconf 86' lang='lat' dir='ltr'><em>Eccle-</em></span> 
     </span>
     <span class='ocr_line' id='line_1_24' title="bbox 304 1313 1204 1358; baseline -0.001 -10"><span class='ocrx_word' id='word_1_159' title='bbox 304 1313 358 1358; x_wconf 80' lang='lat' dir='ltr'><em>fiae</em></span> <span class='ocrx_word' id='word_1_160' title='bbox 381 1316 568 1357; x_wconf 74' lang='lat' dir='ltr'><em>oppreffiones</em></span> <span class='ocrx_word' id='word_1_161' title='bbox 594 1318 788 1358; x_wconf 83' lang='lat' dir='ltr'><em>temperando</em></span> <span class='ocrx_word' id='word_1_162' title='bbox 798 1314 955 1355; x_wconf 82' lang='lat' dir='ltr'><em>adflatum</em></span> <span class='ocrx_word' id='word_1_163' title='bbox 966 1315 1075 1348; x_wconf 84' lang='lat' dir='ltr'><em>debitae</em></span> <span class='ocrx_word' id='word_1_164' title='bbox 1085 1314 1204 1349; x_wconf 82' lang='lat' dir='ltr'><em>liberta-</em></span> 
     </span>
     <span class='ocr_line' id='line_1_25' title="bbox 312 1363 1203 1405; baseline -0.003 -8"><span class='ocrx_word' id='word_1_165' title='bbox 312 1370 354 1397; x_wconf 86' lang='lat' dir='ltr'><em>tis</em></span> <span class='ocrx_word' id='word_1_166' title='bbox 380 1375 540 1398; x_wconf 83' lang='lat' dir='ltr'><em>revocare.</em></span> <span class='ocrx_word' id='word_1_167' title='bbox 567 1368 653 1398; x_wconf 64' lang='lat' dir='ltr'><em>Unde</em></span> <span class='ocrx_word' id='word_1_168' title='bbox 671 1365 799 1404; x_wconf 83' lang='lat' dir='ltr'><em>formati</em></span> <span class='ocrx_word' id='word_1_169' title='bbox 821 1363 898 1405; x_wconf 81' lang='lat' dir='ltr'><em>sunt</em></span> <span class='ocrx_word' id='word_1_170' title='bbox 922 1365 1040 1395; x_wconf 86' lang='lat' dir='ltr'><em>articuli</em></span> <span class='ocrx_word' id='word_1_171' title='bbox 1054 1386 1066 1401; x_wconf 85' lang='lat'><strong><em>,</em></strong></span> <span class='ocrx_word' id='word_1_172' title='bbox 1090 1368 1203 1395; x_wconf 77' lang='lat' dir='ltr'><em>circiter</em></span> 
     </span>
     <span class='ocr_line' id='line_1_26' title="bbox 312 1409 1203 1455; baseline -0.002 -11"><span class='ocrx_word' id='word_1_173' title='bbox 312 1417 550 1455; x_wconf 75' lang='lat' dir='ltr'><em>quinquaginta,</em></span> <span class='ocrx_word' id='word_1_174' title='bbox 575 1423 647 1454; x_wconf 88' lang='lat' dir='ltr'><em>quos</em></span> <span class='ocrx_word' id='word_1_175' title='bbox 677 1413 803 1445; x_wconf 80' lang='lat' dir='ltr'><em>Praelati</em></span> <span class='ocrx_word' id='word_1_176' title='bbox 830 1416 862 1443; x_wconf 90' lang='lat' dir='ltr'><em>in</em></span> <span class='ocrx_word' id='word_1_177' title='bbox 876 1409 989 1454; x_wconf 85' lang='lat' dir='ltr'><em>scripta</em></span> <span class='ocrx_word' id='word_1_178' title='bbox 1005 1412 1203 1453; x_wconf 87' lang='lat' dir='ltr'><em>redegerunt,</em></span> 
     </span>
     <span class='ocr_line' id='line_1_27' title="bbox 312 1460 1204 1504; baseline -0.003 -8"><span class='ocrx_word' id='word_1_179' title='bbox 312 1471 346 1496; x_wconf 86' lang='lat' dir='ltr'><em>ut</em></span> <span class='ocrx_word' id='word_1_180' title='bbox 371 1470 441 1503; x_wconf 89' lang='lat' dir='ltr'><em>apto</em></span> <span class='ocrx_word' id='word_1_181' title='bbox 467 1469 593 1504; x_wconf 76' lang='lat' dir='ltr'><em>tempore</em></span> <span class='ocrx_word' id='word_1_182' title='bbox 618 1472 716 1494; x_wconf 84' lang='lat' dir='ltr'><em>coram</em></span> <span class='ocrx_word' id='word_1_183' title='bbox 742 1465 821 1504; x_wconf 88' lang='lat' dir='ltr'><em>Rege</em></span> <span class='ocrx_word' id='word_1_184' title='bbox 847 1463 882 1494; x_wconf 78' lang='lat'><em>&amp;</em></span> <span class='ocrx_word' id='word_1_185' title='bbox 909 1460 1108 1503; x_wconf 80' lang='lat' dir='ltr'><em>Magnatibus</em></span> <span class='ocrx_word' id='word_1_186' title='bbox 1132 1484 1143 1499; x_wconf 89' lang='lat'>,</span> <span class='ocrx_word' id='word_1_187' title='bbox 1170 1462 1204 1493; x_wconf 69' lang='lat' dir='ltr'><em>(vt</em></span> 
     </span>
     <span class='ocr_line' id='line_1_28' title="bbox 314 1508 1203 1552; baseline -0.003 -7"><span class='ocrx_word' id='word_1_188' title='bbox 314 1513 457 1545; x_wconf 84' lang='lat' dir='ltr'><em>Praelatis</em></span> <span class='ocrx_word' id='word_1_189' title='bbox 482 1511 550 1544; x_wconf 73' lang='lat' dir='ltr'><em>lec‘li</em></span> <span class='ocrx_word' id='word_1_190' title='bbox 577 1510 710 1551; x_wconf 67' lang='lat' dir='ltr'><em>effedlum</em></span> <span class='ocrx_word' id='word_1_191' title='bbox 737 1510 868 1543; x_wconf 89' lang='lat' dir='ltr'><em>debitum</em></span> <span class='ocrx_word' id='word_1_192' title='bbox 891 1508 1069 1552; x_wconf 83' lang='lat' dir='ltr'><em>sortirentur</em></span> <span class='ocrx_word' id='word_1_193' title='bbox 1095 1532 1102 1539; x_wconf 85' lang='lat'><strong>.</strong></span> <span class='ocrx_word' id='word_1_194' title='bbox 1139 1510 1203 1551; x_wconf 78' lang='lat' dir='ltr'><em>,Qui</em></span> 
     </span>
     <span class='ocr_line' id='line_1_29' title="bbox 315 1558 1201 1603; baseline -0.006 -8"><span class='ocrx_word' id='word_1_195' title='bbox 315 1563 432 1595; x_wconf 77' lang='lat' dir='ltr'><em>articuli</em></span> <span class='ocrx_word' id='word_1_196' title='bbox 457 1562 510 1594; x_wconf 88' lang='lat' dir='ltr'><em>vel</em></span> <span class='ocrx_word' id='word_1_197' title='bbox 531 1562 663 1603; x_wconf 85' lang='lat' dir='ltr'><em>capitula</em></span> <span class='ocrx_word' id='word_1_198' title='bbox 682 1560 808 1602; x_wconf 79' lang='lat' dir='ltr'><em>fuerunt</em></span> <span class='ocrx_word' id='word_1_199' title='bbox 832 1558 936 1599; x_wconf 80' lang='lat' dir='ltr'><em>similia</em></span> <span class='ocrx_word' id='word_1_200' title='bbox 959 1559 1021 1591; x_wconf 88' lang='lat' dir='ltr'><em>illis</em></span> <span class='ocrx_word' id='word_1_201' title='bbox 1035 1583 1045 1599; x_wconf 88' lang='lat'>‚</span> <span class='ocrx_word' id='word_1_202' title='bbox 1067 1566 1123 1600; x_wconf 84' lang='lat' dir='ltr'><em>pro</em></span> <span class='ocrx_word' id='word_1_203' title='bbox 1137 1563 1201 1600; x_wconf 85' lang='lat' dir='ltr'><em>qui-</em></span> 
     </span>
     <span class='ocr_line' id='line_1_30' title="bbox 312 1607 1203 1652; baseline -0.006 -6"><span class='ocrx_word' id='word_1_204' title='bbox 312 1612 367 1646; x_wconf 85' lang='lat' dir='ltr'><em>bus</em></span> <span class='ocrx_word' id='word_1_205' title='bbox 395 1614 509 1645; x_wconf 88' lang='lat' dir='ltr'><em>Beatus</em></span> <span class='ocrx_word' id='word_1_206' title='bbox 539 1610 667 1644; x_wconf 85' lang='lat' dir='ltr'><em>Thomas</em></span> <span class='ocrx_word' id='word_1_207' title='bbox 680 1607 915 1652; x_wconf 78' lang='lat' dir='ltr'><em>Arcbiepiscopus</em></span> <span class='ocrx_word' id='word_1_208' title='bbox 928 1607 1145 1649; x_wconf 50' lang='lat' dir='ltr'><em>cantuarien-fis</em></span> <span class='ocrx_word' id='word_1_209' title='bbox 1157 1609 1203 1641; x_wconf 84' lang='lat' dir='ltr'><em>di-</em></span> 
     </span>
     <span class='ocr_line' id='line_1_31' title="bbox 313 1658 1202 1703; baseline -0.003 -8"><span class='ocrx_word' id='word_1_210' title='bbox 313 1667 437 1695; x_wconf 76' lang='lat' dir='ltr'><em>micavit</em></span> <span class='ocrx_word' id='word_1_211' title='bbox 463 1664 577 1700; x_wconf 74' lang='lat' dir='ltr'><em>Martyr</em></span> <span class='ocrx_word' id='word_1_212' title='bbox 590 1685 601 1702; x_wconf 92' lang='lat'><strong>,</strong></span> <span class='ocrx_word' id='word_1_213' title='bbox 628 1661 723 1694; x_wconf 60' lang='lat' dir='ltr'><em>viiio»-</em></span> <span class='ocrx_word' id='word_1_214' title='bbox 745 1659 865 1701; x_wconf 64' lang='lat' dir='ltr'><em>effellus</em></span> <span class='ocrx_word' id='word_1_215' title='bbox 886 1659 1045 1703; x_wconf 69' lang='lat' dir='ltr'><em>gloriosus.</em></span> <span class='ocrx_word' id='word_1_216' title='bbox 1074 1658 1202 1693; x_wconf 85' lang='lat' dir='ltr'><em>Articu-</em></span> 
     </span>
     <span class='ocr_line' id='line_1_32' title="bbox 314 1708 1203 1747; baseline -0.004 -1"><span class='ocrx_word' id='word_1_217' title='bbox 314 1711 418 1746; x_wconf 88' lang='lat' dir='ltr'>lorum</span> <span class='ocrx_word' id='word_1_218' title='bbox 445 1711 584 1747; x_wconf 85' lang='lat' dir='ltr'><em>Brevem</em></span> <span class='ocrx_word' id='word_1_219' title='bbox 610 1711 662 1746; x_wconf 90' lang='lat' dir='ltr'><em>seu</em></span> <span class='ocrx_word' id='word_1_220' title='bbox 690 1708 871 1744; x_wconf 89' lang='lat' dir='ltr'><em>indiculum</em></span> <span class='ocrx_word' id='word_1_221' title='bbox 896 1710 954 1743; x_wconf 90' lang='lat' dir='ltr'><em>suo</em></span> <span class='ocrx_word' id='word_1_222' title='bbox 964 1708 1203 1743; x_wconf 80' lang='lat' dir='ltr'><em>additamento-</em></span> 
     </span>
     <span class='ocr_line' id='line_1_33' title="bbox 313 1755 1203 1801; baseline -0.007 -5"><span class='ocrx_word' id='word_1_223' title='bbox 313 1773 382 1796; x_wconf 90' lang='lat' dir='ltr'><em>rum</em></span> <span class='ocrx_word' id='word_1_224' title='bbox 398 1761 482 1796; x_wconf 87' lang='lat' dir='ltr'><em>libro</em></span> <span class='ocrx_word' id='word_1_225' title='bbox 509 1761 641 1795; x_wconf 85' lang='lat' dir='ltr'><em>inseruit</em></span> <span class='ocrx_word' id='word_1_226' title='bbox 668 1758 754 1794; x_wconf 87' lang='lat' dir='ltr'><em>idem</em></span> <span class='ocrx_word' id='word_1_227' title='bbox 767 1757 945 1793; x_wconf 82' lang='lat' dir='ltr'><em>Matthaeus</em></span> <span class='ocrx_word' id='word_1_228' title='bbox 957 1770 1032 1793; x_wconf 88' lang='lat' dir='ltr'><em>cum</em></span> <span class='ocrx_word' id='word_1_229' title='bbox 1045 1755 1106 1792; x_wconf 87' lang='lat' dir='ltr'><em>hac</em></span> <span class='ocrx_word' id='word_1_230' title='bbox 1127 1757 1203 1801; x_wconf 87' lang='lat' dir='ltr'><em>Epi-</em></span> 
     </span>
     <span class='ocr_line' id='line_1_34' title="bbox 313 1807 1204 1858; baseline -0.007 -12"><span class='ocrx_word' id='word_1_231' title='bbox 313 1812 453 1858; x_wconf 81' lang='lat' dir='ltr'><em>graphe:</em></span> <span class='ocrx_word' id='word_1_232' title='bbox 483 1812 607 1845; x_wconf 79' lang='lat' dir='ltr'><em>Articuli</em></span> <span class='ocrx_word' id='word_1_233' title='bbox 624 1818 681 1852; x_wconf 87' lang='lat' dir='ltr'><em>pro</em></span> <span class='ocrx_word' id='word_1_234' title='bbox 706 1809 812 1852; x_wconf 85' lang='lat' dir='ltr'><em>quibus</em></span> <span class='ocrx_word' id='word_1_235' title='bbox 837 1807 975 1851; x_wconf 79' lang='lat' dir='ltr'><em>Episcopi</em></span> <span class='ocrx_word' id='word_1_236' title='bbox 1002 1809 1116 1852; x_wconf 79' lang='lat' dir='ltr'><em>Angliae</em></span> <span class='ocrx_word' id='word_1_237' title='bbox 1138 1807 1204 1849; x_wconf 86' lang='lat' dir='ltr'><em>fue-</em></span> 
     </span>
     <span class='ocr_line' id='line_1_35' title="bbox 313 1858 1202 1906; baseline -0.004 -11"><span class='ocrx_word' id='word_1_238' title='bbox 313 1872 384 1895; x_wconf 80' lang='lat' dir='ltr'><em>rant</em></span> <span class='ocrx_word' id='word_1_239' title='bbox 400 1866 584 1906; x_wconf 82' lang='lat' dir='ltr'><em>pugnaturi.</em></span> <span class='ocrx_word' id='word_1_240' title='bbox 612 1860 660 1893; x_wconf 92' lang='lat' dir='ltr'><em>Hi</em></span> <span class='ocrx_word' id='word_1_241' title='bbox 689 1861 763 1893; x_wconf 91' lang='lat' dir='ltr'><em>sunt</em></span> <span class='ocrx_word' id='word_1_242' title='bbox 785 1859 958 1903; x_wconf 73' lang='lat' dir='ltr'><em>vigesimus</em></span> <span class='ocrx_word' id='word_1_243' title='bbox 971 1867 1101 1902; x_wconf 87' lang='lat' dir='ltr'><em>quartus</em></span> <span class='ocrx_word' id='word_1_244' title='bbox 1114 1858 1202 1891; x_wconf 89' lang='lat' dir='ltr'><em>&amp;vi-</em></span> 
     </span>
     <span class='ocr_line' id='line_1_36' title="bbox 316 1908 1202 1958; baseline -0.007 -12"><span class='ocrx_word' id='word_1_245' title='bbox 316 1913 455 1958; x_wconf 85' lang='lat' dir='ltr'><em>gefimus</em></span> <span class='ocrx_word' id='word_1_246' title='bbox 481 1911 634 1953; x_wconf 85' lang='lat' dir='ltr'><em>quintus:</em></span> <span class='ocrx_word' id='word_1_247' title='bbox 663 1910 739 1943; x_wconf 76' lang='lat' dir='ltr'><em>Cum</em></span> <span class='ocrx_word' id='word_1_248' title='bbox 766 1915 834 1952; x_wconf 86' lang='lat' dir='ltr'><em>quis</em></span> <span class='ocrx_word' id='word_1_249' title='bbox 859 1917 961 1943; x_wconf 87' lang='lat' dir='ltr'><em>tenens</em></span> <span class='ocrx_word' id='word_1_250' title='bbox 989 1911 1113 1945; x_wconf 85' lang='lat' dir='ltr'><em>Laicum</em></span> <span class='ocrx_word' id='word_1_251' title='bbox 1133 1908 1202 1950; x_wconf 89' lang='lat' dir='ltr'><em>feu-</em></span> 
     </span>
     <span class='ocr_line' id='line_1_37' title="bbox 316 1957 1201 2004; baseline -0.006 -9"><span class='ocrx_word' id='word_1_252' title='bbox 316 1965 387 1995; x_wconf 92' lang='lat' dir='ltr'><em>dum</em></span> <span class='ocrx_word' id='word_1_253' title='bbox 400 1963 436 1995; x_wconf 87' lang='lat' dir='ltr'><em>de</em></span> <span class='ocrx_word' id='word_1_254' title='bbox 447 1965 571 1994; x_wconf 84' lang='lat' dir='ltr'><em>Domino</em></span> <span class='ocrx_word' id='word_1_255' title='bbox 582 1963 660 2004; x_wconf 87' lang='lat' dir='ltr'><em>Rege</em></span> <span class='ocrx_word' id='word_1_256' title='bbox 673 1983 684 2000; x_wconf 92' lang='lat'>,</span> <span class='ocrx_word' id='word_1_257' title='bbox 710 1961 824 1994; x_wconf 81' lang='lat' dir='ltr'><em>decedit</em></span> <span class='ocrx_word' id='word_1_258' title='bbox 835 1982 846 1998; x_wconf 88' lang='lat'>,</span> <span class='ocrx_word' id='word_1_259' title='bbox 872 1957 993 1993; x_wconf 70' lang='lat' dir='ltr'><em>Ballivi&#39;</em></span> <span class='ocrx_word' id='word_1_260' title='bbox 1000 1961 1087 2001; x_wconf 88' lang='lat' dir='ltr'><em>Regis</em></span> <span class='ocrx_word' id='word_1_261' title='bbox 1102 1963 1201 1992; x_wconf 86' lang='lat' dir='ltr'><em>omnia</em></span> 
     </span>
     <span class='ocr_line' id='line_1_38' title="bbox 318 2008 1202 2054; baseline -0.003 -9"><span class='ocrx_word' id='word_1_262' title='bbox 318 2011 392 2045; x_wconf 85' lang='lat' dir='ltr'><em>bona</em></span> <span class='ocrx_word' id='word_1_263' title='bbox 419 2011 550 2054; x_wconf 78' lang='lat' dir='ltr'><em>defunc‘li</em></span> <span class='ocrx_word' id='word_1_264' title='bbox 571 2008 715 2054; x_wconf 74' lang='lat' dir='ltr'><em>saifiunt,</em></span> <span class='ocrx_word' id='word_1_265' title='bbox 741 2021 791 2043; x_wconf 88' lang='lat' dir='ltr'><em>nec</em></span> <span class='ocrx_word' id='word_1_266' title='bbox 810 2015 992 2051; x_wconf 81' lang='lat' dir='ltr'><em>permittunt</em></span> <span class='ocrx_word' id='word_1_267' title='bbox 1018 2010 1082 2050; x_wconf 84' lang='lat' dir='ltr'><em>ejus</em></span> <span class='ocrx_word' id='word_1_268' title='bbox 1106 2019 1202 2042; x_wconf 85' lang='lat' dir='ltr'><em>execu-</em></span> 
     </span>
     <span class='ocr_line' id='line_1_39' title="bbox 319 2058 1199 2104; baseline -0.005 -9"><span class='ocrx_word' id='word_1_269' title='bbox 319 2070 395 2095; x_wconf 85' lang='lat' dir='ltr'><em>tores</em></span> <span class='ocrx_word' id='word_1_270' title='bbox 421 2063 457 2095; x_wconf 90' lang='lat' dir='ltr'><em>de</em></span> <span class='ocrx_word' id='word_1_271' title='bbox 482 2066 524 2095; x_wconf 88' lang='lat' dir='ltr'><em>eis</em></span> <span class='ocrx_word' id='word_1_272' title='bbox 551 2059 705 2104; x_wconf 83' lang='lat' dir='ltr'><em>disponere</em></span> <span class='ocrx_word' id='word_1_273' title='bbox 718 2084 728 2100; x_wconf 89' lang='lat'><em>‚</em></span> <span class='ocrx_word' id='word_1_274' title='bbox 756 2060 846 2093; x_wconf 87' lang='lat' dir='ltr'><em>donec</em></span> <span class='ocrx_word' id='word_1_275' title='bbox 869 2058 1037 2102; x_wconf 81' lang='lat' dir='ltr'><em>inquisitum</em></span> <span class='ocrx_word' id='word_1_276' title='bbox 1055 2058 1154 2100; x_wconf 83' lang='lat' dir='ltr'><em>fuerit</em></span> <span class='ocrx_word' id='word_1_277' title='bbox 1179 2060 1199 2091; x_wconf 74' lang='lat' dir='ltr'><em>ei</em></span> 
     </span>
     <span class='ocr_line' id='line_1_40' title="bbox 319 2107 1201 2154; baseline -0.006 -9"><span class='ocrx_word' id='word_1_278' title='bbox 319 2113 453 2145; x_wconf 80' lang='lat' dir='ltr'><em>Scacario</em></span> <span class='ocrx_word' id='word_1_279' title='bbox 468 2134 478 2151; x_wconf 89' lang='lat'><strong><em>,</em></strong></span> <span class='ocrx_word' id='word_1_280' title='bbox 502 2110 602 2145; x_wconf 72' lang='lat' dir='ltr'><em>utrum</em></span> <span class='ocrx_word' id='word_1_281' title='bbox 627 2110 743 2154; x_wconf 73' lang='lat' dir='ltr'><em>aliquId</em></span> <span class='ocrx_word' id='word_1_282' title='bbox 764 2110 870 2144; x_wconf 76' lang='lat' dir='ltr'><em>debeat</em></span> <span class='ocrx_word' id='word_1_283' title='bbox 897 2113 993 2153; x_wconf 83' lang='lat' dir='ltr'><em>Regi.</em></span> <span class='ocrx_word' id='word_1_284' title='bbox 1020 2112 1066 2142; x_wconf 89' lang='lat' dir='ltr'><em>Et</em></span> <span class='ocrx_word' id='word_1_285' title='bbox 1080 2107 1129 2141; x_wconf 88' lang='lat' dir='ltr'><em>boc</em></span> <span class='ocrx_word' id='word_1_286' title='bbox 1134 2109 1201 2147; x_wconf 82' lang='lat' dir='ltr'><em>juri</em></span> 
     </span>
     <span class='ocr_line' id='line_1_41' title="bbox 318 2158 1201 2204; baseline -0.006 -9"><span class='ocrx_word' id='word_1_287' title='bbox 318 2161 459 2204; x_wconf 80' lang='lat' dir='ltr'><em>diffonum</em></span> <span class='ocrx_word' id='word_1_288' title='bbox 483 2160 540 2201; x_wconf 82' lang='lat' dir='ltr'><em>est,</em></span> <span class='ocrx_word' id='word_1_289' title='bbox 569 2163 604 2195; x_wconf 67' lang='grc' dir='ltr'><em>Θ</em></span> <span class='ocrx_word' id='word_1_290' title='bbox 627 2165 807 2195; x_wconf 84' lang='lat' dir='ltr'><em>contrarium</em></span> <span class='ocrx_word' id='word_1_291' title='bbox 827 2158 959 2198; x_wconf 78' lang='lat' dir='ltr'><em>cbartae‚</em></span> <span class='ocrx_word' id='word_1_292' title='bbox 985 2169 1045 2200; x_wconf 83' lang='lat' dir='ltr'><em>qua</em></span> <span class='ocrx_word' id='word_1_293' title='bbox 1055 2166 1201 2197; x_wconf 83' lang='lat' dir='ltr'><em>cavetur,</em></span> 
     </span>
     <span class='ocr_line' id='line_1_42' title="bbox 315 2209 1201 2253; baseline -0.005 -10"><span class='ocrx_word' id='word_1_294' title='bbox 315 2211 397 2253; x_wconf 84' lang='lat' dir='ltr'><em>quod</em></span> <span class='ocrx_word' id='word_1_295' title='bbox 419 2210 488 2243; x_wconf 85' lang='lat' dir='ltr'><em>licet</em></span> <span class='ocrx_word' id='word_1_296' title='bbox 514 2210 649 2243; x_wconf 87' lang='lat' dir='ltr'><em>Ballivis</em></span> <span class='ocrx_word' id='word_1_297' title='bbox 669 2209 708 2251; x_wconf 81' lang='lat' dir='ltr'><em>fic</em></span> <span class='ocrx_word' id='word_1_298' title='bbox 727 2210 830 2251; x_wconf 83' lang='lat' dir='ltr'><em>facere</em></span> <span class='ocrx_word' id='word_1_299' title='bbox 854 2210 920 2241; x_wconf 71' lang='lat' dir='ltr'><em>cum</em></span> <span class='ocrx_word' id='word_1_300' title='bbox 944 2209 1062 2241; x_wconf 80' lang='lat' dir='ltr'><em>litteras</em></span> <span class='ocrx_word' id='word_1_301' title='bbox 1077 2210 1201 2239; x_wconf 84' lang='lat' dir='ltr'><em>Domini</em></span> 
     </span>
     <span class='ocr_line' id='line_1_43' title="bbox 316 2254 1202 2301; baseline -0.01 -10"><span class='ocrx_word' id='word_1_302' title='bbox 316 2262 407 2301; x_wconf 82' lang='lat' dir='ltr'><em>Regis</em></span> <span class='ocrx_word' id='word_1_303' title='bbox 434 2260 470 2290; x_wconf 84' lang='lat' dir='ltr'><em>de</em></span> <span class='ocrx_word' id='word_1_304' title='bbox 492 2257 717 2298; x_wconf 80' lang='lat' dir='ltr'><em>summonitione</em></span> <span class='ocrx_word' id='word_1_305' title='bbox 742 2258 812 2286; x_wconf 88' lang='lat' dir='ltr'><em>talis</em></span> <span class='ocrx_word' id='word_1_306' title='bbox 839 2254 930 2285; x_wconf 86' lang='lat' dir='ltr'><em>debiti</em></span> <span class='ocrx_word' id='word_1_307' title='bbox 950 2261 1089 2293; x_wconf 82' lang='lat' dir='ltr'><em>patentes</em></span> <span class='ocrx_word' id='word_1_308' title='bbox 1114 2255 1202 2291; x_wconf 75' lang='lat' dir='ltr'><em>osten-</em></span> 
     </span>
     <span class='ocr_line' id='line_1_44' title="bbox 316 2299 1200 2347; baseline -0.012 -5"><span class='ocrx_word' id='word_1_309' title='bbox 316 2308 394 2342; x_wconf 82' lang='lat' dir='ltr'><em>dunt</em></span> <span class='ocrx_word' id='word_1_310' title='bbox 410 2331 421 2347; x_wconf 93' lang='lat'>,</span> <span class='ocrx_word' id='word_1_311' title='bbox 447 2307 481 2339; x_wconf 67' lang='grc' dir='ltr'><em>θ’</em></span> <span class='ocrx_word' id='word_1_312' title='bbox 497 2303 536 2347; x_wconf 82' lang='lat' dir='ltr'><em>fic</em></span> <span class='ocrx_word' id='word_1_313' title='bbox 541 2306 659 2346; x_wconf 78' lang='lat' dir='ltr'><em>possunt</em></span> <span class='ocrx_word' id='word_1_314' title='bbox 667 2301 831 2335; x_wconf 85' lang='lat' dir='ltr'><em>attachiari</em></span> <span class='ocrx_word' id='word_1_315' title='bbox 848 2301 972 2334; x_wconf 77' lang='lat' dir='ltr'><em>Catulla</em></span> <span class='ocrx_word' id='word_1_316' title='bbox 983 2301 1085 2341; x_wconf 85' lang='lat' dir='ltr'><em>aliqua</em></span> <span class='ocrx_word' id='word_1_317' title='bbox 1097 2302 1142 2332; x_wconf 89' lang='lat' dir='ltr'><em>ad</em></span> <span class='ocrx_word' id='word_1_318' title='bbox 1151 2299 1200 2332; x_wconf 87' lang='lat' dir='ltr'><em>bo-</em></span> 
     </span>
     <span class='ocr_line' id='line_1_45' title="bbox 317 2347 1196 2397; baseline -0.013 -7"><span class='ocrx_word' id='word_1_319' title='bbox 317 2367 419 2393; x_wconf 84' lang='lat' dir='ltr'><em>norem</em></span> <span class='ocrx_word' id='word_1_320' title='bbox 440 2353 528 2397; x_wconf 85' lang='lat' dir='ltr'><em>ipfius</em></span> <span class='ocrx_word' id='word_1_321' title='bbox 557 2354 673 2392; x_wconf 83' lang='lat' dir='ltr'><em>debiti,</em></span> <span class='ocrx_word' id='word_1_322' title='bbox 695 2360 750 2394; x_wconf 88' lang='lat' dir='ltr'><em>per</em></span> <span class='ocrx_word' id='word_1_323' title='bbox 770 2349 871 2394; x_wconf 84' lang='lat' dir='ltr'><em>visum</em></span> <span class='ocrx_word' id='word_1_324' title='bbox 881 2350 1017 2394; x_wconf 84' lang='lat' dir='ltr'><em>legalium</em></span> <span class='ocrx_word' id='word_1_325' title='bbox 1027 2347 1196 2389; x_wconf 88' lang='lat' dir='ltr'><em>bominum,</em></span> 
     </span>
     <span class='ocr_line' id='line_1_46' title="bbox 319 2399 1197 2444; baseline -0.01 -4"><span class='ocrx_word' id='word_1_326' title='bbox 319 2409 409 2441; x_wconf 83' lang='lat' dir='ltr'><em>donec</em></span> <span class='ocrx_word' id='word_1_327' title='bbox 432 2405 511 2438; x_wconf 83' lang='lat' dir='ltr'><em>illud</em></span> <span class='ocrx_word' id='word_1_328' title='bbox 534 2403 665 2438; x_wconf 89' lang='lat' dir='ltr'><em>debitum</em></span> <span class='ocrx_word' id='word_1_329' title='bbox 671 2399 860 2444; x_wconf 60' lang='lat' dir='ltr'><em>persolvatur</em></span> <span class='ocrx_word' id='word_1_330' title='bbox 873 2423 883 2440; x_wconf 91' lang='lat'>‚</span> <span class='ocrx_word' id='word_1_331' title='bbox 908 2405 941 2432; x_wconf 87' lang='lat' dir='ltr'><em>in</em></span> <span class='ocrx_word' id='word_1_332' title='bbox 952 2399 1021 2432; x_wconf 84' lang='lat' dir='ltr'><em>aliis</em></span> <span class='ocrx_word' id='word_1_333' title='bbox 1032 2399 1146 2432; x_wconf 86' lang='lat' dir='ltr'><em>catallis</em></span> <span class='ocrx_word' id='word_1_334' title='bbox 1165 2399 1197 2432; x_wconf 88' lang='lat' dir='ltr'><em>li-</em></span> 
     </span>
     <span class='ocr_line' id='line_1_47' title="bbox 320 2449 1196 2494; baseline -0.01 -5"><span class='ocrx_word' id='word_1_335' title='bbox 320 2458 392 2490; x_wconf 79' lang='lat' dir='ltr'><em>bera</em></span> <span class='ocrx_word' id='word_1_336' title='bbox 416 2453 669 2494; x_wconf 84' lang='lat' dir='ltr'><em>administratione</em></span> <span class='ocrx_word' id='word_1_337' title='bbox 693 2450 894 2486; x_wconf 80' lang='lat' dir='ltr'><em>executoribus</em></span> <span class='ocrx_word' id='word_1_338' title='bbox 918 2451 1033 2483; x_wconf 74' lang='lat' dir='ltr'><em>omnino</em></span> <span class='ocrx_word' id='word_1_339' title='bbox 1058 2449 1175 2491; x_wconf 80' lang='lat' dir='ltr'><em>dimissa</em></span> <span class='ocrx_word' id='word_1_340' title='bbox 1189 2472 1196 2481; x_wconf 94' lang='lat'>.</span> 
     </span>
     <span class='ocr_line' id='line_1_48' title="bbox 322 2500 1198 2542; baseline -0.011 -2"><span class='ocrx_word' id='word_1_341' title='bbox 322 2511 398 2540; x_wconf 83' lang='lat' dir='ltr'><em>Item</em></span> <span class='ocrx_word' id='word_1_342' title='bbox 410 2515 520 2539; x_wconf 90' lang='lat' dir='ltr'><em>mortuo</em></span> <span class='ocrx_word' id='word_1_343' title='bbox 531 2501 779 2542; x_wconf 75' lang='lat' dir='ltr'><em>Laicolntestato,</em></span> <span class='ocrx_word' id='word_1_344' title='bbox 806 2504 951 2533; x_wconf 81' lang='lat' dir='ltr'><em>Dominus</em></span> <span class='ocrx_word' id='word_1_345' title='bbox 966 2500 1077 2533; x_wconf 70' lang='lat' dir='ltr'><em>Rex&amp;</em></span> <span class='ocrx_word' id='word_1_346' title='bbox 1095 2501 1198 2532; x_wconf 86' lang='lat' dir='ltr'><em>caeteri</em></span> 
     </span>
     <span class='ocr_line' id='line_1_49' title="bbox 322 2548 1198 2596; baseline -0.01 -7"><span class='ocrx_word' id='word_1_347' title='bbox 322 2559 443 2591; x_wconf 88' lang='lat' dir='ltr'><em>Domini</em></span> <span class='ocrx_word' id='word_1_348' title='bbox 460 2555 641 2596; x_wconf 69' lang='lat' dir='ltr'><em>feudorum,</em></span> <span class='ocrx_word' id='word_1_349' title='bbox 666 2552 742 2585; x_wconf 78' lang='lat' dir='ltr'><em>bona</em></span> <span class='ocrx_word' id='word_1_350' title='bbox 764 2550 897 2592; x_wconf 61' lang='lat' dir='ltr'><em>defun&amp;</em></span> <span class='ocrx_word' id='word_1_351' title='bbox 915 2548 970 2591; x_wconf 81' lang='lat' dir='ltr'><em>fibi</em></span> <span class='ocrx_word' id='word_1_352' title='bbox 994 2550 1198 2591; x_wconf 84' lang='lat' dir='ltr'><em>applicantes,</em></span> 
     </span>
     <span class='ocr_line' id='line_1_50' title="bbox 322 2597 1198 2647; baseline -0.01 -8"><span class='ocrx_word' id='word_1_353' title='bbox 322 2617 381 2642; x_wconf 86' lang='lat' dir='ltr'><em>non</em></span> <span class='ocrx_word' id='word_1_354' title='bbox 397 2611 576 2647; x_wconf 87' lang='lat' dir='ltr'><em>permittunt</em></span> <span class='ocrx_word' id='word_1_355' title='bbox 599 2605 636 2636; x_wconf 89' lang='lat' dir='ltr'><em>de</em></span> <span class='ocrx_word' id='word_1_356' title='bbox 657 2601 723 2646; x_wconf 82' lang='lat' dir='ltr'><em>ipsis</em></span> <span class='ocrx_word' id='word_1_357' title='bbox 744 2600 846 2634; x_wconf 84' lang='lat' dir='ltr'><em>debita</em></span> <span class='ocrx_word' id='word_1_358' title='bbox 854 2598 955 2642; x_wconf 87' lang='lat' dir='ltr'><em>solvi,</em></span> <span class='ocrx_word' id='word_1_359' title='bbox 981 2610 1030 2632; x_wconf 89' lang='lat' dir='ltr'><em>nec</em></span> <span class='ocrx_word' id='word_1_360' title='bbox 1055 2597 1198 2640; x_wconf 85' lang='lat' dir='ltr'><em>refiduum</em></span> 
     </span>
     <span class='ocr_line' id='line_1_51' title="bbox 325 2648 1198 2698; baseline -0.01 -9"><span class='ocrx_word' id='word_1_361' title='bbox 325 2661 358 2690; x_wconf 75' lang='lat' dir='ltr'><em>in</em></span> <span class='ocrx_word' id='word_1_362' title='bbox 380 2654 450 2698; x_wconf 89' lang='lat' dir='ltr'><em>usus</em></span> <span class='ocrx_word' id='word_1_363' title='bbox 471 2655 628 2688; x_wconf 88' lang='lat' dir='ltr'><em>liberorum</em></span> <span class='ocrx_word' id='word_1_364' title='bbox 651 2654 685 2686; x_wconf 63' lang='grc' dir='ltr'>Θ</span> <span class='ocrx_word' id='word_1_365' title='bbox 700 2656 901 2696; x_wconf 80' lang='lat' dir='ltr'><em>proximorum</em></span> <span class='ocrx_word' id='word_1_366' title='bbox 907 2648 1050 2692; x_wconf 88' lang='lat' dir='ltr'><em>suorum,</em></span> <span class='ocrx_word' id='word_1_367' title='bbox 1074 2649 1198 2682; x_wconf 75' lang='lat' dir='ltr'><em>&amp;alios</em></span> 
     </span>
     <span class='ocr_line' id='line_1_52' title="bbox 321 2698 1200 2750; baseline -0.01 -11"><span class='ocrx_word' id='word_1_368' title='bbox 321 2711 387 2750; x_wconf 79' lang='lat' dir='ltr'><em>pios</em></span> <span class='ocrx_word' id='word_1_369' title='bbox 413 2702 479 2747; x_wconf 87' lang='lat' dir='ltr'><em>usus</em></span> <span class='ocrx_word' id='word_1_370' title='bbox 499 2713 556 2746; x_wconf 89' lang='lat' dir='ltr'><em>per</em></span> <span class='ocrx_word' id='word_1_371' title='bbox 582 2704 633 2737; x_wconf 88' lang='lat' dir='ltr'><em>loci</em></span> <span class='ocrx_word' id='word_1_372' title='bbox 646 2703 840 2736; x_wconf 82' lang='lat' dir='ltr'><em>ordinarium</em></span> <span class='ocrx_word' id='word_1_373' title='bbox 847 2724 858 2741; x_wconf 92' lang='lat'><strong>,</strong></span> <span class='ocrx_word' id='word_1_374' title='bbox 875 2708 1011 2743; x_wconf 78' lang='lat' dir='ltr'><em>‘quorum</em></span> <span class='ocrx_word' id='word_1_375' title='bbox 1023 2698 1139 2738; x_wconf 86' lang='lat' dir='ltr'><em>interest</em></span> <span class='ocrx_word' id='word_1_376' title='bbox 1149 2698 1200 2731; x_wconf 82' lang='lat' dir='ltr'><em>ali-</em></span> 
     </span>
     <span class='ocr_line' id='line_1_53' title="bbox 324 2746 1201 2799; baseline -0.006 -12"><span class='ocrx_word' id='word_1_377' title='bbox 324 2766 386 2799; x_wconf 75' lang='lat' dir='ltr'><em>qua</em></span> <span class='ocrx_word' id='word_1_378' title='bbox 404 2748 552 2787; x_wconf 75' lang='lat' dir='ltr'><em>converti.</em></span> <span class='ocrx_word' id='word_1_379' title='bbox 580 2752 646 2786; x_wconf 89' lang='lat' dir='ltr'><em>Eos</em></span> <span class='ocrx_word' id='word_1_380' title='bbox 671 2763 747 2786; x_wconf 90' lang='lat' dir='ltr'><em>cum</em></span> <span class='ocrx_word' id='word_1_381' title='bbox 773 2750 880 2785; x_wconf 63' lang='lat' dir='ltr'><em>Sancti</em></span> <span class='ocrx_word' id='word_1_382' title='bbox 905 2746 1049 2784; x_wconf 76' lang='lat' dir='ltr'><em>Thomae</em></span> <span class='ocrx_word' id='word_1_383' title='bbox 1060 2746 1201 2782; x_wconf 81' lang='lat' dir='ltr'><em>articulis</em></span> 
     </span>
     <span class='ocr_line' id='line_1_54' title="bbox 326 2797 1201 2845; baseline -0.008 -7"><span class='ocrx_word' id='word_1_384' title='bbox 326 2814 395 2839; x_wconf 85' lang='lat' dir='ltr'><em>non</em></span> <span class='ocrx_word' id='word_1_385' title='bbox 408 2802 490 2836; x_wconf 75' lang='lat' dir='ltr'><em>male</em></span> <span class='ocrx_word' id='word_1_386' title='bbox 501 2811 667 2845; x_wconf 84' lang='lat' dir='ltr'><em>comparat</em></span> <span class='ocrx_word' id='word_1_387' title='bbox 693 2799 843 2836; x_wconf 85' lang='lat' dir='ltr'><em>laudatus</em></span> <span class='ocrx_word' id='word_1_388' title='bbox 867 2797 1062 2835; x_wconf 68' lang='lat' dir='ltr'><em>Matthaeus.</em></span> <span class='ocrx_word' id='word_1_389' title='bbox 1089 2798 1201 2832; x_wconf 84' lang='lat' dir='ltr'><em>Etiam</em></span> 
     </span>
     <span class='ocr_line' id='line_1_55' title="bbox 327 2846 1209 2895; baseline -0.007 -8"><span class='ocrx_word' id='word_1_390' title='bbox 327 2852 372 2887; x_wconf 93' lang='lat' dir='ltr'><em>ob</em></span> <span class='ocrx_word' id='word_1_391' title='bbox 391 2852 525 2892; x_wconf 75' lang='lat' dir='ltr'><em>similia,</em></span> <span class='ocrx_word' id='word_1_392' title='bbox 551 2863 619 2895; x_wconf 85' lang='lat' dir='ltr'><em>quae</em></span> <span class='ocrx_word' id='word_1_393' title='bbox 640 2851 778 2887; x_wconf 87' lang='lat' dir='ltr'><em>Henrici</em></span> <span class='ocrx_word' id='word_1_394' title='bbox 797 2849 895 2884; x_wconf 81' lang='lat' dir='ltr'><em>Pater</em></span> <span class='ocrx_word' id='word_1_395' title='bbox 923 2849 1061 2892; x_wconf 73' lang='lat' dir='ltr'><em>Ioannes</em></span> <span class='ocrx_word' id='word_1_396' title='bbox 1072 2846 1209 2891; x_wconf 88' lang='lat' dir='ltr'><em>Populo-</em></span> 
     </span>
     <span class='ocr_line' id='line_1_56' title="bbox 323 2897 1202 2947; baseline -0.007 -10"><span class='ocrx_word' id='word_1_397' title='bbox 323 2902 359 2940; x_wconf 80' lang='lat'>&amp;</span> <span class='ocrx_word' id='word_1_398' title='bbox 370 2901 468 2936; x_wconf 86' lang='lat' dir='ltr'><em>Clero</em></span> <span class='ocrx_word' id='word_1_399' title='bbox 479 2902 629 2936; x_wconf 82' lang='lat' dir='ltr'><em>intulerat</em></span> <span class='ocrx_word' id='word_1_400' title='bbox 639 2900 827 2947; x_wconf 77' lang='lat' dir='ltr'><em>gravamina</em></span> <span class='ocrx_word' id='word_1_401' title='bbox 839 2897 950 2934; x_wconf 83' lang='lat' dir='ltr'><em>scribit</em></span> <span class='ocrx_word' id='word_1_402' title='bbox 960 2897 1044 2942; x_wconf 87' lang='lat' dir='ltr'><em>apud</em></span> <span class='ocrx_word' id='word_1_403' title='bbox 1059 2897 1087 2930; x_wconf 90' lang='lat' dir='ltr'>F</span> <span class='ocrx_word' id='word_1_404' title='bbox 1090 2897 1202 2931; x_wconf 89' lang='lat' dir='ltr'><em>rancis-</em></span> 
     </span>
     <span class='ocr_line' id='line_1_57' title="bbox 324 2946 1200 2995; baseline -0.01 -7"><span class='ocrx_word' id='word_1_405' title='bbox 324 2963 401 2988; x_wconf 77' lang='lat' dir='ltr'><em>mm</em></span> <span class='ocrx_word' id='word_1_406' title='bbox 414 2950 625 2995; x_wconf 88' lang='lat' dir='ltr'><em>Bosquettum</em></span> <span class='ocrx_word' id='word_1_407' title='bbox 637 2952 771 2994; x_wconf 88' lang='lat' dir='ltr'><em>antiqua</em></span> <span class='ocrx_word' id='word_1_408' title='bbox 790 2949 963 2984; x_wconf 84' lang='lat' dir='ltr'><em>Innocenti</em></span> <span class='ocrx_word' id='word_1_409' title='bbox 983 2947 1069 2982; x_wconf 89' lang='lat' dir='ltr'><em>tertii</em></span> <span class='ocrx_word' id='word_1_410' title='bbox 1091 2946 1200 2980; x_wconf 90' lang='lat' dir='ltr'><em>Ponti-</em></span> 
     </span>
     <span class='ocr_line' id='line_1_58' title="bbox 326 2995 1201 3039; baseline -0.013 -1"><span class='ocrx_word' id='word_1_411' title='bbox 326 3003 396 3038; x_wconf 78' lang='lat' dir='ltr'><em>ficis</em></span> <span class='ocrx_word' id='word_1_412' title='bbox 418 3002 484 3037; x_wconf 86' lang='lat' dir='ltr'><em>vita</em></span> <span class='ocrx_word' id='word_1_413' title='bbox 508 3015 519 3035; x_wconf 94' lang='lat'><em>.·</em></span> <span class='ocrx_word' id='word_1_414' title='bbox 560 3005 640 3035; x_wconf 85' lang='lat' dir='ltr'><em>Licet</em></span> <span class='ocrx_word' id='word_1_415' title='bbox 672 3003 788 3035; x_wconf 87' lang='lat' dir='ltr'><em>Beatus</em></span> <span class='ocrx_word' id='word_1_416' title='bbox 815 2998 943 3032; x_wconf 86' lang='lat' dir='ltr'><em>Thomas</em></span> <span class='ocrx_word' id='word_1_417' title='bbox 971 2995 1201 3039; x_wconf 82' lang='lat' dir='ltr'><em>Arcbiepiscopus</em></span> 
     </span>
    </p>
   </div>
   <div class='ocr_carea' id='block_1_5' title="bbox 327 3043 1235 3095">
    <p class='ocr_par' dir='ltr' id='par_1_6' title="bbox 327 3043 1235 3095">
     <span class='ocr_line' id='line_1_59' title="bbox 327 3043 1235 3095; baseline -0.007 -9"><span class='ocrx_word' id='word_1_418' title='bbox 327 3057 460 3086; x_wconf 74' lang='lat' dir='ltr'><em>animam</em></span> <span class='ocrx_word' id='word_1_419' title='bbox 483 3050 568 3095; x_wconf 84' lang='lat' dir='ltr'><em>suam</em></span> <span class='ocrx_word' id='word_1_420' title='bbox 590 3059 646 3092; x_wconf 83' lang='lat' dir='ltr'><em>pro</em></span> <span class='ocrx_word' id='word_1_421' title='bbox 671 3048 869 3091; x_wconf 82' lang='lat' dir='ltr'><em>Ecclefiastica</em></span> <span class='ocrx_word' id='word_1_422' title='bbox 890 3045 1019 3091; x_wconf 83' lang='lat' dir='ltr'><em>posuerit</em></span> <span class='ocrx_word' id='word_1_423' title='bbox 1042 3046 1204 3088; x_wconf 87' lang='lat' dir='ltr'><em>libertate,·</em></span> <span class='ocrx_word' id='word_1_424' title='bbox 1231 3043 1235 3084; x_wconf 73' lang='grc' dir='ltr'>ξ</span> 
     </span>
    </p>
   </div>
   <div class='ocr_carea' id='block_1_6' title="bbox 769 135 1224 180">
    <p class='ocr_par' dir='ltr' id='par_1_7' title="bbox 769 135 1224 180">
     <span class='ocr_line' id='line_1_60' title="bbox 769 135 1224 180; baseline -0.011 0"><span class='ocrx_word' id='word_1_425' title='bbox 769 135 1224 180; x_wconf 67' lang='lat' dir='ltr'><em>chron1s</em></span> 
     </span>
    </p>
   </div>
   <div class='ocr_carea' id='block_1_7' title="bbox 1293 130 1687 178">
    <p class='ocr_par' dir='ltr' id='par_1_8' title="bbox 1293 130 1687 178">
     <span class='ocr_line' id='line_1_61' title="bbox 1293 130 1687 178; baseline 0.005 -2"><span class='ocrx_word' id='word_1_426' title='bbox 1293 130 1687 178; x_wconf 65' lang='lat' dir='ltr'><em>secunus</em></span> 
     </span>
    </p>
   </div>
   <div class='ocr_carea' id='block_1_8' title="bbox 1261 211 2154 1553">
    <p class='ocr_par' dir='ltr' id='par_1_9' title="bbox 1261 211 2151 1351">
     <span class='ocr_line' id='line_1_62' title="bbox 1269 211 2151 257; baseline 0.007 -10"><span class='ocrx_word' id='word_1_427' title='bbox 1269 212 1378 257; x_wconf 80' lang='lat' dir='ltr'><em>quoad</em></span> <span class='ocrx_word' id='word_1_428' title='bbox 1415 211 1657 247; x_wconf 78' lang='lat' dir='ltr'><em>Normandiam</em></span> <span class='ocrx_word' id='word_1_429' title='bbox 1688 212 1815 249; x_wconf 62' lang='lat' dir='ltr'><em>,cerstrit</em></span> <span class='ocrx_word' id='word_1_430' title='bbox 1846 225 1886 251; x_wconf 72' lang='lat' dir='ltr'><em>ec</em></span> <span class='ocrx_word' id='word_1_431' title='bbox 1918 214 2151 254; x_wconf 76' lang='lat' dir='ltr'><em>renuntiaverit</em></span> 
     </span>
     <span class='ocr_line' id='line_1_63' title="bbox 1271 262 2148 307; baseline 0.005 -9"><span class='ocrx_word' id='word_1_432' title='bbox 1271 264 1346 298; x_wconf 82' lang='lat' dir='ltr'><em>Rex</em></span> <span class='ocrx_word' id='word_1_433' title='bbox 1367 263 1573 303; x_wconf 86' lang='lat' dir='ltr'><em>Richardus,</em></span> <span class='ocrx_word' id='word_1_434' title='bbox 1597 264 1633 297; x_wconf 84' lang='lat' dir='ltr'><em>in</em></span> <span class='ocrx_word' id='word_1_435' title='bbox 1666 262 1742 297; x_wconf 91' lang='lat' dir='ltr'><em>loco</em></span> <span class='ocrx_word' id='word_1_436' title='bbox 1772 264 1913 307; x_wconf 70' lang='lat' dir='ltr'><em>superius</em></span> <span class='ocrx_word' id='word_1_437' title='bbox 1939 265 2072 302; x_wconf 82' lang='lat' dir='ltr'><em>laudato</em></span> <span class='ocrx_word' id='word_1_438' title='bbox 2095 265 2148 302; x_wconf 82' lang='lat' dir='ltr'><em>di-</em></span> 
     </span>
     <span class='ocr_line' id='line_1_64' title="bbox 1271 311 2149 359; baseline 0.007 -13"><span class='ocrx_word' id='word_1_439' title='bbox 1271 311 1349 347; x_wconf 66' lang='lat' dir='ltr'><em>serto</em></span> <span class='ocrx_word' id='word_1_440' title='bbox 1361 314 1493 348; x_wconf 86' lang='lat' dir='ltr'><em>testatur</em></span> <span class='ocrx_word' id='word_1_441' title='bbox 1508 312 1622 348; x_wconf 87' lang='lat' dir='ltr'><em>Abbas</em></span> <span class='ocrx_word' id='word_1_442' title='bbox 1632 313 1774 357; x_wconf 83' lang='lat' dir='ltr'><em>Joannes</em></span> <span class='ocrx_word' id='word_1_443' title='bbox 1785 314 2021 359; x_wconf 82' lang='lat' dir='ltr'><em>Bromptonus.</em></span> <span class='ocrx_word' id='word_1_444' title='bbox 2046 316 2149 352; x_wconf 61' lang='lat' dir='ltr'><em>Uxoa</em></span> 
     </span>
     <span class='ocr_line' id='line_1_65' title="bbox 1272 364 2149 403; baseline 0.007 -7"><span class='ocrx_word' id='word_1_445' title='bbox 1272 375 1337 397; x_wconf 89' lang='lat' dir='ltr'><em>rem</em></span> <span class='ocrx_word' id='word_1_446' title='bbox 1359 364 1528 399; x_wconf 77' lang='lat' dir='ltr'><em>dumtaxat</em></span> <span class='ocrx_word' id='word_1_447' title='bbox 1551 364 1586 399; x_wconf 76' lang='grc' dir='ltr'><em>δε</em></span> <span class='ocrx_word' id='word_1_448' title='bbox 1605 364 1713 403; x_wconf 87' lang='lat' dir='ltr'><em>filios,</em></span> <span class='ocrx_word' id='word_1_449' title='bbox 1738 375 1776 399; x_wconf 80' lang='lat' dir='ltr'><em>ac</em></span> <span class='ocrx_word' id='word_1_450' title='bbox 1787 365 1940 400; x_wconf 69' lang='lat' dir='ltr'><em>fratres&amp;</em></span> <span class='ocrx_word' id='word_1_451' title='bbox 1953 367 2074 402; x_wconf 85' lang='lat' dir='ltr'><em>sorores</em></span> <span class='ocrx_word' id='word_1_452' title='bbox 2083 367 2149 402; x_wconf 80' lang='lat' dir='ltr'><em>ces·</em></span> 
     </span>
     <span class='ocr_line' id='line_1_66' title="bbox 1273 413 2148 457; baseline 0.006 -10"><span class='ocrx_word' id='word_1_453' title='bbox 1273 414 1351 447; x_wconf 86' lang='lat' dir='ltr'><em>savit</em></span> <span class='ocrx_word' id='word_1_454' title='bbox 1374 414 1473 449; x_wconf 73' lang='lat' dir='ltr'><em>etiarn</em></span> <span class='ocrx_word' id='word_1_455' title='bbox 1500 413 1594 455; x_wconf 87' lang='lat' dir='ltr'><em>illic,</em></span> <span class='ocrx_word' id='word_1_456' title='bbox 1620 425 1755 457; x_wconf 81' lang='lat' dir='ltr'><em>nepotes</em></span> <span class='ocrx_word' id='word_1_457' title='bbox 1781 415 1815 448; x_wconf 89' lang='lat'>&amp;</span> <span class='ocrx_word' id='word_1_458' title='bbox 1834 413 2046 451; x_wconf 89' lang='lat' dir='ltr'><em>consobrinos</em></span> <span class='ocrx_word' id='word_1_459' title='bbox 2071 417 2148 451; x_wconf 74' lang='lat' dir='ltr'><em>Rex</em></span> 
     </span>
     <span class='ocr_line' id='line_1_67' title="bbox 1271 463 2148 507; baseline 0.005 -11"><span class='ocrx_word' id='word_1_460' title='bbox 1271 463 1412 498; x_wconf 72' lang='lat' dir='ltr'><em>omnino</em></span> <span class='ocrx_word' id='word_1_461' title='bbox 1425 464 1741 507; x_wconf 78' lang='lat' dir='ltr'><em>perrexitexcludere</em></span> <span class='ocrx_word' id='word_1_462' title='bbox 1751 489 1758 496; x_wconf 92' lang='lat'><em>.</em></span> <span class='ocrx_word' id='word_1_463' title='bbox 1783 464 1926 499; x_wconf 81' lang='lat' dir='ltr'><em>Graffata</em></span> <span class='ocrx_word' id='word_1_464' title='bbox 1941 464 2061 500; x_wconf 79' lang='lat' dir='ltr'><em>ibidem</em></span> <span class='ocrx_word' id='word_1_465' title='bbox 2073 467 2148 500; x_wconf 78' lang='lat' dir='ltr'><em>sunt</em></span> 
     </span>
     <span class='ocr_line' id='line_1_68' title="bbox 1271 512 2149 560; baseline 0.002 -13"><span class='ocrx_word' id='word_1_466' title='bbox 1271 514 1305 547; x_wconf 75' lang='lat' dir='ltr'><em>&lt;Sc</em></span> <span class='ocrx_word' id='word_1_467' title='bbox 1315 514 1378 547; x_wconf 82' lang='lat' dir='ltr'><em>alia</em></span> <span class='ocrx_word' id='word_1_468' title='bbox 1389 512 1552 557; x_wconf 86' lang='lat' dir='ltr'><em>Populi&amp;</em></span> <span class='ocrx_word' id='word_1_469' title='bbox 1565 514 1651 549; x_wconf 87' lang='lat' dir='ltr'><em>Cleri</em></span> <span class='ocrx_word' id='word_1_470' title='bbox 1662 515 1849 560; x_wconf 88' lang='lat' dir='ltr'><em>gravamina</em></span> <span class='ocrx_word' id='word_1_471' title='bbox 1861 538 1873 555; x_wconf 93' lang='lat'>,</span> <span class='ocrx_word' id='word_1_472' title='bbox 1898 514 2065 550; x_wconf 71' lang='lat' dir='ltr'><em>adversum</em></span> <span class='ocrx_word' id='word_1_473' title='bbox 2076 526 2149 559; x_wconf 67' lang='lat' dir='ltr'><em>quas</em></span> 
     </span>
     <span class='ocr_line' id='line_1_69' title="bbox 1270 563 2149 609; baseline 0.003 -13"><span class='ocrx_word' id='word_1_474' title='bbox 1270 574 1346 596; x_wconf 88' lang='lat' dir='ltr'><em>cum</em></span> <span class='ocrx_word' id='word_1_475' title='bbox 1370 563 1484 598; x_wconf 90' lang='lat' dir='ltr'><em>eodem</em></span> <span class='ocrx_word' id='word_1_476' title='bbox 1506 564 1600 609; x_wconf 86' lang='lat' dir='ltr'><em>Rege</em></span> <span class='ocrx_word' id='word_1_477' title='bbox 1626 565 1753 599; x_wconf 75' lang='lat' dir='ltr'><em>strenue</em></span> <span class='ocrx_word' id='word_1_478' title='bbox 1773 564 1930 608; x_wconf 86' lang='lat' dir='ltr'><em>pugnavit</em></span> <span class='ocrx_word' id='word_1_479' title='bbox 1950 564 2149 599; x_wconf 81' lang='lat' dir='ltr'><em>Guilielmus</em></span> 
     </span>
     <span class='ocr_line' id='line_1_70' title="bbox 1275 612 2150 660; baseline 0.002 -13"><span class='ocrx_word' id='word_1_480' title='bbox 1275 612 1543 658; x_wconf 86' lang='lat' dir='ltr'><em>Rothomagenfis</em></span> <span class='ocrx_word' id='word_1_481' title='bbox 1559 613 1832 659; x_wconf 83' lang='lat' dir='ltr'><em>Archiepiscopus</em></span> <span class='ocrx_word' id='word_1_482' title='bbox 1854 639 1866 655; x_wconf 94' lang='lat'><em>,</em></span> <span class='ocrx_word' id='word_1_483' title='bbox 1885 614 1919 648; x_wconf 89' lang='lat'>&amp;</span> <span class='ocrx_word' id='word_1_484' title='bbox 1941 626 2082 660; x_wconf 90' lang='lat' dir='ltr'><em>quorum</em></span> <span class='ocrx_word' id='word_1_485' title='bbox 2103 626 2150 650; x_wconf 81' lang='lat' dir='ltr'><em>ar·</em></span> 
     </span>
     <span class='ocr_line' id='line_1_71' title="bbox 1271 662 2149 708; baseline 0.002 -12"><span class='ocrx_word' id='word_1_486' title='bbox 1271 663 1390 698; x_wconf 86' lang='lat' dir='ltr'><em>ticulos</em></span> <span class='ocrx_word' id='word_1_487' title='bbox 1411 666 1504 701; x_wconf 87' lang='lat' dir='ltr'><em>refert</em></span> <span class='ocrx_word' id='word_1_488' title='bbox 1525 662 1718 708; x_wconf 87' lang='lat' dir='ltr'><em>Radulphus</em></span> <span class='ocrx_word' id='word_1_489' title='bbox 1738 665 1778 698; x_wconf 91' lang='lat' dir='ltr'><em>de</em></span> <span class='ocrx_word' id='word_1_490' title='bbox 1790 664 1926 699; x_wconf 88' lang='lat' dir='ltr'><em>Diceto.</em></span> <span class='ocrx_word' id='word_1_491' title='bbox 1953 665 2023 700; x_wconf 91' lang='lat' dir='ltr'><em>Hic</em></span> <span class='ocrx_word' id='word_1_492' title='bbox 2032 665 2078 700; x_wconf 86' lang='lat' dir='ltr'><em>est</em></span> <span class='ocrx_word' id='word_1_493' title='bbox 2091 675 2149 698; x_wconf 90' lang='lat' dir='ltr'><em>no-</em></span> 
     </span>
     <span class='ocr_line' id='line_1_72' title="bbox 1272 713 2148 758; baseline 0.001 -11"><span class='ocrx_word' id='word_1_494' title='bbox 1272 725 1331 748; x_wconf 86' lang='lat' dir='ltr'><em>nus</em></span> <span class='ocrx_word' id='word_1_495' title='bbox 1355 714 1531 749; x_wconf 85' lang='lat' dir='ltr'><em>articulus:</em></span> <span class='ocrx_word' id='word_1_496' title='bbox 1567 718 1599 748; x_wconf 80' lang='lat' dir='ltr'><em>Si</em></span> <span class='ocrx_word' id='word_1_497' title='bbox 1618 721 1684 757; x_wconf 86' lang='lat' dir='ltr'><em>quis</em></span> <span class='ocrx_word' id='word_1_498' title='bbox 1698 713 1859 758; x_wconf 87' lang='lat' dir='ltr'><em>subitanea</em></span> <span class='ocrx_word' id='word_1_499' title='bbox 1882 723 1996 756; x_wconf 86' lang='lat' dir='ltr'><em>morte,</em></span> <span class='ocrx_word' id='word_1_500' title='bbox 2019 716 2148 757; x_wconf 86' lang='lat' dir='ltr'><em>velquo-</em></span> 
     </span>
     <span class='ocr_line' id='line_1_73' title="bbox 1269 763 2148 808; baseline 0.002 -11"><span class='ocrx_word' id='word_1_501' title='bbox 1269 764 1338 797; x_wconf 83' lang='lat' dir='ltr'><em>libet</em></span> <span class='ocrx_word' id='word_1_502' title='bbox 1356 765 1414 797; x_wconf 85' lang='lat' dir='ltr'><em>alio</em></span> <span class='ocrx_word' id='word_1_503' title='bbox 1427 764 1555 807; x_wconf 85' lang='lat' dir='ltr'><em>fortuito</em></span> <span class='ocrx_word' id='word_1_504' title='bbox 1578 763 1644 808; x_wconf 90' lang='lat' dir='ltr'><em>casu</em></span> <span class='ocrx_word' id='word_1_505' title='bbox 1666 773 1890 807; x_wconf 83' lang='lat' dir='ltr'><em>praeoccupatus</em></span> <span class='ocrx_word' id='word_1_506' title='bbox 1901 763 2022 806; x_wconf 85' lang='lat' dir='ltr'><em>fuerit,</em></span> <span class='ocrx_word' id='word_1_507' title='bbox 2056 772 2089 797; x_wconf 91' lang='lat' dir='ltr'><em>ut</em></span> <span class='ocrx_word' id='word_1_508' title='bbox 2109 767 2148 799; x_wconf 86' lang='lat' dir='ltr'><em>de</em></span> 
     </span>
     <span class='ocr_line' id='line_1_74' title="bbox 1268 813 2149 858; baseline 0 -11"><span class='ocrx_word' id='word_1_509' title='bbox 1268 813 1352 848; x_wconf 88' lang='lat' dir='ltr'><em>rebus</em></span> <span class='ocrx_word' id='word_1_510' title='bbox 1373 813 1439 858; x_wconf 87' lang='lat' dir='ltr'><em>suis</em></span> <span class='ocrx_word' id='word_1_511' title='bbox 1455 813 1605 858; x_wconf 82' lang='lat' dir='ltr'><em>disponere</em></span> <span class='ocrx_word' id='word_1_512' title='bbox 1627 826 1685 848; x_wconf 88' lang='lat' dir='ltr'><em>non</em></span> <span class='ocrx_word' id='word_1_513' title='bbox 1699 816 1802 857; x_wconf 83' lang='lat' dir='ltr'><em>poffit,</em></span> <span class='ocrx_word' id='word_1_514' title='bbox 1826 815 1990 856; x_wconf 84' lang='lat' dir='ltr'><em>distributio</em></span> <span class='ocrx_word' id='word_1_515' title='bbox 2009 814 2149 847; x_wconf 87' lang='lat' dir='ltr'><em>bonorum</em></span> 
     </span>
     <span class='ocr_line' id='line_1_75' title="bbox 1268 864 2150 908; baseline 0.001 -11"><span class='ocrx_word' id='word_1_516' title='bbox 1268 867 1332 905; x_wconf 77' lang='lat' dir='ltr'><em>eJ&#39;us</em></span> <span class='ocrx_word' id='word_1_517' title='bbox 1356 864 1549 907; x_wconf 68' lang='lat' dir='ltr'><em>Ecciifiastica</em></span> <span class='ocrx_word' id='word_1_518' title='bbox 1573 865 1747 899; x_wconf 66' lang='lat' dir='ltr'><em>auchritate</em></span> <span class='ocrx_word' id='word_1_519' title='bbox 1767 865 1843 908; x_wconf 87' lang='lat' dir='ltr'><em>fiet.</em></span> <span class='ocrx_word' id='word_1_520' title='bbox 1864 865 2011 899; x_wconf 88' lang='lat' dir='ltr'><em>Damnat</em></span> <span class='ocrx_word' id='word_1_521' title='bbox 2023 864 2150 898; x_wconf 87' lang='lat' dir='ltr'><em>violen-</em></span> 
     </span>
     <span class='ocr_line' id='line_1_76' title="bbox 1267 914 2147 960; baseline 0.001 -13"><span class='ocrx_word' id='word_1_522' title='bbox 1267 915 1345 949; x_wconf 80' lang='lat' dir='ltr'><em>tiam</em></span> <span class='ocrx_word' id='word_1_523' title='bbox 1368 915 1480 956; x_wconf 86' lang='lat' dir='ltr'><em>illam,</em></span> <span class='ocrx_word' id='word_1_524' title='bbox 1500 927 1596 959; x_wconf 85' lang='lat' dir='ltr'><em>quam</em></span> <span class='ocrx_word' id='word_1_525' title='bbox 1618 915 1707 960; x_wconf 54' lang='lat' dir='ltr'><em>supr&amp;</em></span> <span class='ocrx_word' id='word_1_526' title='bbox 1730 914 1914 950; x_wconf 78' lang='lat' dir='ltr'><em>audivimus</em></span> <span class='ocrx_word' id='word_1_527' title='bbox 1933 916 2032 949; x_wconf 85' lang='lat' dir='ltr'><em>etiam</em></span> <span class='ocrx_word' id='word_1_528' title='bbox 2057 914 2147 948; x_wconf 74' lang='lat' dir='ltr'><em>aCa·</em></span> 
     </span>
     <span class='ocr_line' id='line_1_77' title="bbox 1269 964 2146 1010; baseline 0 -12"><span class='ocrx_word' id='word_1_529' title='bbox 1269 974 1348 998; x_wconf 92' lang='lat' dir='ltr'><em>nuto</em></span> <span class='ocrx_word' id='word_1_530' title='bbox 1362 964 1550 1010; x_wconf 87' lang='lat' dir='ltr'><em>Anglorum</em></span> <span class='ocrx_word' id='word_1_531' title='bbox 1561 966 1653 1010; x_wconf 87' lang='lat' dir='ltr'><em>Rege</em></span> <span class='ocrx_word' id='word_1_532' title='bbox 1666 964 1856 1000; x_wconf 86' lang='lat' dir='ltr'><em>damnatam</em></span> <span class='ocrx_word' id='word_1_533' title='bbox 1869 991 1876 998; x_wconf 94' lang='lat'><em>.</em></span> <span class='ocrx_word' id='word_1_534' title='bbox 1900 965 1970 999; x_wconf 91' lang='lat' dir='ltr'><em>Hic</em></span> <span class='ocrx_word' id='word_1_535' title='bbox 1981 964 2026 998; x_wconf 89' lang='lat' dir='ltr'><em>est</em></span> <span class='ocrx_word' id='word_1_536' title='bbox 2040 965 2146 998; x_wconf 79' lang='lat' dir='ltr'><em>sextus</em></span> 
     </span>
     <span class='ocr_line' id='line_1_78' title="bbox 1266 1014 2148 1059; baseline -0.001 -10"><span class='ocrx_word' id='word_1_537' title='bbox 1266 1015 1422 1049; x_wconf 89' lang='lat' dir='ltr'><em>articulus</em></span> <span class='ocrx_word' id='word_1_538' title='bbox 1445 1029 1457 1049; x_wconf 85' lang='lat'><em>.·</em></span> <span class='ocrx_word' id='word_1_539' title='bbox 1491 1015 1661 1057; x_wconf 75' lang='lat' dir='ltr'><em>Distributio</em></span> <span class='ocrx_word' id='word_1_540' title='bbox 1683 1027 1781 1050; x_wconf 89' lang='lat' dir='ltr'><em>eorum</em></span> <span class='ocrx_word' id='word_1_541' title='bbox 1801 1040 1811 1055; x_wconf 93' lang='lat'><strong><em>‚</em></strong></span> <span class='ocrx_word' id='word_1_542' title='bbox 1834 1028 1902 1059; x_wconf 84' lang='lat' dir='ltr'><em>quae</em></span> <span class='ocrx_word' id='word_1_543' title='bbox 1924 1022 1957 1048; x_wconf 86' lang='lat' dir='ltr'><em>in</em></span> <span class='ocrx_word' id='word_1_544' title='bbox 1977 1014 2148 1055; x_wconf 82' lang='lat' dir='ltr'><em>testamento</em></span> 
     </span>
     <span class='ocr_line' id='line_1_79' title="bbox 1268 1064 2148 1108; baseline -0.002 -10"><span class='ocrx_word' id='word_1_545' title='bbox 1268 1067 1476 1108; x_wconf 84' lang='lat' dir='ltr'><em>relinquuntur</em></span> <span class='ocrx_word' id='word_1_546' title='bbox 1489 1090 1498 1105; x_wconf 92' lang='lat'>,</span> <span class='ocrx_word' id='word_1_547' title='bbox 1520 1066 1692 1100; x_wconf 68' lang='lat' dir='ltr'><em>auHoritate</em></span> <span class='ocrx_word' id='word_1_548' title='bbox 1711 1064 1842 1106; x_wconf 76' lang='lat' dir='ltr'><em>Ecclcfiae</em></span> <span class='ocrx_word' id='word_1_549' title='bbox 1860 1065 1937 1108; x_wconf 85' lang='lat' dir='ltr'><em>fiet,</em></span> <span class='ocrx_word' id='word_1_550' title='bbox 1958 1076 2010 1098; x_wconf 91' lang='lat' dir='ltr'><em>nec</em></span> <span class='ocrx_word' id='word_1_551' title='bbox 2034 1065 2148 1097; x_wconf 79' lang='lat' dir='ltr'><em>decIma</em></span> 
     </span>
     <span class='ocr_line' id='line_1_80' title="bbox 1261 1114 2146 1158; baseline -0.001 -10"><span class='ocrx_word' id='word_1_552' title='bbox 1261 1123 1337 1157; x_wconf 87' lang='lat' dir='ltr'><em>pars</em></span> <span class='ocrx_word' id='word_1_553' title='bbox 1350 1140 1360 1155; x_wconf 90' lang='lat'><strong>,</strong></span> <span class='ocrx_word' id='word_1_554' title='bbox 1383 1123 1415 1149; x_wconf 89' lang='lat' dir='ltr'><em>ut</em></span> <span class='ocrx_word' id='word_1_555' title='bbox 1440 1118 1528 1156; x_wconf 90' lang='lat' dir='ltr'><em>olim,</em></span> <span class='ocrx_word' id='word_1_556' title='bbox 1543 1114 1753 1158; x_wconf 79' lang='lat' dir='ltr'><em>subtrahetur.</em></span> <span class='ocrx_word' id='word_1_557' title='bbox 1778 1116 1843 1150; x_wconf 87' lang='lat' dir='ltr'><em>Uri</em></span> <span class='ocrx_word' id='word_1_558' title='bbox 1857 1114 2005 1150; x_wconf 88' lang='lat' dir='ltr'><em>Gentiles</em></span> <span class='ocrx_word' id='word_1_559' title='bbox 2018 1114 2146 1148; x_wconf 85' lang='lat' dir='ltr'><em>Roma-</em></span> 
     </span>
     <span class='ocr_line' id='line_1_81' title="bbox 1267 1163 2144 1211; baseline -0.003 -12"><span class='ocrx_word' id='word_1_560' title='bbox 1267 1177 1384 1200; x_wconf 88' lang='lat' dir='ltr'><em>norum</em></span> <span class='ocrx_word' id='word_1_561' title='bbox 1407 1165 1547 1210; x_wconf 87' lang='lat' dir='ltr'><em>Augusti</em></span> <span class='ocrx_word' id='word_1_562' title='bbox 1562 1165 1748 1211; x_wconf 75' lang='lat' dir='ltr'><em>vigesimam</em></span> <span class='ocrx_word' id='word_1_563' title='bbox 1765 1191 1776 1207; x_wconf 94' lang='lat'>,</span> <span class='ocrx_word' id='word_1_564' title='bbox 1799 1166 1842 1200; x_wconf 87' lang='lat' dir='ltr'><em>ita</em></span> <span class='ocrx_word' id='word_1_565' title='bbox 1853 1163 2144 1200; x_wconf 84' lang='lat' dir='ltr'><em>NormandiaeDu-</em></span> 
     </span>
     <span class='ocr_line' id='line_1_82' title="bbox 1265 1214 2142 1252; baseline -0.001 -3"><span class='ocrx_word' id='word_1_566' title='bbox 1265 1226 1318 1250; x_wconf 83' lang='lat' dir='ltr'><em>ces</em></span> <span class='ocrx_word' id='word_1_567' title='bbox 1350 1216 1503 1250; x_wconf 88' lang='lat' dir='ltr'><em>omnium</em></span> <span class='ocrx_word' id='word_1_568' title='bbox 1533 1214 1758 1252; x_wconf 86' lang='lat' dir='ltr'><em>haereditatum</em></span> <span class='ocrx_word' id='word_1_569' title='bbox 1792 1214 1954 1251; x_wconf 84' lang='lat' dir='ltr'><em>habebant</em></span> <span class='ocrx_word' id='word_1_570' title='bbox 1977 1215 2142 1249; x_wconf 86' lang='lat' dir='ltr'><em>decimam</em></span> 
     </span>
     <span class='ocr_line' id='line_1_83' title="bbox 1266 1262 2149 1310; baseline -0.003 -10"><span class='ocrx_word' id='word_1_571' title='bbox 1266 1275 1388 1309; x_wconf 87' lang='lat' dir='ltr'><em>partem</em></span> <span class='ocrx_word' id='word_1_572' title='bbox 1405 1291 1412 1298; x_wconf 90' lang='lat'>.</span> <span class='ocrx_word' id='word_1_573' title='bbox 1437 1265 1480 1300; x_wconf 89' lang='lat' dir='ltr'><em>Et</em></span> <span class='ocrx_word' id='word_1_574' title='bbox 1502 1264 1581 1300; x_wconf 79' lang='lat' dir='ltr'><em>huic</em></span> <span class='ocrx_word' id='word_1_575' title='bbox 1606 1267 1641 1300; x_wconf 91' lang='lat' dir='ltr'><em>in</em></span> <span class='ocrx_word' id='word_1_576' title='bbox 1654 1267 1812 1310; x_wconf 84' lang='lat' dir='ltr'><em>populum</em></span> <span class='ocrx_word' id='word_1_577' title='bbox 1832 1264 1996 1300; x_wconf 74' lang='lat' dir='ltr'><em>violentiae</em></span> <span class='ocrx_word' id='word_1_578' title='bbox 2010 1262 2149 1298; x_wconf 72' lang='lat' dir='ltr'><em>Richar-</em></span> 
     </span>
     <span class='ocr_line' id='line_1_84' title="bbox 1265 1314 1732 1351; baseline 0.004 -2"><span class='ocrx_word' id='word_1_579' title='bbox 1265 1315 1324 1349; x_wconf 83' lang='lat' dir='ltr'><em>dus</em></span> <span class='ocrx_word' id='word_1_580' title='bbox 1345 1315 1419 1350; x_wconf 87' lang='lat' dir='ltr'><em>Rex</em></span> <span class='ocrx_word' id='word_1_581' title='bbox 1439 1316 1538 1350; x_wconf 88' lang='lat' dir='ltr'><em>etiam</em></span> <span class='ocrx_word' id='word_1_582' title='bbox 1560 1314 1732 1351; x_wconf 81' lang='lat' dir='ltr'><em>valedixit.</em></span> 
     </span>
    </p>

    <p class='ocr_par' dir='ltr' id='par_1_10' title="bbox 1265 1364 2154 1553">
     <span class='ocr_line' id='line_1_85' title="bbox 1316 1364 2148 1401; baseline 0 -4"><span class='ocrx_word' id='word_1_583' title='bbox 1316 1364 1388 1397; x_wconf 89' lang='lat' dir='ltr'><em>Nec</em></span> <span class='ocrx_word' id='word_1_584' title='bbox 1411 1365 1534 1399; x_wconf 82' lang='lat' dir='ltr'><em>mireris</em></span> <span class='ocrx_word' id='word_1_585' title='bbox 1555 1367 1748 1400; x_wconf 84' lang='lat' dir='ltr'><em>violentiam</em></span> <span class='ocrx_word' id='word_1_586' title='bbox 1770 1367 1864 1401; x_wconf 81' lang='lat' dir='ltr'><em>istam</em></span> <span class='ocrx_word' id='word_1_587' title='bbox 1884 1367 1918 1400; x_wconf 90' lang='lat' dir='ltr'><em>in</em></span> <span class='ocrx_word' id='word_1_588' title='bbox 1931 1364 2148 1400; x_wconf 82' lang='lat' dir='ltr'><em>Nortmanno</em></span> 
     </span>
     <span class='ocr_line' id='line_1_86' title="bbox 1265 1411 2150 1455; baseline 0.002 -11"><span class='ocrx_word' id='word_1_589' title='bbox 1265 1411 1415 1455; x_wconf 86' lang='lat' dir='ltr'><em>Principe</em></span> <span class='ocrx_word' id='word_1_590' title='bbox 1438 1435 1446 1445; x_wconf 83' lang='grc'><strong>.</strong></span> <span class='ocrx_word' id='word_1_591' title='bbox 1468 1411 1603 1445; x_wconf 87' lang='lat' dir='ltr'><em>Etenim</em></span> <span class='ocrx_word' id='word_1_592' title='bbox 1625 1411 1666 1446; x_wconf 79' lang='lat' dir='ltr'><em>ad</em></span> <span class='ocrx_word' id='word_1_593' title='bbox 1691 1411 1878 1452; x_wconf 83' lang='lat' dir='ltr'><em>duodecimi</em></span> <span class='ocrx_word' id='word_1_594' title='bbox 1899 1414 2004 1447; x_wconf 75' lang='lat' dir='ltr'><em>fieculi</em></span> <span class='ocrx_word' id='word_1_595' title='bbox 2022 1424 2150 1447; x_wconf 84' lang='lat' dir='ltr'><em>annum·</em></span> 
     </span>
     <span class='ocr_line' id='line_1_87' title="bbox 1266 1460 2154 1505; baseline 0.002 -11"><span class='ocrx_word' id='word_1_596' title='bbox 1266 1460 1454 1505; x_wconf 81' lang='lat' dir='ltr'><em>vigefimum</em></span> <span class='ocrx_word' id='word_1_597' title='bbox 1475 1461 1604 1495; x_wconf 79' lang='lat' dir='ltr'><em>tertium</em></span> <span class='ocrx_word' id='word_1_598' title='bbox 1628 1460 1736 1495; x_wconf 87' lang='lat' dir='ltr'><em>scribit</em></span> <span class='ocrx_word' id='word_1_599' title='bbox 1760 1462 1800 1496; x_wconf 91' lang='lat' dir='ltr'><em>de</em></span> <span class='ocrx_word' id='word_1_600' title='bbox 1821 1460 1996 1497; x_wconf 87' lang='lat' dir='ltr'><em>venerabili</em></span> <span class='ocrx_word' id='word_1_601' title='bbox 2009 1460 2154 1496; x_wconf 83' lang='lat' dir='ltr'><em>Albero·</em></span> 
     </span>
     <span class='ocr_line' id='line_1_88' title="bbox 1265 1508 2147 1553; baseline 0.001 -11"><span class='ocrx_word' id='word_1_602' title='bbox 1265 1520 1306 1542; x_wconf 86' lang='lat' dir='ltr'><em>ne</em></span> <span class='ocrx_word' id='word_1_603' title='bbox 1328 1508 1498 1543; x_wconf 82' lang='lat' dir='ltr'><em>Leodiensi</em></span> <span class='ocrx_word' id='word_1_604' title='bbox 1524 1510 1689 1553; x_wconf 85' lang='lat' dir='ltr'><em>Episcopo</em></span> <span class='ocrx_word' id='word_1_605' title='bbox 1703 1534 1713 1550; x_wconf 89' lang='lat'>,</span> <span class='ocrx_word' id='word_1_606' title='bbox 1732 1510 1837 1543; x_wconf 88' lang='lat' dir='ltr'><em>Ducis</em></span> <span class='ocrx_word' id='word_1_607' title='bbox 1860 1511 1960 1544; x_wconf 85' lang='lat' dir='ltr'><em>nostri</em></span> <span class='ocrx_word' id='word_1_608' title='bbox 1974 1508 2147 1544; x_wconf 84' lang='lat' dir='ltr'><em>Godefridi</em></span> 
     </span>
    </p>
   </div>
   <div class='ocr_carea' id='block_1_9' title="bbox 2166 641 2315 678">
    <p class='ocr_par' dir='ltr' id='par_1_11' title="bbox 2166 641 2315 678">
     <span class='ocr_line' id='line_1_89' title="bbox 2166 641 2315 678; baseline -0.034 -4"><span class='ocrx_word' id='word_1_609' title='bbox 2166 641 2200 674; x_wconf 78' lang='lat' dir='ltr'><em>A.</em></span> <span class='ocrx_word' id='word_1_610' title='bbox 2232 649 2243 671; x_wconf 82' lang='grc' dir='ltr'><strong>ι</strong></span> <span class='ocrx_word' id='word_1_611' title='bbox 2254 649 2315 678; x_wconf 82' lang='lat'>¹90-</span> 
     </span>
    </p>
   </div>
   <div class='ocr_carea' id='block_1_10' title="bbox 1264 1557 2209 1604">
    <p class='ocr_par' dir='ltr' id='par_1_12' title="bbox 1264 1557 2209 1604">
     <span class='ocr_line' id='line_1_90' title="bbox 1264 1557 2209 1604; baseline 0.002 -13"><span class='ocrx_word' id='word_1_612' title='bbox 1264 1558 1394 1593; x_wconf 90' lang='lat' dir='ltr'><em>Barbati</em></span> <span class='ocrx_word' id='word_1_613' title='bbox 1425 1559 1520 1592; x_wconf 84' lang='lat' dir='ltr'><em>fratre</em></span> <span class='ocrx_word' id='word_1_614' title='bbox 1543 1582 1554 1598; x_wconf 88' lang='lat'>,</span> <span class='ocrx_word' id='word_1_615' title='bbox 1588 1559 1753 1604; x_wconf 89' lang='lat' dir='ltr'><em>Magnum</em></span> <span class='ocrx_word' id='word_1_616' title='bbox 1793 1559 1901 1604; x_wconf 86' lang='lat' dir='ltr'><em>Belgii</em></span> <span class='ocrx_word' id='word_1_617' title='bbox 1928 1557 2146 1594; x_wconf 86' lang='lat' dir='ltr'><em>Chronicon:</em></span> <span class='ocrx_word' id='word_1_618' title='bbox 2204 1563 2209 1568; x_wconf 73' lang='grc'><strong>“</strong></span> 
     </span>
    </p>
   </div>
   <div class='ocr_carea' id='block_1_11' title="bbox 1256 1608 2154 2251">
    <p class='ocr_par' dir='ltr' id='par_1_13' title="bbox 1256 1608 2154 2251">
     <span class='ocr_line' id='line_1_91' title="bbox 1262 1608 2146 1652; baseline 0.001 -10"><span class='ocrx_word' id='word_1_619' title='bbox 1262 1608 1446 1643; x_wconf 82' lang='lat' dir='ltr'><em>Venerabilis</em></span> <span class='ocrx_word' id='word_1_620' title='bbox 1467 1608 1591 1648; x_wconf 78' lang='lat' dir='ltr'><em>Albero,</em></span> <span class='ocrx_word' id='word_1_621' title='bbox 1611 1608 1702 1651; x_wconf 82' lang='lat' dir='ltr'><em>hujus</em></span> <span class='ocrx_word' id='word_1_622' title='bbox 1734 1614 1860 1643; x_wconf 86' lang='lat' dir='ltr'><em>nominis</em></span> <span class='ocrx_word' id='word_1_623' title='bbox 1875 1615 2016 1652; x_wconf 90' lang='lat' dir='ltr'><em>primus,</em></span> <span class='ocrx_word' id='word_1_624' title='bbox 2039 1608 2146 1651; x_wconf 86' lang='lat' dir='ltr'><em>frater</em></span> 
     </span>
     <span class='ocr_line' id='line_1_92' title="bbox 1265 1658 2148 1702; baseline 0.003 -11"><span class='ocrx_word' id='word_1_625' title='bbox 1265 1662 1354 1693; x_wconf 89' lang='lat' dir='ltr'><em>Ducis</em></span> <span class='ocrx_word' id='word_1_626' title='bbox 1380 1658 1535 1700; x_wconf 82' lang='lat' dir='ltr'><em>Godefi·idi</em></span> <span class='ocrx_word' id='word_1_627' title='bbox 1559 1658 1749 1701; x_wconf 82' lang='lat' dir='ltr'><em>Lovanienfis</em></span> <span class='ocrx_word' id='word_1_628' title='bbox 1773 1671 1811 1693; x_wconf 79' lang='lat' dir='ltr'><em>ex</em></span> <span class='ocrx_word' id='word_1_629' title='bbox 1829 1668 1919 1702; x_wconf 86' lang='lat' dir='ltr'><em>parte</em></span> <span class='ocrx_word' id='word_1_630' title='bbox 1944 1665 2053 1693; x_wconf 85' lang='lat' dir='ltr'><em>matris</em></span> <span class='ocrx_word' id='word_1_631' title='bbox 2076 1683 2088 1700; x_wconf 85' lang='lat'>‚</span> <span class='ocrx_word' id='word_1_632' title='bbox 2106 1671 2148 1694; x_wconf 73' lang='lat' dir='ltr'><em>ex</em></span> 
     </span>
     <span class='ocr_line' id='line_1_93' title="bbox 1263 1708 2147 1752; baseline 0.001 -10"><span class='ocrx_word' id='word_1_633' title='bbox 1263 1710 1346 1742; x_wconf 86' lang='lat' dir='ltr'><em>Clero</em></span> <span class='ocrx_word' id='word_1_634' title='bbox 1358 1708 1615 1750; x_wconf 74' lang='lat' dir='ltr'><em>sanc‘iistephani</em></span> <span class='ocrx_word' id='word_1_635' title='bbox 1635 1709 1771 1752; x_wconf 85' lang='lat' dir='ltr'><em>Metenfis</em></span> <span class='ocrx_word' id='word_1_636' title='bbox 1781 1710 1921 1750; x_wconf 68' lang='grc' dir='ltr'><strong><em>Είεᾶω,</em></strong></span> <span class='ocrx_word' id='word_1_637' title='bbox 1946 1708 2147 1751; x_wconf 82' lang='lat' dir='ltr'><em>Leodienfium</em></span> 
     </span>
     <span class='ocr_line' id='line_1_94' title="bbox 1262 1757 2147 1802; baseline 0.001 -10"><span class='ocrx_word' id='word_1_638' title='bbox 1262 1759 1420 1792; x_wconf 84' lang='lat' dir='ltr'><em>ordinatur</em></span> <span class='ocrx_word' id='word_1_639' title='bbox 1442 1757 1623 1801; x_wconf 75' lang='lat' dir='ltr'><em>Epifiopus.</em></span> <span class='ocrx_word' id='word_1_640' title='bbox 1648 1763 1789 1792; x_wconf 80' lang='lat' dir='ltr'><em>Maxima</em></span> <span class='ocrx_word' id='word_1_641' title='bbox 1807 1768 1874 1801; x_wconf 84' lang='lat' dir='ltr'><em>pax</em></span> <span class='ocrx_word' id='word_1_642' title='bbox 1886 1759 2147 1802; x_wconf 82' lang='lat' dir='ltr'><em>Leodienfiumboc</em></span> 
     </span>
     <span class='ocr_line' id='line_1_95' title="bbox 1263 1807 2147 1851; baseline 0.002 -9"><span class='ocrx_word' id='word_1_643' title='bbox 1263 1817 1392 1851; x_wconf 84' lang='lat' dir='ltr'><em>tempore</em></span> <span class='ocrx_word' id='word_1_644' title='bbox 1409 1808 1494 1850; x_wconf 80' lang='lat' dir='ltr'><em>fuit.</em></span> <span class='ocrx_word' id='word_1_645' title='bbox 1516 1810 1601 1843; x_wconf 63' lang='lat' dir='ltr'><em>Unde</em></span> <span class='ocrx_word' id='word_1_646' title='bbox 1621 1810 1658 1844; x_wconf 86' lang='lat' dir='ltr'><em>de</em></span> <span class='ocrx_word' id='word_1_647' title='bbox 1675 1809 1755 1843; x_wconf 69' lang='lat' dir='ltr'><em>nolle</em></span> <span class='ocrx_word' id='word_1_648' title='bbox 1766 1811 1878 1843; x_wconf 76' lang='lat' dir='ltr'><em>dicitur</em></span> <span class='ocrx_word' id='word_1_649' title='bbox 1898 1821 1982 1843; x_wconf 86' lang='lat' dir='ltr'><em>orare</em></span> <span class='ocrx_word' id='word_1_650' title='bbox 1989 1807 2147 1851; x_wconf 68' lang='lat' dir='ltr'><em>fhlitusbk</em></span> 
     </span>
     <span class='ocr_line' id='line_1_96' title="bbox 1264 1857 2146 1903; baseline 0.002 -11"><span class='ocrx_word' id='word_1_651' title='bbox 1264 1857 1428 1901; x_wconf 73' lang='lat' dir='ltr'><em>Episcopus</em></span> <span class='ocrx_word' id='word_1_652' title='bbox 1447 1866 1512 1900; x_wconf 60' lang='lat' dir='ltr'><em>pro,</em></span> <span class='ocrx_word' id='word_1_653' title='bbox 1516 1870 1604 1903; x_wconf 84' lang='lat' dir='ltr'><em>grege</em></span> <span class='ocrx_word' id='word_1_654' title='bbox 1617 1858 1673 1900; x_wconf 78' lang='lat' dir='ltr'><em>fibi</em></span> <span class='ocrx_word' id='word_1_655' title='bbox 1698 1861 1836 1903; x_wconf 87' lang='lat' dir='ltr'><em>commisso</em></span> <span class='ocrx_word' id='word_1_656' title='bbox 1858 1868 1929 1893; x_wconf 87' lang='lat' dir='ltr'><em>ante</em></span> <span class='ocrx_word' id='word_1_657' title='bbox 1944 1858 2030 1901; x_wconf 86' lang='lat' dir='ltr'><em>fores</em></span> <span class='ocrx_word' id='word_1_658' title='bbox 2043 1859 2146 1894; x_wconf 68' lang='lat' dir='ltr'><em>diver·</em></span> 
     </span>
     <span class='ocr_line' id='line_1_97' title="bbox 1259 1907 2144 1953; baseline -0.001 -10"><span class='ocrx_word' id='word_1_659' title='bbox 1259 1907 1365 1952; x_wconf 71' lang='lat' dir='ltr'><em>sorum</em></span> <span class='ocrx_word' id='word_1_660' title='bbox 1398 1907 1590 1950; x_wconf 81' lang='lat' dir='ltr'><em>Ecclefiarum</em></span> <span class='ocrx_word' id='word_1_661' title='bbox 1610 1933 1617 1940; x_wconf 89' lang='lat'><strong>.</strong></span> <span class='ocrx_word' id='word_1_662' title='bbox 1654 1909 1710 1942; x_wconf 89' lang='lat' dir='ltr'><em>Ubi</em></span> <span class='ocrx_word' id='word_1_663' title='bbox 1740 1908 1835 1953; x_wconf 86' lang='lat' dir='ltr'><em>semel</em></span> <span class='ocrx_word' id='word_1_664' title='bbox 1862 1911 1961 1943; x_wconf 84' lang='lat' dir='ltr'><em>audiit</em></span> <span class='ocrx_word' id='word_1_665' title='bbox 1993 1909 2144 1943; x_wconf 80' lang='lat' dir='ltr'><em>mulierem</em></span> 
     </span>
     <span class='ocr_line' id='line_1_98' title="bbox 1259 1958 2143 2002; baseline -0.001 -10"><span class='ocrx_word' id='word_1_666' title='bbox 1259 1958 1379 2000; x_wconf 80' lang='lat' dir='ltr'><em>flentem</em></span> <span class='ocrx_word' id='word_1_667' title='bbox 1401 1969 1522 1992; x_wconf 87' lang='lat' dir='ltr'><em>mortem</em></span> <span class='ocrx_word' id='word_1_668' title='bbox 1541 1964 1643 1992; x_wconf 88' lang='lat' dir='ltr'><em>mariti</em></span> <span class='ocrx_word' id='word_1_669' title='bbox 1654 1958 1703 2002; x_wconf 89' lang='lat' dir='ltr'><em>sui</em></span> <span class='ocrx_word' id='word_1_670' title='bbox 1724 1983 1735 2000; x_wconf 93' lang='lat'><strong>,</strong></span> <span class='ocrx_word' id='word_1_671' title='bbox 1770 1960 1804 1993; x_wconf 68' lang='grc'><em>6·</em></span> <span class='ocrx_word' id='word_1_672' title='bbox 1821 1958 1992 2002; x_wconf 84' lang='lat' dir='ltr'><em>praesertim</em></span> <span class='ocrx_word' id='word_1_673' title='bbox 2019 1966 2143 2000; x_wconf 86' lang='lat' dir='ltr'><em>propter</em></span> 
     </span>
     <span class='ocr_line' id='line_1_99' title="bbox 1262 2008 2146 2052; baseline -0.003 -9"><span class='ocrx_word' id='word_1_674' title='bbox 1262 2018 1407 2043; x_wconf 89' lang='lat' dir='ltr'><em>mortuum</em></span> <span class='ocrx_word' id='word_1_675' title='bbox 1431 2015 1573 2042; x_wconf 82' lang='lat' dir='ltr'><em>maritum</em></span> <span class='ocrx_word' id='word_1_676' title='bbox 1591 2008 1706 2050; x_wconf 84' lang='lat' dir='ltr'><em>auferri</em></span> <span class='ocrx_word' id='word_1_677' title='bbox 1726 2009 1878 2043; x_wconf 88' lang='lat' dir='ltr'><em>culcitram</em></span> <span class='ocrx_word' id='word_1_678' title='bbox 1893 2008 1983 2052; x_wconf 87' lang='lat' dir='ltr'><em>suam</em></span> <span class='ocrx_word' id='word_1_679' title='bbox 1999 2008 2038 2040; x_wconf 90' lang='lat' dir='ltr'><em>ab</em></span> <span class='ocrx_word' id='word_1_680' title='bbox 2067 2011 2146 2050; x_wconf 54' lang='lat' dir='ltr'><em>Epir</em></span> 
     </span>
     <span class='ocr_line' id='line_1_100' title="bbox 1257 2057 2142 2103; baseline -0.001 -11"><span class='ocrx_word' id='word_1_681' title='bbox 1257 2057 1361 2102; x_wconf 67' lang='lat' dir='ltr'><em>stopo.</em></span> <span class='ocrx_word' id='word_1_682' title='bbox 1389 2060 1584 2103; x_wconf 77' lang='lat' dir='ltr'><em>,Quapropter</em></span> <span class='ocrx_word' id='word_1_683' title='bbox 1617 2057 1779 2103; x_wconf 75' lang='lat' dir='ltr'><em>Episcopus</em></span> <span class='ocrx_word' id='word_1_684' title='bbox 1801 2058 1849 2099; x_wconf 78' lang='lat' dir='ltr'><em>iste</em></span> <span class='ocrx_word' id='word_1_685' title='bbox 1871 2069 1948 2092; x_wconf 87' lang='lat' dir='ltr'><em>anno</em></span> <span class='ocrx_word' id='word_1_686' title='bbox 1979 2057 2142 2101; x_wconf 79' lang='lat' dir='ltr'><em>Pontifica-</em></span> 
     </span>
     <span class='ocr_line' id='line_1_101' title="bbox 1263 2105 2146 2152; baseline -0.001 -10"><span class='ocrx_word' id='word_1_687' title='bbox 1263 2119 1313 2143; x_wconf 89' lang='lat' dir='ltr'><em>tus</em></span> <span class='ocrx_word' id='word_1_688' title='bbox 1335 2107 1383 2152; x_wconf 88' lang='lat' dir='ltr'><em>sui</em></span> <span class='ocrx_word' id='word_1_689' title='bbox 1431 2113 1516 2142; x_wconf 86' lang='lat' dir='ltr'><em>tertio</em></span> <span class='ocrx_word' id='word_1_690' title='bbox 1538 2133 1548 2149; x_wconf 91' lang='lat'>‚</span> <span class='ocrx_word' id='word_1_691' title='bbox 1578 2114 1698 2151; x_wconf 87' lang='lat' dir='ltr'><em>primus</em></span> <span class='ocrx_word' id='word_1_692' title='bbox 1721 2115 1850 2143; x_wconf 87' lang='lat' dir='ltr'><em>omnium</em></span> <span class='ocrx_word' id='word_1_693' title='bbox 1877 2114 1954 2143; x_wconf 84' lang='lat' dir='ltr'><em>inter</em></span> <span class='ocrx_word' id='word_1_694' title='bbox 1980 2105 2146 2150; x_wconf 68' lang='lat' dir='ltr'><em>Praedecefi</em></span> 
     </span>
     <span class='ocr_line' id='line_1_102' title="bbox 1256 2156 2154 2202; baseline -0.001 -11"><span class='ocrx_word' id='word_1_695' title='bbox 1256 2156 1337 2201; x_wconf 86' lang='lat' dir='ltr'><em>sores</em></span> <span class='ocrx_word' id='word_1_696' title='bbox 1351 2157 1421 2201; x_wconf 86' lang='lat' dir='ltr'><em>suos</em></span> <span class='ocrx_word' id='word_1_697' title='bbox 1435 2182 1446 2198; x_wconf 86' lang='lat'>‚</span> <span class='ocrx_word' id='word_1_698' title='bbox 1461 2161 1529 2198; x_wconf 83' lang='lat' dir='ltr'><em>juri</em></span> <span class='ocrx_word' id='word_1_699' title='bbox 1545 2157 1596 2201; x_wconf 86' lang='lat' dir='ltr'><em>suo</em></span> <span class='ocrx_word' id='word_1_700' title='bbox 1616 2159 1669 2192; x_wconf 87' lang='lat' dir='ltr'><em>vel</em></span> <span class='ocrx_word' id='word_1_701' title='bbox 1671 2157 1836 2202; x_wconf 84' lang='lat' dir='ltr'><em>servituti,</em></span> <span class='ocrx_word' id='word_1_702' title='bbox 1859 2171 1926 2202; x_wconf 78' lang='lat' dir='ltr'><em>quae</em></span> <span class='ocrx_word' id='word_1_703' title='bbox 1948 2159 2055 2192; x_wconf 84' lang='lat' dir='ltr'><em>dicitur</em></span> <span class='ocrx_word' id='word_1_704' title='bbox 2078 2169 2154 2197; x_wconf 26' lang='lat' dir='ltr'><em>ma·-</em></span> 
     </span>
     <span class='ocr_line' id='line_1_103' title="bbox 1262 2206 2144 2251; baseline 0 -11"><span class='ocrx_word' id='word_1_705' title='bbox 1262 2218 1318 2240; x_wconf 86' lang='lat' dir='ltr'><em>nus</em></span> <span class='ocrx_word' id='word_1_706' title='bbox 1343 2215 1459 2240; x_wconf 85' lang='lat' dir='ltr'><em>mortua</em></span> <span class='ocrx_word' id='word_1_707' title='bbox 1479 2230 1490 2246; x_wconf 86' lang='lat'>‚</span> <span class='ocrx_word' id='word_1_708' title='bbox 1521 2218 1589 2248; x_wconf 84' lang='lat' dir='ltr'><em>quae</em></span> <span class='ocrx_word' id='word_1_709' title='bbox 1608 2207 1706 2240; x_wconf 83' lang='lat' dir='ltr'><em>adbuc</em></span> <span class='ocrx_word' id='word_1_710' title='bbox 1729 2215 1761 2241; x_wconf 85' lang='lat' dir='ltr'><em>in</em></span> <span class='ocrx_word' id='word_1_711' title='bbox 1782 2207 1958 2251; x_wconf 80' lang='lat' dir='ltr'><em>quibusdam</em></span> <span class='ocrx_word' id='word_1_712' title='bbox 2002 2206 2144 2248; x_wconf 83' lang='lat' dir='ltr'><em>partibus</em></span> 
     </span>
    </p>
   </div>
   <div class='ocr_carea' id='block_1_12' title="bbox 2163 1739 2324 1785">
    <p class='ocr_par' dir='ltr' id='par_1_14' title="bbox 2163 1739 2324 1785">
     <span class='ocr_line' id='line_1_104' title="bbox 2163 1739 2324 1785; baseline 0.006 -12"><span class='ocrx_word' id='word_1_713' title='bbox 2163 1739 2224 1773; x_wconf 71' lang='lat' dir='ltr'><em>Fol-</em></span> <span class='ocrx_word' id='word_1_714' title='bbox 2255 1749 2324 1785; x_wconf 59' lang='lat'><em>¹535</em></span> 
     </span>
    </p>
   </div>
   <div class='ocr_carea' id='block_1_13' title="bbox 1261 2254 2166 2300">
    <p class='ocr_par' dir='ltr' id='par_1_15' title="bbox 1261 2254 2166 2300">
     <span class='ocr_line' id='line_1_105' title="bbox 1261 2254 2166 2300; baseline 0.003 -15"><span class='ocrx_word' id='word_1_715' title='bbox 1261 2259 1399 2286; x_wconf 84' lang='lat' dir='ltr'><em>Dominis</em></span> <span class='ocrx_word' id='word_1_716' title='bbox 1430 2256 1637 2294; x_wconf 82' lang='lat' dir='ltr'><em>temporalibus</em></span> <span class='ocrx_word' id='word_1_717' title='bbox 1662 2259 1683 2288; x_wconf 79' lang='grc' dir='ltr'><em>ἃ</em></span> <span class='ocrx_word' id='word_1_718' title='bbox 1697 2255 1764 2298; x_wconf 80' lang='lat' dir='ltr'><em>suis</em></span> <span class='ocrx_word' id='word_1_719' title='bbox 1780 2256 1913 2300; x_wconf 84' lang='lat' dir='ltr'><em>subditis</em></span> <span class='ocrx_word' id='word_1_720' title='bbox 1954 2254 2110 2290; x_wconf 76' lang='lat' dir='ltr'><em>exhibetur</em></span> <span class='ocrx_word' id='word_1_721' title='bbox 2131 2278 2166 2300; x_wconf 20' lang='grc' dir='ltr'><em>,ῃ</em></span> 
     </span>
    </p>
   </div>
   <div class='ocr_carea' id='block_1_14' title="bbox 1259 2300 2149 2642">
    <p class='ocr_par' dir='ltr' id='par_1_16' title="bbox 1259 2300 2149 2642">
     <span class='ocr_line' id='line_1_106' title="bbox 1261 2300 2146 2346; baseline 0.005 -12"><span class='ocrx_word' id='word_1_722' title='bbox 1261 2313 1298 2334; x_wconf 80' lang='lat' dir='ltr'><em>ex</em></span> <span class='ocrx_word' id='word_1_723' title='bbox 1314 2300 1564 2343; x_wconf 73' lang='lat' dir='ltr'><em>superaffluentia</em></span> <span class='ocrx_word' id='word_1_724' title='bbox 1584 2308 1700 2334; x_wconf 80' lang='lat' dir='ltr'><em>innatae</em></span> <span class='ocrx_word' id='word_1_725' title='bbox 1712 2304 1771 2342; x_wconf 80' lang='lat' dir='ltr'><em>fibi</em></span> <span class='ocrx_word' id='word_1_726' title='bbox 1789 2305 1994 2346; x_wconf 72' lang='lat' dir='ltr'><em>misericordiae</em></span> <span class='ocrx_word' id='word_1_727' title='bbox 2017 2309 2050 2336; x_wconf 88' lang='lat' dir='ltr'><em>in</em></span> <span class='ocrx_word' id='word_1_728' title='bbox 2081 2313 2146 2338; x_wconf 78' lang='lat' dir='ltr'><em>tota</em></span> 
     </span>
     <span class='ocr_line' id='line_1_107' title="bbox 1260 2348 2145 2392; baseline 0.003 -9"><span class='ocrx_word' id='word_1_729' title='bbox 1260 2359 1342 2383; x_wconf 80' lang='lat' dir='ltr'><em>terra</em></span> <span class='ocrx_word' id='word_1_730' title='bbox 1367 2348 1561 2392; x_wconf 74' lang='lat' dir='ltr'><em>Episcopatus</em></span> <span class='ocrx_word' id='word_1_731' title='bbox 1583 2350 1747 2390; x_wconf 79' lang='lat' dir='ltr'><em>Leodiensis</em></span> <span class='ocrx_word' id='word_1_732' title='bbox 1767 2358 1955 2385; x_wconf 86' lang='lat' dir='ltr'><em>renunciavit</em></span> <span class='ocrx_word' id='word_1_733' title='bbox 1968 2376 1979 2392; x_wconf 95' lang='lat'>‚</span> <span class='ocrx_word' id='word_1_734' title='bbox 2000 2353 2034 2385; x_wconf 70' lang='lat'><em>&amp;¹</em></span> <span class='ocrx_word' id='word_1_735' title='bbox 2065 2352 2145 2387; x_wconf 78' lang='lat' dir='ltr'><em>banc</em></span> 
     </span>
     <span class='ocr_line' id='line_1_108' title="bbox 1260 2397 2146 2444; baseline 0.002 -12"><span class='ocrx_word' id='word_1_736' title='bbox 1260 2398 1420 2440; x_wconf 77' lang='lat' dir='ltr'><em>abufionem</em></span> <span class='ocrx_word' id='word_1_737' title='bbox 1432 2397 1550 2442; x_wconf 83' lang='lat' dir='ltr'><em>sustulit</em></span> <span class='ocrx_word' id='word_1_738' title='bbox 1569 2423 1577 2431; x_wconf 91' lang='lat'>.</span> <span class='ocrx_word' id='word_1_739' title='bbox 1601 2401 1682 2443; x_wconf 72' lang='lat' dir='ltr'><em>‚Qua</em></span> <span class='ocrx_word' id='word_1_740' title='bbox 1698 2402 1817 2442; x_wconf 87' lang='lat' dir='ltr'><em>quidem</em></span> <span class='ocrx_word' id='word_1_741' title='bbox 1833 2400 1967 2444; x_wconf 84' lang='lat' dir='ltr'><em>servitus</em></span> <span class='ocrx_word' id='word_1_742' title='bbox 1988 2402 2146 2435; x_wconf 81' lang='lat' dir='ltr'><em>conditioni</em></span> 
     </span>
     <span class='ocr_line' id='line_1_109' title="bbox 1261 2447 2149 2493; baseline 0.001 -11"><span class='ocrx_word' id='word_1_743' title='bbox 1261 2449 1402 2482; x_wconf 67' lang='lat' dir='ltr'><em>bumana</em></span> <span class='ocrx_word' id='word_1_744' title='bbox 1415 2472 1426 2489; x_wconf 91' lang='lat'><strong>,</strong></span> <span class='ocrx_word' id='word_1_745' title='bbox 1444 2450 1534 2491; x_wconf 67' lang='lat' dir='ltr'><em>qudm</em></span> <span class='ocrx_word' id='word_1_746' title='bbox 1555 2447 1678 2483; x_wconf 78' lang='lat' dir='ltr'><em>liberam</em></span> <span class='ocrx_word' id='word_1_747' title='bbox 1697 2455 1730 2482; x_wconf 92' lang='lat' dir='ltr'><em>in</em></span> <span class='ocrx_word' id='word_1_748' title='bbox 1750 2451 1869 2483; x_wconf 77' lang='lat' dir='ltr'><em>exordio</em></span> <span class='ocrx_word' id='word_1_749' title='bbox 1890 2455 1970 2484; x_wconf 86' lang='lat' dir='ltr'><em>Deus</em></span> <span class='ocrx_word' id='word_1_750' title='bbox 1987 2451 2119 2484; x_wconf 80' lang='lat' dir='ltr'><em>condidit</em></span> <span class='ocrx_word' id='word_1_751' title='bbox 2132 2474 2149 2493; x_wconf 78' lang='lat'>,</span> 
     </span>
     <span class='ocr_line' id='line_1_110' title="bbox 1259 2497 2147 2542; baseline 0.001 -9"><span class='ocrx_word' id='word_1_752' title='bbox 1259 2504 1380 2542; x_wconf 82' lang='lat' dir='ltr'><em>penitus</em></span> <span class='ocrx_word' id='word_1_753' title='bbox 1400 2497 1581 2541; x_wconf 84' lang='lat' dir='ltr'><em>adversatur</em></span> <span class='ocrx_word' id='word_1_754' title='bbox 1596 2522 1603 2530; x_wconf 93' lang='lat'><strong>.</strong></span> <span class='ocrx_word' id='word_1_755' title='bbox 1630 2502 1667 2532; x_wconf 82' lang='lat' dir='ltr'><em>In</em></span> <span class='ocrx_word' id='word_1_756' title='bbox 1693 2511 1724 2533; x_wconf 89' lang='lat' dir='ltr'><em>eo</em></span> <span class='ocrx_word' id='word_1_757' title='bbox 1745 2504 1814 2533; x_wconf 63' lang='lat' dir='ltr'><em>verb</em></span> <span class='ocrx_word' id='word_1_758' title='bbox 1835 2498 1996 2541; x_wconf 73' lang='lat' dir='ltr'><em>confistebat</em></span> <span class='ocrx_word' id='word_1_759' title='bbox 2008 2501 2065 2540; x_wconf 85' lang='lat' dir='ltr'><em>jus</em></span> <span class='ocrx_word' id='word_1_760' title='bbox 2079 2524 2091 2541; x_wconf 95' lang='lat'>,</span> <span class='ocrx_word' id='word_1_761' title='bbox 2110 2509 2147 2534; x_wconf 74' lang='lat' dir='ltr'><em>ue</em></span> 
     </span>
     <span class='ocr_line' id='line_1_111' title="bbox 1262 2548 2145 2592; baseline 0.002 -11"><span class='ocrx_word' id='word_1_762' title='bbox 1262 2549 1499 2592; x_wconf 88' lang='lat' dir='ltr'><em>quandocumque</em></span> <span class='ocrx_word' id='word_1_763' title='bbox 1521 2549 1630 2590; x_wconf 86' lang='lat' dir='ltr'><em>aliquis</em></span> <span class='ocrx_word' id='word_1_764' title='bbox 1650 2548 1878 2590; x_wconf 82' lang='lat' dir='ltr'><em>paterfamilias</em></span> <span class='ocrx_word' id='word_1_765' title='bbox 1894 2575 1905 2590; x_wconf 96' lang='lat'>,</span> <span class='ocrx_word' id='word_1_766' title='bbox 1925 2555 1976 2591; x_wconf 86' lang='lat' dir='ltr'><em>qui</em></span> <span class='ocrx_word' id='word_1_767' title='bbox 2000 2548 2076 2583; x_wconf 84' lang='lat' dir='ltr'><em>banc</em></span> <span class='ocrx_word' id='word_1_768' title='bbox 2095 2551 2145 2584; x_wconf 89' lang='lat' dir='ltr'><em>de-</em></span> 
     </span>
     <span class='ocr_line' id='line_1_112' title="bbox 1262 2597 2145 2642; baseline 0 -9"><span class='ocrx_word' id='word_1_769' title='bbox 1262 2599 1326 2633; x_wconf 88' lang='lat' dir='ltr'><em>buit</em></span> <span class='ocrx_word' id='word_1_770' title='bbox 1344 2597 1541 2641; x_wconf 86' lang='lat' dir='ltr'><em>serv&#39;itutem‚</em></span> <span class='ocrx_word' id='word_1_771' title='bbox 1559 2607 1718 2634; x_wconf 88' lang='lat' dir='ltr'><em>moreretur</em></span> <span class='ocrx_word' id='word_1_772' title='bbox 1741 2623 1751 2639; x_wconf 93' lang='lat'>‚</span> <span class='ocrx_word' id='word_1_773' title='bbox 1788 2605 1820 2631; x_wconf 89' lang='lat' dir='ltr'><em>in</em></span> <span class='ocrx_word' id='word_1_774' title='bbox 1845 2598 1960 2642; x_wconf 81' lang='lat' dir='ltr'><em>signum</em></span> <span class='ocrx_word' id='word_1_775' title='bbox 1979 2598 2145 2642; x_wconf 81' lang='lat' dir='ltr'><em>servitutis</em></span> 
     </span>
    </p>
   </div>
   <div class='ocr_carea' id='block_1_15' title="bbox 1258 2648 2181 2697">
    <p class='ocr_par' dir='ltr' id='par_1_17' title="bbox 1258 2648 2181 2697">
     <span class='ocr_line' id='line_1_113' title="bbox 1258 2648 2181 2697; baseline 0.003 -17"><span class='ocrx_word' id='word_1_776' title='bbox 1258 2653 1424 2691; x_wconf 79' lang='lat' dir='ltr'><em>praeteritae</em></span> <span class='ocrx_word' id='word_1_777' title='bbox 1446 2654 1588 2690; x_wconf 84' lang='lat' dir='ltr'><em>optimum</em></span> <span class='ocrx_word' id='word_1_778' title='bbox 1603 2653 1714 2692; x_wconf 85' lang='lat' dir='ltr'><em>pignus</em></span> <span class='ocrx_word' id='word_1_779' title='bbox 1733 2650 1882 2689; x_wconf 83' lang='lat' dir='ltr'><em>veljocale</em></span> <span class='ocrx_word' id='word_1_780' title='bbox 1893 2673 1903 2689; x_wconf 96' lang='lat'>,</span> <span class='ocrx_word' id='word_1_781' title='bbox 1921 2649 2003 2692; x_wconf 73' lang='lat' dir='ltr'><em>quod</em></span> <span class='ocrx_word' id='word_1_782' title='bbox 2011 2648 2142 2690; x_wconf 84' lang='lat' dir='ltr'><em>inipfius·</em></span> <span class='ocrx_word' id='word_1_783' title='bbox 2176 2691 2181 2697; x_wconf 16' lang='grc' dir='ltr'><em>Γ</em></span> 
     </span>
    </p>
   </div>
   <div class='ocr_carea' id='block_1_16' title="bbox 1263 2698 2147 3090">
    <p class='ocr_par' dir='ltr' id='par_1_18' title="bbox 1263 2698 2147 3090">
     <span class='ocr_line' id='line_1_114' title="bbox 1263 2698 2145 2742; baseline 0.002 -11"><span class='ocrx_word' id='word_1_784' title='bbox 1263 2700 1346 2732; x_wconf 89' lang='lat' dir='ltr'><em>domo</em></span> <span class='ocrx_word' id='word_1_785' title='bbox 1369 2703 1490 2740; x_wconf 82' lang='lat' dir='ltr'><em>reperiri</em></span> <span class='ocrx_word' id='word_1_786' title='bbox 1506 2702 1658 2741; x_wconf 80' lang='lat' dir='ltr'><em>contigerit</em></span> <span class='ocrx_word' id='word_1_787' title='bbox 1670 2721 1681 2738; x_wconf 92' lang='lat'>,</span> <span class='ocrx_word' id='word_1_788' title='bbox 1702 2700 1723 2730; x_wconf 78' lang='grc' dir='ltr'><em>ἂ</em></span> <span class='ocrx_word' id='word_1_789' title='bbox 1737 2701 1872 2731; x_wconf 86' lang='lat' dir='ltr'><em>Dominis</em></span> <span class='ocrx_word' id='word_1_790' title='bbox 1894 2704 2058 2742; x_wconf 83' lang='lat' dir='ltr'><em>exigeretur</em></span> <span class='ocrx_word' id='word_1_791' title='bbox 2073 2711 2081 2741; x_wconf 89' lang='lat'>;</span> <span class='ocrx_word' id='word_1_792' title='bbox 2095 2698 2145 2742; x_wconf 73' lang='lat' dir='ltr'><em>fin</em></span> 
     </span>
     <span class='ocr_line' id='line_1_115' title="bbox 1263 2746 2145 2791; baseline 0.001 -9"><span class='ocrx_word' id='word_1_793' title='bbox 1263 2759 1362 2783; x_wconf 88' lang='lat' dir='ltr'><em>autem</em></span> <span class='ocrx_word' id='word_1_794' title='bbox 1383 2746 1461 2780; x_wconf 88' lang='lat' dir='ltr'><em>nibil</em></span> <span class='ocrx_word' id='word_1_795' title='bbox 1473 2748 1538 2791; x_wconf 82' lang='lat' dir='ltr'><em>esset</em></span> <span class='ocrx_word' id='word_1_796' title='bbox 1559 2771 1569 2787; x_wconf 92' lang='lat'><strong>,</strong></span> <span class='ocrx_word' id='word_1_797' title='bbox 1592 2755 1623 2780; x_wconf 88' lang='lat' dir='ltr'><em>ut</em></span> <span class='ocrx_word' id='word_1_798' title='bbox 1642 2757 1704 2780; x_wconf 89' lang='lat' dir='ltr'><em>tum</em></span> <span class='ocrx_word' id='word_1_799' title='bbox 1738 2747 1867 2789; x_wconf 72' lang='lat' dir='ltr'><em>dcfunc‘ii</em></span> <span class='ocrx_word' id='word_1_800' title='bbox 1889 2750 2015 2783; x_wconf 82' lang='lat' dir='ltr'><em>dextera</em></span> <span class='ocrx_word' id='word_1_801' title='bbox 2034 2759 2145 2783; x_wconf 73' lang='lat' dir='ltr'><em>manus·</em></span> 
     </span>
     <span class='ocr_line' id='line_1_116' title="bbox 1263 2796 2147 2840; baseline 0.001 -8"><span class='ocrx_word' id='word_1_802' title='bbox 1263 2796 1384 2840; x_wconf 80' lang='lat' dir='ltr'><em>abscissa</em></span> <span class='ocrx_word' id='word_1_803' title='bbox 1407 2800 1538 2830; x_wconf 86' lang='lat' dir='ltr'><em>Dominis</em></span> <span class='ocrx_word' id='word_1_804' title='bbox 1559 2796 1707 2838; x_wconf 72' lang='lat' dir='ltr'><em>offirretur</em></span> <span class='ocrx_word' id='word_1_805' title='bbox 1731 2799 1743 2831; x_wconf 85' lang='lat'>?</span> <span class='ocrx_word' id='word_1_806' title='bbox 1776 2796 1963 2833; x_wconf 81' lang='lat' dir='ltr'><em>Leodienlis</em></span> <span class='ocrx_word' id='word_1_807' title='bbox 1988 2798 2078 2832; x_wconf 88' lang='lat' dir='ltr'><em>enim</em></span> <span class='ocrx_word' id='word_1_808' title='bbox 2099 2797 2147 2833; x_wconf 72' lang='lat' dir='ltr'><em>E·</em></span> 
     </span>
     <span class='ocr_line' id='line_1_117' title="bbox 1264 2845 2142 2892; baseline 0.002 -11"><span class='ocrx_word' id='word_1_809' title='bbox 1264 2848 1412 2892; x_wconf 87' lang='lat' dir='ltr'><em>piscopus</em></span> <span class='ocrx_word' id='word_1_810' title='bbox 1430 2846 1475 2880; x_wconf 88' lang='lat' dir='ltr'><em>est</em></span> <span class='ocrx_word' id='word_1_811' title='bbox 1499 2847 1562 2882; x_wconf 58' lang='lat' dir='ltr'><em>uni</em></span> <span class='ocrx_word' id='word_1_812' title='bbox 1589 2847 1975 2890; x_wconf 82' lang='lat' dir='ltr'><em>temporalisDominus‚</em></span> <span class='ocrx_word' id='word_1_813' title='bbox 2000 2845 2142 2892; x_wconf 83' lang='lat' dir='ltr'><em>ideoque</em></span> 
     </span>
     <span class='ocr_line' id='line_1_118' title="bbox 1264 2897 2144 2932; baseline 0.001 -1"><span class='ocrx_word' id='word_1_814' title='bbox 1264 2897 1324 2931; x_wconf 89' lang='lat' dir='ltr'><em>hac</em></span> <span class='ocrx_word' id='word_1_815' title='bbox 1351 2897 1434 2931; x_wconf 88' lang='lat' dir='ltr'><em>olim</em></span> <span class='ocrx_word' id='word_1_816' title='bbox 1453 2897 1609 2931; x_wconf 88' lang='lat' dir='ltr'><em>violentia</em></span> <span class='ocrx_word' id='word_1_817' title='bbox 1635 2897 1675 2931; x_wconf 86' lang='lat' dir='ltr'><em>ad</em></span> <span class='ocrx_word' id='word_1_818' title='bbox 1701 2898 1875 2932; x_wconf 88' lang='lat' dir='ltr'><em>Laicorum</em></span> <span class='ocrx_word' id='word_1_819' title='bbox 1902 2898 1936 2932; x_wconf 92' lang='lat' dir='ltr'><em>in</em></span> <span class='ocrx_word' id='word_1_820' title='bbox 1964 2897 2144 2932; x_wconf 78' lang='lat' dir='ltr'><em>Germania</em></span> 
     </span>
     <span class='ocr_line' id='line_1_119' title="bbox 1263 2946 2144 2982; baseline 0.001 -1"><span class='ocrx_word' id='word_1_821' title='bbox 1263 2946 1437 2981; x_wconf 83' lang='lat' dir='ltr'><em>Procerum</em></span> <span class='ocrx_word' id='word_1_822' title='bbox 1460 2956 1584 2981; x_wconf 88' lang='lat' dir='ltr'><em>morem</em></span> <span class='ocrx_word' id='word_1_823' title='bbox 1610 2946 1780 2981; x_wconf 85' lang='lat' dir='ltr'><em>utebatur.</em></span> <span class='ocrx_word' id='word_1_824' title='bbox 1809 2946 1928 2982; x_wconf 85' lang='lat' dir='ltr'><em>Eadem</em></span> <span class='ocrx_word' id='word_1_825' title='bbox 1954 2947 1999 2981; x_wconf 80' lang='lat' dir='ltr'><em>uti</em></span> <span class='ocrx_word' id='word_1_826' title='bbox 2011 2948 2144 2982; x_wconf 86' lang='lat' dir='ltr'><em>fuerunt</em></span> 
     </span>
     <span class='ocr_line' id='line_1_120' title="bbox 1264 2995 2142 3041; baseline 0.001 -11"><span class='ocrx_word' id='word_1_827' title='bbox 1264 2997 1528 3031; x_wconf 86' lang='lat' dir='ltr'><em>Constantienses</em></span> <span class='ocrx_word' id='word_1_828' title='bbox 1555 2995 1677 3031; x_wconf 88' lang='lat' dir='ltr'><em>ibidem</em></span> <span class='ocrx_word' id='word_1_829' title='bbox 1705 2998 1885 3041; x_wconf 82' lang='lat' dir='ltr'><em>Episcopi.</em></span> <span class='ocrx_word' id='word_1_830' title='bbox 1924 2997 2056 3032; x_wconf 86' lang='lat' dir='ltr'><em>Etenim</em></span> <span class='ocrx_word' id='word_1_831' title='bbox 2098 2996 2142 3031; x_wconf 77' lang='lat' dir='ltr'><em>de</em></span> 
     </span>
     <span class='ocr_line' id='line_1_121' title="bbox 1263 3045 2140 3090; baseline 0.001 -11"><span class='ocrx_word' id='word_1_832' title='bbox 1263 3046 1380 3080; x_wconf 66' lang='lat' dir='ltr'><em>saneto</em></span> <span class='ocrx_word' id='word_1_833' title='bbox 1407 3046 1566 3089; x_wconf 82' lang='lat' dir='ltr'><em>Episcopo</em></span> <span class='ocrx_word' id='word_1_834' title='bbox 1593 3045 1789 3081; x_wconf 85' lang='lat' dir='ltr'><em>Gebehardo</em></span> <span class='ocrx_word' id='word_1_835' title='bbox 1828 3047 1936 3082; x_wconf 88' lang='lat' dir='ltr'><em>scribit</em></span> <span class='ocrx_word' id='word_1_836' title='bbox 1974 3046 2008 3080; x_wconf 85' lang='lat' dir='ltr'><em>in</em></span> <span class='ocrx_word' id='word_1_837' title='bbox 2044 3046 2140 3090; x_wconf 75' lang='lat' dir='ltr'><em>ipfius</em></span> 
     </span>
    </p>
   </div>
   <div class='ocr_carea' id='block_1_17' title="bbox 328 3087 2142 3244">
    <p class='ocr_par' dir='ltr' id='par_1_19' title="bbox 328 3087 2142 3244">
     <span class='ocr_line' id='line_1_122' title="bbox 328 3087 2141 3142; baseline -0.004 -7"><span class='ocrx_word' id='word_1_838' title='bbox 328 3103 411 3136; x_wconf 78' lang='lat' dir='ltr'><em>nulla</em></span> <span class='ocrx_word' id='word_1_839' title='bbox 435 3109 537 3136; x_wconf 86' lang='lat' dir='ltr'><em>tamen</em></span> <span class='ocrx_word' id='word_1_840' title='bbox 559 3101 674 3133; x_wconf 84' lang='lat' dir='ltr'><em>utilitas</em></span> <span class='ocrx_word' id='word_1_841' title='bbox 699 3100 797 3142; x_wconf 82' lang='lat' dir='ltr'><em>quoad</em></span> <span class='ocrx_word' id='word_1_842' title='bbox 820 3098 871 3132; x_wconf 84' lang='lat' dir='ltr'><em>hoc</em></span> <span class='ocrx_word' id='word_1_843' title='bbox 906 3103 938 3129; x_wconf 87' lang='lat' dir='ltr'><em>in</em></span> <span class='ocrx_word' id='word_1_844' title='bbox 959 3095 1103 3140; x_wconf 86' lang='lat' dir='ltr'><em>sanguine</em></span> <span class='ocrx_word' id='word_1_845' title='bbox 1137 3087 1239 3139; x_wconf 62' lang='lat' dir='ltr'><em>eJusl</em></span> <span class='ocrx_word' id='word_1_846' title='bbox 1265 3097 1330 3130; x_wconf 85' lang='lat' dir='ltr'><em>vita</em></span> <span class='ocrx_word' id='word_1_847' title='bbox 1357 3095 1496 3138; x_wconf 84' lang='lat' dir='ltr'><em>ejusdem</em></span> <span class='ocrx_word' id='word_1_848' title='bbox 1526 3096 1673 3131; x_wconf 84' lang='lat' dir='ltr'><em>Ecclefiae</em></span> <span class='ocrx_word' id='word_1_849' title='bbox 1699 3096 1889 3132; x_wconf 88' lang='lat' dir='ltr'><em>Chronicon</em></span> <span class='ocrx_word' id='word_1_850' title='bbox 1916 3110 1923 3130; x_wconf 91' lang='lat'>:</span> <span class='ocrx_word' id='word_1_851' title='bbox 1951 3095 2141 3131; x_wconf 77' lang='lat' dir='ltr'><em>Gebehardus</em></span> 
     </span>
     <span class='ocr_line' id='line_1_123' title="bbox 329 3143 2140 3194; baseline -0.004 -8"><span class='ocrx_word' id='word_1_852' title='bbox 329 3159 417 3192; x_wconf 80' lang='lat' dir='ltr'><em>erat,</em></span> <span class='ocrx_word' id='word_1_853' title='bbox 442 3155 581 3194; x_wconf 86' lang='lat' dir='ltr'><em>quoniam</em></span> <span class='ocrx_word' id='word_1_854' title='bbox 609 3151 773 3193; x_wconf 82' lang='lat' dir='ltr'><em>Anglicana</em></span> <span class='ocrx_word' id='word_1_855' title='bbox 800 3145 925 3193; x_wconf 77' lang='lat' dir='ltr'><em>Ecclefia</em></span> <span class='ocrx_word' id='word_1_856' title='bbox 945 3154 1000 3188; x_wconf 84' lang='lat' dir='ltr'><em>per</em></span> <span class='ocrx_word' id='word_1_857' title='bbox 1027 3150 1200 3188; x_wconf 86' lang='lat' dir='ltr'><em>Principum</em></span> <span class='ocrx_word' id='word_1_858' title='bbox 1233 3144 1237 3188; x_wconf 38' lang='lat' dir='ltr'>ss</span> <span class='ocrx_word' id='word_1_859' title='bbox 1262 3151 1429 3182; x_wconf 84' lang='lat' dir='ltr'><em>convocatis</em></span> <span class='ocrx_word' id='word_1_860' title='bbox 1448 3144 1547 3189; x_wconf 72' lang='lat' dir='ltr'><em>servis</em></span> <span class='ocrx_word' id='word_1_861' title='bbox 1570 3145 1635 3189; x_wconf 71' lang='lat' dir='ltr'><em>fiiis</em></span> <span class='ocrx_word' id='word_1_862' title='bbox 1662 3147 1745 3190; x_wconf 81' lang='lat' dir='ltr'><em>elegit</em></span> <span class='ocrx_word' id='word_1_863' title='bbox 1764 3159 1802 3181; x_wconf 85' lang='lat' dir='ltr'><em>ex</em></span> <span class='ocrx_word' id='word_1_864' title='bbox 1811 3153 1853 3180; x_wconf 91' lang='lat' dir='ltr'><em>eis</em></span> <span class='ocrx_word' id='word_1_865' title='bbox 1865 3151 1986 3190; x_wconf 87' lang='lat' dir='ltr'><em>optimos</em></span> <span class='ocrx_word' id='word_1_866' title='bbox 1995 3143 2140 3187; x_wconf 84' lang='lat' dir='ltr'><em>quosque,</em></span> 
     </span>
     <span class='ocr_line' id='line_1_124' title="bbox 329 3191 2142 3244; baseline -0.005 -9"><span class='ocrx_word' id='word_1_867' title='bbox 329 3200 513 3244; x_wconf 78' lang='lat' dir='ltr'><em>insolentiam</em></span> <span class='ocrx_word' id='word_1_868' title='bbox 538 3205 571 3232; x_wconf 84' lang='lat' dir='ltr'><em>in</em></span> <span class='ocrx_word' id='word_1_869' title='bbox 584 3198 733 3241; x_wconf 66' lang='lat' dir='ltr'><em>profundo</em></span> <span class='ocrx_word' id='word_1_870' title='bbox 739 3195 898 3241; x_wconf 84' lang='lat' dir='ltr'><em>servitutis</em></span> <span class='ocrx_word' id='word_1_871' title='bbox 916 3197 1057 3229; x_wconf 88' lang='lat' dir='ltr'><em>ancillata</em></span> <span class='ocrx_word' id='word_1_872' title='bbox 1060 3196 1200 3237; x_wconf 83' lang='lat' dir='ltr'><em>jacebat.</em></span> <span class='ocrx_word' id='word_1_873' title='bbox 1232 3191 1240 3213; x_wconf 66' lang='lat'>⁹</span> <span class='ocrx_word' id='word_1_874' title='bbox 1264 3199 1298 3231; x_wconf 73' lang='lat'><em>(5</em></span> <span class='ocrx_word' id='word_1_875' title='bbox 1321 3195 1467 3236; x_wconf 86' lang='lat' dir='ltr'><em>constituit</em></span> <span class='ocrx_word' id='word_1_876' title='bbox 1489 3207 1526 3229; x_wconf 87' lang='lat' dir='ltr'><em>ex</em></span> <span class='ocrx_word' id='word_1_877' title='bbox 1536 3201 1578 3229; x_wconf 85' lang='lat' dir='ltr'><em>eis</em></span> <span class='ocrx_word' id='word_1_878' title='bbox 1590 3208 1688 3238; x_wconf 88' lang='lat' dir='ltr'><em>coquos</em></span> <span class='ocrx_word' id='word_1_879' title='bbox 1703 3197 1886 3240; x_wconf 69' lang='lat' dir='ltr'><em>&amp;pistores‚</em></span> <span class='ocrx_word' id='word_1_880' title='bbox 1910 3197 1967 3229; x_wconf 69' lang='grc' dir='ltr'><em>(π.</em></span> <span class='ocrx_word' id='word_1_881' title='bbox 1992 3198 2031 3228; x_wconf 90' lang='lat' dir='ltr'><em>Ut</em></span> <span class='ocrx_word' id='word_1_882' title='bbox 2041 3203 2142 3228; x_wconf 78' lang='lat' dir='ltr'><em>autem</em></span> 
     </span>
    </p>
   </div>
   <div class='ocr_carea' id='block_1_18' title="bbox 329 3246 1201 3394">
    <p class='ocr_par' dir='ltr' id='par_1_20' title="bbox 329 3246 1201 3394">
     <span class='ocr_line' id='line_1_125' title="bbox 335 3246 1199 3292; baseline -0.003 -8"><span class='ocrx_word' id='word_1_883' title='bbox 335 3279 338 3284; x_wconf 89' lang='lat'>.</span> <span class='ocrx_word' id='word_1_884' title='bbox 379 3250 516 3284; x_wconf 87' lang='lat' dir='ltr'><em>Barbara</em></span> <span class='ocrx_word' id='word_1_885' title='bbox 543 3248 767 3287; x_wconf 88' lang='lat' dir='ltr'><em>consuetudo,</em></span> <span class='ocrx_word' id='word_1_886' title='bbox 793 3260 861 3292; x_wconf 81' lang='lat' dir='ltr'><em>quae</em></span> <span class='ocrx_word' id='word_1_887' title='bbox 871 3246 1199 3291; x_wconf 84' lang='lat' dir='ltr'><em>omniumnaufragio</em></span> 
     </span>
     <span class='ocr_line' id='line_1_126' title="bbox 329 3295 1199 3344; baseline -0.003 -11"><span class='ocrx_word' id='word_1_888' title='bbox 329 3300 535 3344; x_wconf 76' lang='lat' dir='ltr'><em>pereuntium</em></span> <span class='ocrx_word' id='word_1_889' title='bbox 561 3296 676 3334; x_wconf 87' lang='lat' dir='ltr'><em>catalla</em></span> <span class='ocrx_word' id='word_1_890' title='bbox 701 3295 932 3331; x_wconf 88' lang='lat' dir='ltr'><em>transcribebat</em></span> <span class='ocrx_word' id='word_1_891' title='bbox 942 3297 976 3330; x_wconf 90' lang='lat' dir='ltr'><em>in</em></span> <span class='ocrx_word' id='word_1_892' title='bbox 988 3296 1199 3341; x_wconf 87' lang='lat' dir='ltr'><em>Principem,</em></span> 
     </span>
     <span class='ocr_line' id='line_1_127' title="bbox 329 3345 1201 3394; baseline -0.002 -12"><span class='ocrx_word' id='word_1_893' title='bbox 329 3349 437 3394; x_wconf 86' lang='lat' dir='ltr'><em>viguit</em></span> <span class='ocrx_word' id='word_1_894' title='bbox 461 3350 560 3383; x_wconf 88' lang='lat' dir='ltr'><em>etiam</em></span> <span class='ocrx_word' id='word_1_895' title='bbox 587 3346 673 3392; x_wconf 83' lang='lat' dir='ltr'><em>apud</em></span> <span class='ocrx_word' id='word_1_896' title='bbox 699 3346 928 3380; x_wconf 82' lang='lat' dir='ltr'><em>Nortmannos</em></span> <span class='ocrx_word' id='word_1_897' title='bbox 947 3371 954 3378; x_wconf 93' lang='lat'>.</span> <span class='ocrx_word' id='word_1_898' title='bbox 986 3345 1087 3393; x_wconf 78' lang='lat' dir='ltr'><em>Qod</em></span> <span class='ocrx_word' id='word_1_899' title='bbox 1112 3346 1201 3381; x_wconf 88' lang='lat' dir='ltr'><em>enim</em></span> 
     </span>
    </p>
   </div>
   <div class='ocr_carea' id='block_1_19' title="bbox 328 3393 1200 3449">
    <p class='ocr_par' dir='ltr' id='par_1_21' title="bbox 328 3393 1200 3449">
     <span class='ocr_line' id='line_1_128' title="bbox 328 3393 1200 3449; baseline -0.002 -14"><span class='ocrx_word' id='word_1_900' title='bbox 328 3399 384 3449; x_wconf 67' lang='lat' dir='ltr'><em>ipsi</em></span> <span class='ocrx_word' id='word_1_901' title='bbox 407 3409 479 3442; x_wconf 25' lang='lat' dir='ltr'><em>:non</em></span> <span class='ocrx_word' id='word_1_902' title='bbox 505 3397 611 3436; x_wconf 65' lang='lat' dir='ltr'><em>solum</em></span> <span class='ocrx_word' id='word_1_903' title='bbox 636 3393 744 3446; x_wconf 79' lang='lat' dir='ltr'><em>quoad</em></span> <span class='ocrx_word' id='word_1_904' title='bbox 779 3394 940 3445; x_wconf 73' lang='lat' dir='ltr'><em>Angliam</em></span> <span class='ocrx_word' id='word_1_905' title='bbox 959 3419 973 3440; x_wconf 82' lang='lat'><em>,</em></span> <span class='ocrx_word' id='word_1_906' title='bbox 1010 3396 1064 3434; x_wconf 85' lang='lat' dir='ltr'><em>sed</em></span> <span class='ocrx_word' id='word_1_907' title='bbox 1101 3395 1200 3436; x_wconf 77' lang='lat' dir='ltr'><em>etiam</em></span> 
     </span>
    </p>
   </div>
   <div class='ocr_carea' id='block_1_20' title="bbox 1261 3244 2145 3391">
    <p class='ocr_par' dir='ltr' id='par_1_22' title="bbox 1261 3244 2145 3391">
     <span class='ocr_line' id='line_1_129' title="bbox 1265 3244 2141 3290; baseline -0.001 -10"><span class='ocrx_word' id='word_1_908' title='bbox 1265 3247 1335 3280; x_wconf 90' lang='lat' dir='ltr'><em>bono</em></span> <span class='ocrx_word' id='word_1_909' title='bbox 1358 3251 1459 3279; x_wconf 85' lang='lat' dir='ltr'><em>animo</em></span> <span class='ocrx_word' id='word_1_910' title='bbox 1484 3245 1684 3286; x_wconf 78' lang='lat' dir='ltr'><em>ministrarent</em></span> <span class='ocrx_word' id='word_1_911' title='bbox 1702 3271 1712 3287; x_wconf 92' lang='lat'><strong>,</strong></span> <span class='ocrx_word' id='word_1_912' title='bbox 1750 3245 1912 3290; x_wconf 80' lang='lat' dir='ltr'><em>hujusmodi</em></span> <span class='ocrx_word' id='word_1_913' title='bbox 1949 3244 2070 3277; x_wconf 87' lang='lat' dir='ltr'><em>donario</em></span> <span class='ocrx_word' id='word_1_914' title='bbox 2093 3254 2141 3279; x_wconf 82' lang='lat' dir='ltr'><em>cu·</em></span> 
     </span>
     <span class='ocr_line' id='line_1_130' title="bbox 1265 3292 2145 3339; baseline -0.003 -9"><span class='ocrx_word' id='word_1_915' title='bbox 1265 3297 1395 3330; x_wconf 84' lang='lat' dir='ltr'><em>mulavit</em></span> <span class='ocrx_word' id='word_1_916' title='bbox 1421 3294 1496 3339; x_wconf 80' lang='lat' dir='ltr'><em>ipsbs</em></span> <span class='ocrx_word' id='word_1_917' title='bbox 1511 3319 1522 3336; x_wconf 86' lang='lat'>,</span> <span class='ocrx_word' id='word_1_918' title='bbox 1543 3295 1652 3339; x_wconf 86' lang='lat' dir='ltr'><em>scilicet</em></span> <span class='ocrx_word' id='word_1_919' title='bbox 1677 3297 1738 3330; x_wconf 72' lang='lat' dir='ltr'><em>cum</em></span> <span class='ocrx_word' id='word_1_920' title='bbox 1765 3302 1831 3339; x_wconf 79' lang='lat' dir='ltr'><em>quis</em></span> <span class='ocrx_word' id='word_1_921' title='bbox 1853 3292 2067 3337; x_wconf 80' lang='lat' dir='ltr'><em>praesentium,</em></span> <span class='ocrx_word' id='word_1_922' title='bbox 2092 3295 2145 3327; x_wconf 79' lang='lat' dir='ltr'><em>vei</em></span> 
     </span>
     <span class='ocr_line' id='line_1_131' title="bbox 1261 3343 2142 3391; baseline -0.005 -11"><span class='ocrx_word' id='word_1_923' title='bbox 1261 3345 1440 3391; x_wconf 84' lang='lat' dir='ltr'><em>successorum</em></span> <span class='ocrx_word' id='word_1_924' title='bbox 1466 3351 1517 3388; x_wconf 86' lang='lat' dir='ltr'><em>qui</em></span> <span class='ocrx_word' id='word_1_925' title='bbox 1543 3347 1579 3379; x_wconf 85' lang='lat' dir='ltr'><em>dc</em></span> <span class='ocrx_word' id='word_1_926' title='bbox 1599 3353 1736 3390; x_wconf 83' lang='lat' dir='ltr'><em>progenie</em></span> <span class='ocrx_word' id='word_1_927' title='bbox 1761 3345 1874 3378; x_wconf 80' lang='lat' dir='ltr'><em>illorum</em></span> <span class='ocrx_word' id='word_1_928' title='bbox 1898 3343 1986 3387; x_wconf 76' lang='lat' dir='ltr'><em>effer,</em></span> <span class='ocrx_word' id='word_1_929' title='bbox 2022 3353 2142 3377; x_wconf 83' lang='lat' dir='ltr'><em>morere·</em></span> 
     </span>
    </p>
   </div>
   <div class='ocr_carea' id='block_1_21' title="bbox 1266 3391 2139 3479">
    <p class='ocr_par' dir='ltr' id='par_1_23' title="bbox 1266 3391 2139 3479">
     <span class='ocr_line' id='line_1_132' title="bbox 1266 3391 2139 3479; baseline -0.005 -47"><span class='ocrx_word' id='word_1_930' title='bbox 1266 3405 1340 3448; x_wconf 78' lang='lat' dir='ltr'><em>tur,</em></span> <span class='ocrx_word' id='word_1_931' title='bbox 1354 3400 1474 3437; x_wconf 66' lang='lat' dir='ltr'><em>exuviae</em></span> <span class='ocrx_word' id='word_1_932' title='bbox 1498 3396 1536 3433; x_wconf 82' lang='lat' dir='ltr'><em>de</em></span> <span class='ocrx_word' id='word_1_933' title='bbox 1560 3400 1602 3432; x_wconf 80' lang='lat' dir='ltr'><em>eis</em></span> <span class='ocrx_word' id='word_1_934' title='bbox 1626 3408 1685 3432; x_wconf 88' lang='lat' dir='ltr'><em>non</em></span> <span class='ocrx_word' id='word_1_935' title='bbox 1703 3394 1908 3440; x_wconf 82' lang='lat' dir='ltr'><em>sumerentur,</em></span> <span class='ocrx_word' id='word_1_936' title='bbox 1929 3391 1989 3438; x_wconf 81' lang='lat' dir='ltr'><em>sed</em></span> <span class='ocrx_word' id='word_1_937' title='bbox 2005 3391 2139 3479; x_wconf 45' lang='lat' dir='ltr'><em>haeder</em></span> 
     </span>
     <span class='ocr_line' id='line_1_133' title="bbox 2068 3455 2091 3476; baseline 0 -6"><span class='ocrx_word' id='word_1_938' title='bbox 2068 3455 2091 3476; x_wconf 62' lang='lat' dir='ltr'><em>{a</em></span> 
     </span>
    </p>
   </div>
   <div class='ocr_carea' id='block_1_22' title="bbox 2163 3255 2317 3293">
    <p class='ocr_par' dir='ltr' id='par_1_24' title="bbox 2163 3255 2317 3293">
     <span class='ocr_line' id='line_1_134' title="bbox 2163 3255 2317 3293; baseline 0.019 -7"><span class='ocrx_word' id='word_1_939' title='bbox 2163 3255 2317 3293; x_wconf 72' lang='lat' dir='ltr'><em>L.1.c019·</em></span> 
     </span>
    </p>
   </div>
  </div>
 </body>
</html>
