2366 3756
408 178 502 237 138
569 174 1437 224 N1001A1·sncuN1>1
1509 178 2074 233 PoNffrlrlcls

332 267 403 317 vit
436 282 525 313 non
560 262 706 313 statim
741 262 903 311 dimisit
929 299 942 323 ,
979 278 1055 312 aut
1090 264 1359 328 cognoscens
1395 283 1484 315 non
1522 265 1734 317 dimiserit
1772 288 1783 316 :
1818 275 1910 319 Aut
1944 275 2023 340 qui
2059 291 2164 324 uxo-

329 353 420 385 rem
454 334 633 385 alterius
669 334 814 401 rapuit
847 370 861 394 ,
896 331 967 382 seu
1003 337 1198 402 rapuerit
1229 373 1244 398 ‚
1275 336 1360 390 ‚vel
1395 338 1474 403 qui
1509 335 1627 386 suam
1662 355 1839 387 uxorem
1859 340 1963 398 ”fine
1999 343 2164 406 judicio

328 403 577 473 Episcopali
603 402 841 458 'dimittens
877 406 1008 454 aliam
1044 405 1169 456 duxit
1204 407 1277 458 vel
1312 406 1485 457 duxerit
1519 443 1534 470 ,
1567 407 1711 459 donec
1747 409 1789 457 fe
1825 408 2042 460 frudtuosae
2077 431 2165 464 tra-

325 474 404 525 dat
440 477 710 546 poenitentiae
743 514 756 539 ,
806 474 833 525 ὲ
870 480 1073 547 Corpore
1109 481 1153 529 &
1188 478 1402 542 Sanguine
1437 481 1625 532 Domini
1660 479 1791 528 nostri
1816 479 1922 546 Jesu
1957 482 2120 532 Christi
2148 522 2162 546 ‚

324 549 368 595 &
413 543 441 595 a
488 546 712 596 liminibus
760 547 958 598 Ecclefiae
992 545 1034 600 se
1069 547 1287 601 exclusum
1321 585 1334 610 ,
1389 552 1432 598 &
1468 551 1704 603 alienatum
1738 588 1751 611 ,
1796 555 1849 605 ,δε
1896 551 2162 605 omnimodis

321 614 430 667 ficut
479 616 702 687 putridum
752 618 994 669 membrum
1043 618 1070 668 ὲ
1117 619 1222 671 sano
1268 636 1460 691 corpore·
1499 619 1719 692 praecisum
1753 620 1902 684 gladio
1938 621 2158 691 spiritus,

322 685 445 756 quod
478 688 540 737 est
572 689 769 742 Verbum
806 693 900 742 Dei
934 728 948 755 ‚
985 689 1218 755 agnoscat.

1269 832 1491 879 grassabantur
1512 832 1546 867 in
1572 833 1681 868 Gallia
1703 856 1709 864 .
1739 833 1836 867 Hinc
1869 833 1987 868 iterum
2017 833 2157 871 debuere

1270 884 1437 918 damnari.
1467 883 1571 932 Qod
1583 884 1680 927 porro
1706 884 2009 920 excommunicatus
2021 884 2104 920 olim
2115 886 2156 920 ab

1272 934 1422 969 Ecclefiae
1450 934 1622 971 liminibus
1648 935 1747 969 fuerit
1786 934 1937 971 exclusus
1963 959 1974 975 ,
2011 936 2156 980 ideoque

1269 984 1371 1028 ipsam
1394 985 1515 1021 intrare
1539 996 1608 1020 non
1632 984 1797 1030 perunit,
1825 986 1883 1019 suo
1905 985 1982 1022 loco
2003 986 2151 1021 ostende-

1251 1069 1253 1071 .
1271 1045 1341 1070 tur.

507 834 1012 882 Senonicu-

412 979 507 1015 Mnia
521 979 589 1016 haec
600 980 679 1017 vitia
691 982 829 1026 exposui
843 981 935 1028 supra
945 983 988 1020 ad
1000 984 1107 1022 Sancti
1118 985 1198 1018 Leo-

437 1031 488 1067 nis
499 1032 583 1068 noni
593 1031 791 1070 Remensem
811 1034 987 1079 Synodnm
1002 1058 1010 1070 2
1037 1035 1082 1069 Et
1093 1032 1199 1069 adhuc

309 1348 315 1383 ‚
631 1339 1822 1457 CANoNot

454 1526 714 1591 Uicumque
749 1524 1000 1576 Monasticae
1036 1527 1283 1589 Religionis
1318 1526 1512 1578 desertor
1548 1529 1753 1578 inventus
1790 1527 1919 1578 fuerit
1943 1566 1957 1590 ,
1993 1528 2019 1580 ὲ
2057 1534 2147 1580 Re-

488 1612 581 1658 gno
617 1598 707 1645 Dei
742 1632 755 1656 ,
792 1600 835 1644 &
870 1593 897 1644 ὲ
932 1595 1154 1647 consortio
1189 1597 1535 1647 Christianorum
1571 1633 1584 1656 ,
1621 1597 1727 1648 ficut
1764 1600 1976 1665 Apostata
2010 1637 2023 1660 ,
2075 1618 2148 1650 ex-

493 1664 694 1715 cludatur
729 1669 772 1714 &
807 1666 974 1715 alienus
1010 1666 1164 1716 existat
1198 1703 1212 1727 ‚
1259 1666 1403 1716 donec
1439 1665 1686 1734 resipiscens
1721 1666 1852 1730 digne
1889 1673 2103 1738 poeniteat
2125 1706 2140 1717 .

306 1734 517 1784 Similiter
553 1737 633 1802 qui
670 1733 883 1802 ejusmodi
919 1735 1052 1798 digne
1089 1739 1358 1804 poenitentes
1395 1738 1594 1803 recipere
1630 1738 1819 1789 noluerit
1853 1776 1866 1798 ,
1902 1740 2035 1788 tertio
2071 1739 2146 1788 ad-

305 1806 500 1854 monitus
535 1842 548 1865 ,
596 1805 627 1855 s1
664 1824 753 1855 non
787 1808 1057 1874 acquieverit
1092 1843 1106 1868 ‚
1158 1804 1184 1855 a
1231 1807 1541 1855 communione
1589 1806 1773 1857 fratrum
1820 1807 2099 1876 suspendatur
2131 1845 2145 1871 ,

295 1873 392 1926 rfive
426 1875 479 1925 fit
514 1874 667 1926 Abbas
701 1914 715 1939 ,
751 1876 838 1927 five
872 1875 1099 1928 Abbatiffa
1134 1914 1147 1938 ‚
1181 1875 1326 1926 donec
1362 1874 1613 1944 acquiescat
1636 1914 1649 1927 .

486 2073 512 2117 S
549 2087 578 2117 c
615 2087 645 2117 H
680 2087 715 2117 0-
747 2087 770 2115 L
815 2087 831 2116 1
875 2086 909 2116 0
943 2086 975 2116 N
989 2104 1001 2116 ⁸
1251 2071 1389 2111 Princlpl
1401 2065 1595 2111 Apostolorum
1607 2071 1756 2102 Dominus
1766 2067 1908 2113 consuluit
1917 2067 2053 2112 converso
2073 2077 2141 2112 pec-

1247 2124 1341 2151 catori
1367 2129 1424 2152 non
1452 2115 1575 2152 tantum*
1593 2120 1806 2152 dimittendum
1826 2119 1961 2163 septies,
1981 2118 2140 2163 fedusque

1243 2165 1413 2210 septuagies
1434 2166 1546 2210 septies
1570 2185 1578 2198 t
1610 2167 1762 2203 Affirmat
1791 2179 1939 2213 quartam
1965 2180 2003 2203 ae
2038 2173 2141 2205 etiam

415 2214 549 2250 Onachi
574 2214 776 2260 Apostafiam
788 2216 851 2250 elie
868 2215 997 2249 facinus
1021 2214 1188 2257 &tempo-
1246 2215 1436 2250 ulteriorem
1461 2216 1860 2261 Apostataereceptionem
1882 2230 1951 2251 non
1973 2218 2141 2261 prohiberi

445 2266 504 2300 rali
516 2266 603 2309 apud
627 2264 780 2299 homines
801 2265 834 2298 &
847 2273 963 2298 aeterna
976 2263 1062 2306 apud
1075 2264 1185 2297 Deum
1245 2265 1263 2298 a
1277 2266 1407 2300 laudata
1423 2267 1550 2309 Regula
1563 2290 1574 2305 ‚
1602 2266 1655 2299 sed
1673 2267 1859 2302 Abbatibus
1876 2268 2048 2303 dumtaxat
2068 2280 2140 2305 non

300 2316 646 2352 excommunicatione
683 2314 908 2359 digniffimum
936 2338 948 2354 ‚
974 2313 1018 2346 est
1057 2312 1186 2346 abunde
1246 2316 1395 2358 imperari
1424 2340 1431 2348 .
1469 2315 1520 2348 Ex
1544 2316 1657 2349 eadem
1679 2318 1718 2350 ad
1743 2316 1938 2352 Lotharium
1963 2318 2140 2361 Imperato-

300 2366 515 2403 ostensumin
529 2365 767 2409 superioribus.
795 2364 905 2410 Qam
916 2364 1000 2397 circa
1021 2360 1115 2405 hujus
1129 2362 1186 2404 Sy·
1244 2376 1335 2405 rem,
1363 2366 1421 2409 qui
1436 2363 1646 2398 Monachum
1663 2365 1856 2410 Apostatam
1872 2391 1883 2407 ,
1913 2377 1984 2401 non
2006 2378 2139 2404 tantum

299 2416 381 2452 nodi
402 2426 549 2460 tempora
570 2416 744 2459 grassatum
766 2416 885 2455 fuerit,
911 2412 1051 2455 ideoque
1075 2413 1186 2446 Cano·
1246 2415 1345 2458 recipi
1371 2415 1404 2447 in
1435 2414 1675 2449 Monasterium
1697 2441 1707 2456 ‚
1745 2417 1799 2452 sed
1836 2419 1936 2452 etiam
1963 2418 2138 2453 Secretarii

300 2467 355 2502 nis
375 2466 483 2501 froeno
506 2464 656 2500 habuerit
666 2477 768 2509 opus,
797 2466 894 2499 docet
916 2463 1183 2498 DitmarusMer-
1245 2466 1358 2498 officio
1371 2464 1460 2499 reddi
1475 2464 1651 2508 postularat
1666 2490 1675 2505 ‚
1704 2467 2001 2510 rescripfitSanftus
2021 2467 2138 2512 Lupus

125 2537 186 2571 nb·
210 2548 239 2573 4·
299 2517 494 2562 seburgenfis
523 2516 703 2559 Episcopus
728 2541 735 2548 .
764 2517 872 2550 Docet
892 2515 997 2559 plures
1020 2513 1184 2557 profeffio-
1248 2515 1360 2550 Abbas
1390 2515 1616 2549 Ferrarienlis:
1644 2518 1740 2559 „Quod
1761 2519 1854 2550 Sacra
1877 2518 1975 2557 vestra
1991 2517 2138 2561 fignifica-
2152 2511 2203 2548 EP-
2222 2511 2285 2542 ¹0⁸·

300 2579 378 2602 nem
402 2569 493 2602 suam
504 2566 545 2600 de
567 2566 769 2601 substantiali
793 2566 875 2599 vitio
896 2577 951 2608 pet
977 2565 1074 2599 falsos
1091 2563 1183 2598 testes
1246 2566 1320 2598 bant
1340 2591 1350 2606 ‚
1377 2575 1411 2598 ut
1438 2563 1585 2607 resumpto
1610 2563 1716 2598 habitu
1743 2572 1776 2598 in
1801 2569 1887 2608 officio
1911 2569 2135 2602 condendarum

299 2618 479 2653 convicisse
496 2640 507 2657 ,
533 2625 632 2660 atque
654 2618 699 2650 ita
711 2616 796 2661 apud
820 2614 969 2649 homines
981 2614 1179 2649 exsufflaffe.
1246 2615 1444 2656 Epistolarum
1467 2612 1676 2657 perseveraret
1705 2639 1714 2653 ,
1759 2627 1811 2648 nec
1836 2627 1891 2649 vos
1917 2617 2039 2650 decebat
2060 2641 2071 2658 ,
2098 2620 2135 2652 &

300 2668 398 2703 Solos
417 2667 520 2712 digne
542 2667 737 2710 poenitentes
759 2665 859 2708 recipi
886 2664 1020 2699 mandat
1041 2665 1160 2699 Canon
1174 2688 1181 2695 .
1246 2664 1327 2698 nobis
1344 2663 1504 2708 consentire
1526 2672 1592 2697 erat
1621 2665 1798 2705 impoffibile.
1829 2669 1982 2710 ,Quoniam
2006 2667 2134 2709 Propast-

301 2719 467 2762 Loquitur
499 2717 590 2751 enim
621 2715 712 2759 juxta
738 2714 846 2750 Sanc‘ti
886 2713 1054 2749 Benedicti
1075 2740 1086 2756 ‚
1114 2725 1183 2757 quae
1244 2724 1309 2749 tum
1321 2715 1446 2756 nostrum
1459 2720 1515 2748 vix
1527 2715 1712 2748 mediocriter
1727 2720 1808 2748 intra
1818 2715 1939 2762 claustra
1962 2717 2132 2758 monasterii

300 2778 383 2802 tunc
401 2767 467 2802 fere
488 2767 557 2802 sola
580 2767 713 2812 vigebat
736 2766 823 2811 apud
837 2765 976 2800 Latinos
990 2789 1000 2805 ,
1027 2764 1157 2809 Regula
1171 2778 1183 2799 .·
1245 2765 1422 2806 custoditur,
1448 2766 1557 2799 nedum
1575 2769 1656 2798 inter
1672 2767 1816 2799 tumultus
1833 2768 2000 2800 mundanos
2025 2769 2045 2799 ἃ
2066 2779 2132 2809 quo-

301 2822 417 2851 Frater
430 2841 441 2857 ‚
465 2822 516 2859 qui
534 2823 654 2858 proprio
675 2822 751 2851 vitio
771 2817 917 2860 egreditur
939 2817 976 2849 de
990 2815 1161 2855 Monaflerro
1172 2839 1183 2856 ,
1244 2816 1338 2856 libet,
1360 2814 1531 2859 praesertim
1543 2813 1687 2858 nonsatis
1696 2825 1782 2849 cauto
1796 2840 1807 2856 ‚
1834 2819 1941 2851 valeat
1953 2819 2126 2860 adimpleri.

294 2866 327 2912 fi
332 2874 446 2901 rever-tt
456 2867 604 2906 voluerit,
627 2865 868 2909 spondeatprius
880 2877 992 2899 omnem
1004 2867 1182 2899 emendatio·
1245 2864 1386 2911 Recepit
1411 2865 1604 2910 Apostatam
1623 2888 1634 2904 ‚
1664 2865 1776 2899 verum
1802 2867 1917 2902 officio
1943 2866 2032 2901 reddi
2059 2878 2129 2903 non

272 2948 279 2952 .
302 2928 372 2953 nem
384 2922 479 2957 vitii,
503 2924 559 2959 pro
568 2916 753 2960 quoegreffits
767 2916 828 2957 est,
852 2915 932 2957 &fic
952 2921 986 2948 in
1003 2916 1103 2949 ultimo
1113 2928 1183 2959 gra·
1245 2915 1332 2960 pofl‘e
1343 2916 1494 2956 addidit,
1519 2914 1609 2959 quod
1631 2913 1760 2958 Regula
1787 2917 1922 2951 mandet
1944 2916 2130 2951 istiusmodi

299 2969 343 3001 du
354 2972 533 3010 recipiatur,
558 2976 638 3000 utex
649 2966 700 2999 hoc
710 2969 778 3009 ejus
791 2965 948 3000 bumilttas
965 2966 1180 3008 comprobetur.
1248 2977 1396 3011 receptos
1418 2965 1546 3002 detrudi
1567 2965 1602 2998 in
1613 2966 1751 3008 gradum
1778 2967 1813 3001 &
1826 2967 1937 3001 locum
1948 2967 2129 3008 ultimum,

126 3000 203 3039 0¹9·
217 3009 265 3035 ²⁹⁴
301 3019 400 3062 ‚Quod
413 3016 544 3059 fidenuo
566 3022 697 3059 exierit,
723 3015 813 3060 usque
832 3018 929 3049 tertio·
943 3021 988 3049 tta
998 3021 1158 3058 recipiatur
1172 3041 1182 3056 ‚
1244 3026 1340 3060 atque
1359 3017 1502 3062 ipsorum
1525 3013 1745 3050 humilitatem
1771 3017 1806 3051 ἀ
1829 3017 2059 3061 poenitentiam
2081 3016 2127 3050 ita

293 3070 367 3111 ‚iam
382 3066 481 3109 postet?
494 3067 594 3112 sciens
615 3078 730 3102 omnem
746 3066 803 3109 fibi
813 3065 985 3108 reversionis
1007 3068 1123 3099 aditum
1133 3068 1182 3100 de·
1245 3066 1370 3110 probari
1386 3093 1394 3100 .
1422 3067 1465 3100 Et
1492 3064 1570 3099 hinc
1592 3077 1651 3108 pro
1671 3077 1816 3110 cognato
1842 3069 1902 3101 suo
1921 3066 2104 3101 Guilielmo
2117 3091 2128 3107 ,

303 3122 407 3162 negari
419 3141 427 3149 .
454 3116 603 3160 Exponit
623 3118 657 3150 in
670 3117 789 3152 litteris
810 3116 851 3150 ad
864 3115 1057 3151 Goffredum
1073 3117 1182 3152 Abba·
1245 3117 1422 3151 secundum
1432 3115 1556 3150 ordinis
1570 3115 1779 3159 disciplinam
1799 3126 1929 3161 recepto
1943 3116 2101 3159 Apostata
2114 3139 2125 3155 ,

301 3178 370 3203 tem
389 3165 674 3201 Vindocinensem
710 3168 844 3202 sanstus
876 3166 935 3200 Ivo
972 3166 1182 3201 carnutensis
1247 3167 1287 3201 ad
1309 3167 1380 3211 ejus
1393 3166 1555 3200 Abbatem
1578 3166 1694 3209 scripsit
1705 3166 1890 3210 Stephanus
1903 3165 2125 3200 Tornacenfis

302 3217 505 3261 Episcopus.-
533 3219 579 3250 De
599 3215 702 3259 fratre
713 3219 782 3257 illo,
809 3222 920 3259 quiter
936 3219 956 3249 ὰ
970 3217 1053 3250 vobis
1057 3217 1181 3261 fugiens
1246 3217 1425 3261 Episcopus
1437 3230 1447 3250 :
1472 3219 1620 3259 Rogamus
1642 3227 1697 3249 vos
1710 3242 1720 3257 ‚
1746 3225 1781 3250 ut
1795 3226 1853 3259 pro
1873 3226 1971 3249 amore
2004 3219 2124 3248 Domini
2140 3237 2192 3274 gp·
2207 3245 2257 3273 ²3·

298 3266 460 3314 secundum
469 3265 706 3306 constitutionem
718 3267 883 3309 Monosticae
900 3268 1023 3311 Regulae
1034 3277 1079 3300 ter
1087 3266 1181 3311 susce·
1244 3269 1282 3301 Θ
1295 3267 1387 3308 nostro
1397 3267 1481 3300 illum
1491 3266 1632 3299 revocetis
1643 3290 1654 3305 ‚
1681 3268 1714 3300 (Ὗ
1725 3273 1858 3300 animam
1873 3268 1939 3307 ejus
1959 3265 2000 3298 ab
2012 3271 2125 3299 amari-

291 3311 376 3361 'ptus
388 3316 522 3359 fuerat,
547 3317 669 3351 &nunc
685 3326 795 3360 quarta
806 3323 871 3351 vice
891 3316 1011 3359 aversus
1031 3317 1157 3362 fugerat
1170 3342 1180 3358 ‚
1245 3319 1348 3351 tudine
1367 3321 1528 3359 eripientes
1552 3341 1562 3356 ‚
1588 3316 1733 3360 afflgnetis
1750 3321 1779 3351 et
1795 3315 1920 3356 stallum
1939 3320 1975 3363 itt
1994 3314 2093 3349 Chora
2111 3340 2124 3357 ,

286 3370 420 3403 ·&item
436 3365 595 3411 conversios
621 3368 657 3402 o·
677 3365 815 3411 reversus
834 3365 1020 3410 sepulturam
1046 3380 1110 3401 cum
1111 3366 1184 3410 fra·
1242 3365 1343 3413 sedem
1367 3372 1401 3401 t'n
1424 3368 1586 3409 capitulo,
1612 3368 1706 3401 locum
1725 3373 1759 3400 in
1780 3365 1963 3407 Refellorio,
1989 3367 2025 3399 (π
2045 3377 2122 3407 nos,

302 3418 464 3461 trtbuspet
473 3415 704 3462 my‘eticordiam
713 3418 903 3459 obtinuerat,
928 3418 1002 3451 mihi
1018 3417 1095 3462 satis
1112 3419 1185 3461 pla·
1245 3428 1311 3452 cum
1334 3419 1380 3450 ad
1396 3428 1449 3451 vos
1468 3422 1635 3451 venerimus
1654 3442 1666 3458 ‚
1691 3414 1839 3460 offensam
1858 3418 1924 3457 ejus
1947 3417 1983 3450 o·
2006 3417 2123 3458 culpam

301 3475 347 3503 cet
369 3493 382 3514 ,
404 3473 479 3512 quia
493 3462 710 3513 'superexaltat
734 3465 936 3513 misericordia
952 3469 1121 3512 judicium,
1149 3470 1184 3503 z&
1241 3467 1392 3511 faciemus
1411 3467 1585 3513 regulariter
1600 3468 1754 3503 emendari
1774 3491 1781 3498 .
1813 3466 1919 3515 Qod
1943 3465 2029 3524 solos
2060 3477 2124 3509 poe-

1505 3534 1508 3537 *
1924 3525 2075 3557 nitentes,

2157 2095 2208 2134 Ep.
2227 2104 2272 2132 57.
