2366 3756
65 306 125 340 Lib.
143 315 170 343 3.

66 356 128 386 cap.
148 351 194 381 76.

62 1649 125 1682 Lib.
134 1659 164 1685 4.
171 1656 197 1679 c.

63 2200 96 2230 L.
109 2208 186 2230 κιο.

72 3169 132 3215 13ib.
143 3182 168 3207 4.

70 3217 115 3240 rat.
122 3220 148 3245 4.
163 3219 188 3241 c.
198 3219 223 3247 5.

536 180 1060 225 C0N0111urt

233 265 269 304 ei
291 265 407 308 Bruti,
433 264 542 302 scribit
570 268 604 301 in
628 266 810 303 Annalium
829 265 919 299 libris
929 264 1102 298 Cornelius

228 318 378 352 *Tacitus
389 332 399 352 .-
425 317 640 358 Testamentum
650 321 714 359 ejus
737 316 824 347 multo
843 315 927 357 apud
941 317 1047 358 vulgus
1059 325 1104 348 ru-

228 380 314 402 more
330 368 412 409 fuit.
441 370 525 411 ,Quia
535 373 567 401 in
587 373 701 410 magnis
721 365 825 407 opibus
839 366 903 398 cum
919 364 1020 406 ferme*
1040 376 1107 398 cun-

236 418 298 451 aas
311 421 445 451 Proceres
469 429 533 451 cum
542 416 646 449 bonore
666 416 837 458 nominaffet
849 439 859 454 ‚
880 412 1029 456 Caesarem
1038 420 1108 447 omi-

230 466 287 509 fit.
315 469 409 511 ,Quod
425 467 555 501 civiliter
575 474 725 508 acceptum
737 480 747 498 .·
773 469 880 507 Neque
894 463 1043 507 probibuit
1052 475 1107 506 quo

234 518 335 550 minus
355 518 523 550 laudatione
537 523 596 557 pro
605 516 724 556 rostris,
750 514 920 557 caeterisque
932 513 1107 557 solemnibus

233 567 329 610 funus
350 565 573 607 cohonestaretur
584 590 591 597 .
619 565 749 600 Multus
761 574 827 598 erat
837 575 949 599 rumor
962 565 995 598 in
1009 576 1109 608 popu·

234 617 291 655 lo,
316 615 553 658 timebaturque
563 614 718 650 Tiberius
743 614 871 658 Iuniam
886 614 1108 659 utiingratam

231 665 421 700 funebribus
441 663 622 699 honoribus
642 667 839 708 privaturus:
869 664 971 711 Quod
994 674 1109 706 nempe

233 716 426 750 consuetum
447 724 526 749 tunc
549 714 686 749 honoris
707 726 830 750 morem
843 712 961 748 idonea
975 715 1108 757 persona

233 766 270 798 in
291 765 349 798 suo
361 764 551 799 testamento
574 776 642 800 non
664 765 810 800 servasset
825 789 832 797 .
858 764 903 798 Et
928 764 1025 798 istum
1041 774 1110 797 mo·

233 825 303 848 rem
324 813 416 848 Nero
436 814 471 847 in
485 815 590 858 legem
613 814 757 860 redegit,
784 814 928 858 legatum
942 812 1025 848 istud
1040 824 1107 847 non

233 866 321 906 poffe
330 864 391 897 effe
401 863 553 907 vigefirna
566 863 760 899 haereditatis
774 876 862 907 parte
879 865 987 897 minus
998 863 1108 897 defini-

233 913 281 946 vit
306 911 502 948 Antoninus
522 912 742 957 Philosophus
765 939 775 955 ‚
803 916 836 948 ὅ(
861 914 927 947 istis
949 911 1108 957 vigesimis

233 959 430 1006 colligendis
453 962 619 997 ordinavit
638 963 825 999 Praefeuurn
849 963 1085 997 &Curatorem
1099 989 1106 995 .

232 1012 314 1046 Erat
336 1012 482 1046 officium
500 1010 717 1049 honoratum:
744 1015 837 1048 Hinc
859 1023 987 1047 notatur
1005 1013 1110 1047 foedus

233 1061 498 1106 Heliogabalus,
524 1063 614 1107 qudd
638 1064 709 1107 ipso
736 1064 924 1099 Mulionern
944 1063 1107 1097 donaffet.

234 1111 289 1144 Ex
310 1123 376 1155 quo
399 1111 484 1147 lucet
496 1113 640 1147 Neronis
663 1114 765 1159 legem
778 1116 795 1148 a
818 1113 913 1147 nullo
925 1114 1109 1147 Successore

234 1160 329 1194 fuifle
348 1161 617 1197 circumductam.
645 1163 905 1198 Circumduxiffe
922 1163 1053 1197 tandem
1067 1163 1107 1195 vi-

235 1209 330 1245 detur
350 1222 488 1256 magnus
500 1212 756 1248 Constantinus:
784 1213 905 1248 Nullus
916 1214 1005 1247 enim
1019 1210 1109 1247 Chri-

238 1259 360 1294 stianus
375 1260 554 1305 Imperator
574 1262 694 1308 legitur
715 1265 790 1298 usus
807 1263 869 1297 isto
889 1262 974 1305 jure.
1002 1262 1046 1296 Et
1058 1274 1111 1296 ne-

240 1319 304 1351 que
325 1309 361 1343 in
371 1308 606 1346 Theodofiano
617 1337 629 1352 ‚
654 1322 759 1358 neque
779 1314 813 1348 in
826 1312 1034 1357 Iustinianaeo
1047 1313 1113 1347 Co-

242 1359 316 1394 dice
326 1360 371 1394 est
389 1361 454 1394 ulla
468 1362 564 1404 ipsius
574 1364 732 1398 memoria
748 1390 756 1396 .

292 1408 468 1444 Adulatrix
478 1411 656 1444 Gentilitas
673 1412 762 1444 disto
787 1411 884 1455 legati
906 1410 1033 1444 honore
1053 1412 1114 1453 pas·

242 1458 300 1490 lim
326 1468 395 1492 non
417 1458 481 1492 suit
505 1468 661 1492 contenta
681 1485 690 1494 .
716 1460 944 1493 Romanorum
982 1460 1112 1502 plurimi

240 1505 428 1548 Principem
438 1506 627 1547 scripserunt
637 1507 688 1539 vel
701 1517 929 1548 nuncuparunt
940 1507 1111 1538 haeredem.

238 1551 338 1586 Adeo
358 1563 431 1586 mos
451 1552 511 1586 iste
531 1553 690 1593 invaluit,
718 1564 752 1587 ut
763 1553 805 1587 de
827 1552 958 1587 reducto
979 1554 1020 1587 ad
1043 1555 1115 1587 ino-

237 1602 348 1646 piam,
374 1601 515 1644 ideoque
536 1602 577 1635 ad
598 1603 723 1646 rapinas
744 1605 900 1638 converso
922 1604 1114 1645 Imperatore

236 1650 322 1694 Cajo
335 1651 487 1695 Caligula
496 1651 611 1686 scribat
628 1654 801 1687 Svetonius
815 1665 821 1684 :
849 1652 1033 1694 Testamenta
1046 1656 1115 1686 Pri-

233 1702 438 1743 mipilarium,
465 1707 517 1743 qui
538 1701 575 1733 ab
585 1707 671 1735 initio
684 1705 876 1744 Principatus
903 1704 1009 1736 Tiberii
1022 1714 1114 1746 neque

234 1752 320 1785 illum
344 1761 436 1794 neque
452 1750 486 1795 se
497 1750 643 1785 baeredem
666 1753 844 1796 reliquissent
858 1777 868 1792 ‚
894 1762 927 1785 ut
939 1758 1059 1796 ingrata
1071 1764 1114 1786 re·

231 1799 340 1844 ftidit.
366 1805 438 1834 Item
448 1810 617 1846 caeterorum
640 1812 674 1834 ut
685 1808 775 1836 irrita
791 1804 825 1836 ὢ·
839 1815 924 1836 vana
938 1827 948 1843 ‚
969 1801 1114 1845 quoscum-

238 1861 296 1892 que
319 1855 391 1893 quis
414 1852 522 1884 diceret
547 1850 665 1893 haerede
692 1852 813 1896 Caesare
839 1859 914 1886 mort
951 1852 1115 1896 destinasse.

237 1902 310 1943 ‚Quo
333 1909 413 1934 metu
433 1901 559 1942 infido,
584 1911 649 1935 cum
662 1904 733 1943 jam
754 1903 838 1937 &ab
859 1908 966 1946 ignotis
977 1909 1052 1935 inter
1061 1902 1115 1943 fa-

237 1951 370 1983 mutares
380 1974 393 1990 ‚
417 1951 452 1984 (²5
463 1953 483 1982 ἃ
500 1951 679 1992 parentibus
694 1958 772 1985 inter
787 1952 894 1986 liberos
900 1954 1005 1996 palam
1018 1952 1113 1985 baeres

241 2007 483 2041 nuncuparetur,
507 2000 646 2044 derisores
668 2003 813 2043 vocabat,
838 2005 920 2045 quod
939 2002 999 2044 post
1009 2013 1115 2035 nuncu-

232 2054 386 2092 pationem
406 2056 510 2084 vivere
530 2049 777 2094 perseverarent.
805 2055 852 2085 Et
862 2054 964 2086 multis
986 2064 1115 2086 venena-

236 2107 286 2131 tas
296 2099 427 2132 malleus
438 2099 527 2142 misit.
558 2101 602 2134 Et
614 2102 688 2135 aliis
714 2102 842 2146 insuper
854 2103 961 2137 modis
973 2101 1113 2136 occidit.

235 2147 351 2193 Pergit
367 2147 453 2182 idern
478 2151 620 2194 Scriptor
630 2151 671 2185 de
681 2151 877 2194 Imperatore
891 2153 1090 2186 Domitiano
1104 2164 1111 2183 ε

237 2197 480 2241 confiscabantur
489 2201 662 2239 alieniffimae
672 2200 865 2232 haereditates
879 2224 889 2239 ‚
915 2201 967 2232 vel
976 2199 1114 2237 existente

239 2258 323 2286 uno,
349 2251 400 2287 qui
423 2248 527 2278 diceret
547 2249 618 2279 audi
640 2259 654 2279 e
671 2246 753 2291 fi’ex
771 2247 928 2288 defunllo,
954 2258 1018 2279 cum
1031 2253 1114 2279 vive»

241 2303 310 2334 ret,
334 2293 483 2328 baerea'em
496 2294 553 2334 fibi
577 2294 727 2336 Caesarem
746 2297 797 2337 effe
811 2321 818 2327 .
847 2295 903 2328 Ad
924 2295 1112 2337 Principem

240 2355 283 2378 ex
295 2343 519 2386 nuncupativo
530 2343 721 2377 testamento
743 2343 946 2386 probandum
958 2342 1113 2378 haeredem

239 2391 367 2427 volebat
393 2393 535 2426 sufficere
560 2392 694 2426 unicurn
721 2393 943 2427 testimonium
972 2419 978 2425 .
1006 2394 1112 2428 Simili

239 2441 413 2485 tyrannide
423 2442 467 2475 usi
478 2442 570 2476 fuisse
581 2442 730 2476 videntur
742 2443 774 2476 δε
783 2443 918 2487 quidam
933 2443 1111 2479 Christiani

240 2492 474 2536 Imperatores,
500 2489 664 2525 adversum
687 2504 768 2535 quos
784 2494 815 2526 in
841 2495 953 2536 scripta
975 2492 1015 2528 ad
1027 2494 1113 2527 Con-

240 2540 571 2584 stantinopolitanum
604 2543 762 2585 populum
787 2543 822 2576 ὅ(
843 2553 956 2577 omnes
979 2543 1112 2577 Provin-

240 2592 338 2626 ciales
357 2592 447 2635 Lege
469 2591 642 2625 sanxerunt
664 2593 837 2625 Honorius
856 2605 893 2626 ac
905 2591 1112 2627 Theodofius

240 2640 398 2675 secundus
411 2654 422 2673 .-
448 2642 596 2674 Nolumus
618 2643 741 2674 convelli
764 2642 962 2683 deficientium
979 2643 1111 2686 scriptas

239 2693 307 2728 iure
327 2701 362 2723 ac
380 2689 544 2732 solemniter
565 2691 734 2725 voluntates
757 2715 768 2731 ,
792 2693 864 2724 dum
883 2694 1033 2735 quoddam
1055 2704 1111 2725 mo-

240 2745 346 2773 rientis
356 2739 527 2782 supremum
537 2764 548 2780 ‚
575 2742 609 2774 (5
624 2753 680 2774 non
692 2741 874 2784 adscriptum
891 2744 1038 2786 proceffiffe
1047 2754 1111 2776 con-

238 2789 379 2831 firmatur
400 2790 558 2823 arbitrium
579 2813 591 2830 ,
618 2799 761 2833 tanquam
795 2794 1010 2827 Patrimonium
1027 2792 1111 2836 suum

241 2840 287 2871 ad
305 2850 356 2871 nos
375 2839 511 2881 deficiens
531 2841 668 2874 maluerit
685 2847 852 2883 pertinere.
880 2842 1022 2875 Omnibus
1032 2849 1111 2876 enim

238 2892 376 2931 privatis
394 2890 630 2923 &militantibus
640 2893 842 2924 interdicimus
853 2917 864 2932 ,
890 2903 927 2925 ne
943 2891 1109 2935 hujusmodi

239 2937 416 2981 perhibeant
433 2938 616 2979 testimonia,
641 2940 756 2982 &falfi
769 2947 904 2975 criminIs
927 2953 991 2975 reos
1016 2948 1110 2976 teneri

238 2993 455 3030 prava-ipimus,
475 2987 502 3029 li
520 3000 584 3022 cum
591 2987 711 3032 scriptae
723 2993 796 3031 jure
806 3003 840 3025 ac
863 2990 1029 3035 solemniter
1041 2992 1111 3034 defi-

241 3041 381 3073 cientium
391 3035 550 3075 exstiterint
561 3040 729 3074 voluntates
743 3064 753 3080 ,
769 3052 826 3074 non
835 3041 979 3084 scriptum
991 3043 1111 3084 aliquod

237 3085 297 3129 sub
315 3085 472 3126 nostrorum
482 3094 629 3122 nominum
638 3095 779 3123 mentione
795 3090 874 3134 falso
895 3091 1041 3131 adstruere
1053 3104 1110 3125 mo-

241 3136 355 3169 liantur
377 3160 384 3167 .
411 3134 525 3169 Exstat
550 3138 602 3172 lex
627 3139 661 3172 in
689 3139 814 3174 Codice
848 3140 1105 3176 Theodofiano.

241 3185 306 3219 Per
326 3184 469 3228 ejusdem
490 3185 579 3220 tituli
600 3189 773 3223 secundam
799 3215 810 3230 ,
835 3190 977 3225 Proculo
1002 3191 1110 3226 Urbis

240 3234 396 3269 Praefesto
414 3234 583 3277 scriptam,
609 3237 712 3282 legem
727 3238 979 3274 Valentinianus
1002 3242 1110 3275 secun·

239 3283 302 3318 dus
321 3295 359 3318 ac
369 3281 577 3318 Theodosius
589 3285 730 3332 Magnus
752 3289 806 3323 sibi
817 3289 941 3334 aliquid
961 3301 1015 3334 per
1033 3290 1108 3334 Epi-

241 3333 360 3368 stolam
379 3344 434 3367 aut
445 3334 648 3369 Codicillum
669 3337 788 3382 legari,
815 3340 903 3382 quod
919 3341 953 3373 in
968 3340 1108 3384 privatos

240 3382 437 3418 beneficium
471 3384 615 3418 omnino
650 3386 774 3421 valebat
799 3413 810 3429 ‚
835 3388 1011 3433 prohibent
1036 3415 1047 3431 ‚
1074 3391 1108 3425 &

242 3433 349 3477 quoad
361 3433 439 3467 alias
449 3443 523 3467 cum
535 3433 690 3478 legitimis
701 3437 957 3474 solemnitatibus
976 3440 1107 3484 scriptas

337 3482 520 3525 cbrtstLupi
530 3488 613 3526 oper.
624 3486 738 3519 Tam-V.

1131 177 1764 226 THOLOSANUM·
1929 199 1990 242 39

1182 275 1237 299 aut
1257 272 1457 307 nuncupatas
1468 263 1502 298 in
1526 265 1574 299 sui
1586 266 1729 299 favorem
1739 273 1893 304 extremas
1906 269 2054 303 volunta-

1180 323 1228 348 tes
1252 314 1399 349 sanciunt
1410 316 1442 348 se
1454 314 1548 348 nullo
1571 314 1634 348 frui
1644 314 1839 359 privilegio,
1866 317 1919 352 sed
1929 319 2054 363 populo

1179 366 1242 398 effe
1263 375 1379 407 pares..
1398 363 1548 396 Adducta
1568 363 1705 405 junioris
1727 363 1910 401 Theodofii
1932 368 1985 402 lex
2007 367 2058 403 effi

1179 412 1285 447 multo
1294 410 1483 456 benignior.
1511 412 1645 446 Etenim
1657 413 1808 457 scripturn
1821 415 2054 452 testamentum

1181 474 1248 496 non
1269 461 1373 496 solum
1396 461 1464 495 alio
1488 460 1657 503 posteriori
1683 464 1801 504 scripto
1818 489 1829 505 ‚
1856 464 1907 499 sed
1930 466 2029 500 etiam
2040 487 2058 507 ,-

1180 512 1201 544 fi
1223 511 1356 555 quidem
1379 511 1433 544 sua
1459 512 1563 547 forma
1591 509 1770 544 constiterit
1795 536 1806 552 ,
1829 515 2055 559 nuncupativo

1179 561 1374 595 testamento
1394 561 1506 595 statuit
1517 561 1660 594 revocari
1684 569 1780 603 atque
1791 563 1920 596 cassan.
1947 564 1995 599 At
2006 576 2056 600 ve-

1179 610 1262 644 roin
1288 611 1492 645 suifavorem
1516 621 1575 644 nec
1587 610 1687 644 unico
1707 621 1767 644 nec
1778 614 2059 650 centumtestibus;

1179 661 1266 694 credi
1288 659 1343 694 hic
1354 660 1462 695 voluit
1475 660 1620 703 optimus
1632 658 1808 704 Princeps,
1833 665 2056 706 nuncupativo

1179 710 1375 745 testamento
1401 710 1528 744 nullum
1552 711 1694 753 permifit
1720 713 1783 745 effe
1806 710 1919 746 locum
1940 737 1948 745 .
1976 714 2058 747 Om-

1180 772 1254 794 nem
1265 760 1321 803 qui
1344 759 1495 803 deinceps
1505 771 1564 802 pro
1583 760 1641 794 tali
1656 758 1849 795 testamento
1862 761 1950 796 testis
1963 762 2058 805 juras·

1180 812 1246 850 set,
1272 811 1397 844 trastari
1420 811 1526 844 voluit
1546 820 1582 844 ut
1601 810 1760 853 perjurum
1786 824 1797 844 :
1824 811 1916 858 Qia
1941 823 2064 855 nempe.

1184 860 1276 894 antea
1303 860 1436 903 quidam
1472 859 1662 905 adulatione
1688 858 1903 904 pejeraverant
1924 885 1931 891 .
1957 861 2064 898 Hanc.

1180 910 1285 955 legem
1297 911 1358 944 suo
1382 910 1501 946 Codici
1514 911 1647 944 inseruit
1668 912 1765 945 etiam
1778 911 1957 954 Imperator
1968 912 2062 954 Justi-

1180 960 1296 993 nianus
1307 984 1318 1000 ‚
1343 958 1453 994 verum
1466 970 1676 1005 temperatam
1688 968 1706 1001 ,’
1724 972 1761 995 ac
1783 961 1944 996 redustam
1963 961 2002 994 ad
2015 961 2060 1003 ju-

1181 1009 1223 1043 ris
1242 1011 1429 1044 communis
1453 1012 1630 1045 terminos.
1660 1011 1799 1046 Censuit
1823 1010 2010 1054 Principem
2024 1011 2060 1044 in

1181 1059 1244 1094 hoc
1254 1061 1373 1103 punsto
1394 1071 1463 1094 non
1475 1071 1622 1103 oportere
1634 1061 1696 1095 effe
1715 1061 1887 1105 iniquioris
1899 1061 2062 1096 conditio-

1182 1110 1232 1144 nis
1254 1120 1351 1153 quam
1365 1110 1526 1152 privatos.
1555 1111 1741 1146 Redeamus
1761 1112 1800 1146 ad
1814 1111 1965 1146 Gentiles
1991 1109 2062 1144 Au-

1179 1159 1316 1204 gustos.
1343 1160 1565 1194 Memoratum
1593 1160 1679 1204 ipsos
1706 1161 1897 1196 instituendi
1935 1171 2065 1195 rnorem.

1179 1209 1295 1253 probat
1314 1210 1413 1244 etiam
1436 1210 1551 1244 fabium
1566 1208 1700 1244 Nobilis
1722 1210 1781 1244 viri
1801 1210 1899 1245 Lucii
1923 1211 2038 1244 veteris
2051 1233 2062 1248 ,

1179 1259 1220 1294 de
1240 1271 1308 1303 quo
1319 1271 1375 1304 per
1389 1260 1560 1295 Neronem
1576 1259 1615 1294 ad
1630 1270 1769 1295 mortem
1781 1260 1939 1295 damnato
1952 1258 2064 1293 scribit

1181 1310 1214 1343 in
1236 1310 1328 1344 sexto
1354 1310 1487 1345 decimo
1501 1309 1684 1345 Annalium
1709 1310 1794 1344 libro
1807 1311 1983 1345 Cornelius
1996 1309 2068 1342 Ta·

1179 1361 1284 1393 citus:
1310 1364 1377 1392 Nec
1397 1361 1515 1400 deficere
1533 1366 1585 1402 qui
1609 1369 1759 1394 monerent
1780 1373 1891 1404 magna
1915 1372 1954 1394 ex
1974 1366 2065 1401 parte
2081 1372 2142 1409 Cap
2167 1380 2208 1400 ῃ,

1179 1407 1324 1440 baeredem
1344 1408 1495 1450 Caesarem
1514 1417 1702 1449 nuncupare,
1728 1418 1818 1451 atque
1836 1416 1882 1441 ita
1907 1408 2064 1450 nepotibus·

1179 1458 1217 1489 de
1239 1457 1346 1496 reliquo
1367 1456 1531 1498 consulere.
1557 1459 1649 1498 ‚Quod
1669 1455 1865 1498 aspernatus:
1895 1462 1947 1491 Ne
1961 1463 2062 1490 vitam

1174 1505 1311 1543 proxime
1331 1503 1471 1535 libertate
1491 1503 1592 1535 aetam
1616 1506 1759 1542 noviffimo
1779 1504 1904 1546 servitio
1908 1506 2044 1545 foedaret
2056 1530 2065 1539 .

1180 1548 1340 1584 Nobilem
1354 1551 1459 1584 virum
1471 1548 1665 1595 Agricolam
1687 1553 1772 1586 tanti
1792 1553 1869 1587 fecit
1882 1553 1968 1588 idem
1982 1555 2065 1599 §cri-

1179 1610 1271 1643 ptor‚
1297 1609 1334 1633 ut
1348 1600 1391 1633 fin
1420 1601 1540 1634 ularem
1564 1599 1606 1635 de
1616 1602 1686 1645 ejus
1708 1601 1774 1636 vita
1799 1602 1947 1637 libellum
1970 1603 2066 1637 nobis

1178 1650 1342 1692 reliquerit
1354 1675 1361 1682 .
1390 1612 1501 1684 {tiam
1516 1649 1557 1684 ab
1570 1651 1640 1695 ipso
1654 1651 1786 1686 testatur
1797 1654 1932 1687 exosum
1949 1653 2067 1687 Domi-

1178 1699 1305 1733 tianum
1321 1711 1362 1733 ex
1373 1712 1465 1745 aequo
1476 1712 1552 1735 curn
1564 1713 1667 1736 uxore
1690 1702 1725 1737 δε
1736 1702 1812 1736 filiis
1838 1703 1990 1747 scriptum
2004 1702 2069 1737 hae·

1177 1749 1285 1783 redem
1299 1774 1309 1788 ,
1335 1750 1529 1796 &adjungit
1550 1751 1591 1785 de
1605 1753 1770 1795 Tyranno
1788 1766 1795 1784 :
1822 1755 1905 1786 Satis
1916 1752 2065 1793 constabat
2086 1764 2158 1803 Cap,
2172 1776 2223 1803 43·

1177 1799 1247 1833 lello
1266 1799 1436 1839 testamento
1460 1803 1600 1844 Agricolae
1625 1827 1635 1842 ,
1660 1813 1715 1843 quo
1738 1802 1919 1836 cobaeredem
1939 1809 2061 1845 optimae

1178 1855 1266 1882 uxori
1286 1850 1458 1890 &piiffimae
1477 1850 1550 1892 filiae
1576 1854 1780 1885 Domitianum
1795 1850 1913 1894 scripsit
1935 1877 1946 1892 ,
1973 1853 2064 1885 laeta-

1177 1908 1241 1932 tum
1254 1910 1318 1932 eum
1327 1901 1411 1933 ‘velut
1420 1900 1524 1939 bonore
1537 1925 1548 1941 ,
1568 1902 1744 1944 judicioque.
1774 1904 1849 1935 Tam
1860 1913 1937 1936 caeca
1962 1904 2064 1936 &cor-

1176 1957 1268 1991 rupta
1290 1961 1374 1983 mens
1398 1951 1513 1990 affiduis
1538 1951 1757 1985 adulationibus
1778 1962 1866 1992 erat,
1891 1962 1926 1986 ut
1940 1951 2063 1996 nesciret

1176 2001 1196 2031 ἃ
1208 1999 1279 2032 bono
1297 2008 1389 2041 patre
1401 2011 1458 2034 non
1480 1998 1571 2043 scribi
1588 2001 1738 2036 baeredem
1749 2027 1759 2043 ,
1785 2002 1841 2044 nisi
1845 2004 1959 2036 malum
1973 2006 2064 2036 Prin-

1175 2055 1267 2091 cipem
1292 2073 1300 2080 .
1328 2050 1369 2084 Et
1394 2050 1437 2084 de
1463 2050 1656 2086 Commodo
1683 2053 1882 2096 Imperatore
1902 2077 1913 2093 ,
1937 2053 2061 2087 multos

1176 2110 1229 2142 per
1253 2099 1449 2133 calumniam
1473 2101 1656 2136 trucidante
1670 2126 1680 2142 ,
1708 2101 1817 2136 scribit
1835 2103 1949 2137 AElius
1964 2103 2063 2137 Lam-

1175 2148 1318 2190 pridius:
1345 2153 1398 2181 His
1413 2173 1423 2187 ‚
1449 2151 1558 2190 quibus
1582 2154 1685 2184 deerat
1701 2152 1780 2193 falfi
1800 2158 1932 2186 criminis
1957 2152 2062 2195 oppost‘-
2081 2159 2188 2196 Cap.5.

1177 2202 1238 2234 tio,
1265 2196 1454 2235 objiciebatur
1475 2198 1555 2238 quod
1564 2198 1690 2240 scribere
1702 2202 1857 2240 voluiffent
1868 2204 2062 2236 Commodum

1175 2244 1324 2277 haeredem
1335 2269 1343 2276 .
1378 2245 1422 2277 Et
1434 2245 1546 2285 utique
1561 2257 1629 2279 non
1644 2247 1829 2289 scripfiffent
1840 2273 1847 2280 .
1876 2249 1927 2282 Ex
1939 2249 2061 2292 quibus

1177 2293 1277 2333 liquet
1298 2291 1521 2326 institutiones
1546 2292 1619 2327 istas
1643 2295 1737 2330 fuisse
1749 2296 1890 2330 omnino
1913 2297 2060 2334 adulato-

1175 2341 1235 2375 rias
1249 2351 1345 2384 atque
1367 2351 1513 2377 extortas
1528 2368 1536 2376 .

1224 2391 1267 2424 Et
1281 2390 1358 2426 hinc
1377 2393 1411 2425 in
1423 2393 1598 2427 Octaviani
1624 2392 1767 2440 Augusti
1792 2396 1923 2431 laudem
1949 2399 2058 2434 scribit:

1177 2442 1352 2476 Svetonius
1375 2455 1386 2475 :
1407 2444 1563 2485 ,Quamvis
1588 2447 1709 2480 minime
1731 2454 1885 2488 appeteret
1896 2447 2057 2482 haeredtta-

1172 2500 1218 2524 tes
2078 2472 2138 2503 Lib.
2150 2486 2173 2504 2..
2185 2486 2211 2506 c.

1240 2517 1249 2531 ,
1277 2499 1308 2523 ut
1329 2497 1379 2533 qui
1400 2502 1553 2534 nunquam
1575 2505 1614 2527 ex
1639 2500 1731 2539 ignoti
1756 2497 1929 2537 testamento
1951 2508 2055 2542 capere
2077 2517 2127 2544 66.

1172 2543 1337 2583 quidquam
1351 2539 1521 2583 sustinuerit
1537 2568 1548 2583 ,
1574 2544 1735 2578 amicorum
1744 2554 1845 2580 tamen
1855 2546 1999 2590 suprema
2001 2552 2054 2590 ju-

1171 2593 1249 2624 dicia
1270 2589 1436 2632 morofiffime
1453 2591 1634 2635 penfitavit,
1666 2607 1759 2638 neque
1786 2599 1878 2630 dolore
1898 2600 2056 2638 diffimula-

1172 2650 1201 2674 to
1214 2663 1223 2679 ‚
1241 2640 1271 2682 fi
1285 2642 1404 2683 parcius
1420 2666 1431 2682 ‚
1458 2652 1510 2675 aut
1532 2648 1609 2676 citra
1630 2644 1765 2679 bonorem
1790 2647 1945 2681 verborum
1969 2674 1979 2689 ,
2005 2661 2056 2683 ne-

1170 2703 1226 2733 que
1243 2692 1352 2734 gaudio
1371 2716 1381 2732 ,
1400 2690 1522 2735 figrate'
1543 2699 1650 2735 pleque
1672 2700 1738 2736 quir
1758 2694 2054 2741 seprosecutusfuis-

1166 2740 1213 2783 set
1228 2765 1236 2772 .
1263 2743 1375 2784 Legata
1388 2744 1441 2775 vel
1446 2750 1550 2783 partes
1562 2743 1774 2776 baerea'itatum
1799 2747 1819 2777 ᾶ
1832 2744 2053 2789 quibuscumque

1174 2791 1351 2825 Parentibus
1372 2791 1477 2824 relecta
1485 2791 1539 2832 sibi
1550 2816 1561 2832 ‚
1586 2802 1640 2826 aut
1645 2792 1750 2832 statim
1770 2794 1870 2828 liberis
1882 2798 2053 2838 concedere»,

1171 2849 1224 2873 aut
1230 2840 1260 2883 fi
1262 2842 1407 2884 pupillari
1420 2849 1509 2875 aetate
1528 2842 1617 2884 efflent
1628 2867 1639 2883 ,
1664 2844 1713 2879 die
1724 2845 1821 2879 virilis
1844 2854 1920 2888 togae
1941 2847 1992 2879 vel
2000 2858 2055 2879 nu-

1166 2895 1300 2932 ptiarum
1325 2916 1336 2932 ,
1374 2902 1439 2924 cum
1463 2897 1639 2926 incremento
1663 2892 1809 2933 restituere
1842 2893 2049 2938 consueverat·

1170 2940 1212 2974 Et
1232 2941 1266 2974 in
1289 2944 1410 2975 testum
1423 2940 1530 2976 adhuc
1553 2943 1678 2986 agentis
1691 2944 1878 2978 Domitiani
1900 2940 2052 2984 laudema'

1168 2990 1295 3025 Relidas
1302 2989 1357 3033 fibi
1369 2991 1551 3032 hereditates
1565 2993 1654 3025 abiis
1665 3016 1675 3031 ‚
1702 2993 1810 3035 quibus
1829 2993 1916 3028 liberi
1937 3005 2026 3029 erant
2039 3019 2052 3037 ,
2096 3032 2101 3037 ,

1169 3052 1225 3073 non
1245 3046 1352 3083 recepit
1373 3065 1381 3073 .
1415 3041 1526 3076 Etiam
1550 3041 1725 3078 Tiberium
1754 3043 1987 3086 Imperatorem
2015 3046 2051 3080 in
2074 3033 2121 3062 Lib
2144 3045 2188 3063 η·

1172 3089 1354 3125 Annalium
1374 3090 1464 3126 libris
1475 3091 1586 3126 laudat
1596 3092 1769 3127 Cornelius
1789 3093 1946 3129 Tacitus:
1979 3100 2049 3129 Hae-
2070 3081 2173 3142 ῗῑέἰ,

1171 3141 1327 3174 reditatem
1339 3140 1514 3183 cujusquam
1536 3153 1592 3174 non
1613 3144 1692 3175 adlit
1715 3167 1726 3183 ,
1753 3142 1810 3184 nist*
1823 3155 1888 3178 cum
1912 3150 2046 3185 amicitia
2069 3160 2094 3180 c.
2116 3135 2161 3187 48.

1168 3190 1310 3234 meruiffet
1323 3215 1331 3223 .
1359 3194 1476 3233 Ignotos
1492 3215 1504 3232 ‚
1531 3193 1644 3226 &alus
1670 3192 1822 3236 infensos,
1848 3206 1934 3236 eoque
1959 3197 2051 3227 Prin-

1170 3245 1262 3280 cipem
1272 3248 1474 3282 nuncupantes
1486 3264 1497 3280 ,
1507 3242 1608 3282 procul
1617 3242 1736 3281 arcebat
1749 3266 1757 3275 .
1785 3243 1934 3291 Qidam
1944 3244 2048 3286 enim,

1169 3299 1209 3323 ne
1222 3288 1307 3324 bona
1319 3291 1373 3325 sua
1383 3289 1425 3324 ad
1437 3291 1521 3325 male
1533 3290 1590 3325 fibi
1611 3292 1695 3327 visos
1708 3291 1843 3327 haeredes
1854 3294 2022 3328 transirent
2035 3317 2047 3333 ‚

1169 3338 1377 3374 instituebant
1387 3341 1575 3384 Principem
1595 3364 1606 3382 ,
1618 3343 1775 3385 sperantes
1785 3341 1826 3378 de
1835 3341 1930 3386 hujus
1940 3344 2047 3377 adver-

1169 3388 1240 3422 sum
1263 3388 1339 3421 istos
1359 3391 1524 3432 potentia.
1552 3391 1596 3425 Et
1619 3393 1660 3426 de
1672 3391 1822 3428 Adriano
1851 3395 2046 3436 Imperatore

1170 3437 1278 3474 scribit
1298 3437 1411 3475 AElius
1421 3441 1784 3484 spartianus:1gnotorum
1794 3442 1984 3478 haereditatts
1995 3451 2043 3491 res
2064 3426 2137 3463 cm
2169 3436 2213 3461 ’ς’

1559 3490 1593 3522 D
1643 3500 1666 3524 ι
1886 3490 1993 3533 pudia-
