2366 3756
363 162 427 206 24
740 140 1195 186 VICTORIS
1266 149 1654 180 SECUNDI

292 242 370 275 pum
382 255 393 271 ,
418 229 535 271 dequo
559 225 707 259 laudatus
721 221 888 259 Arnoldus
900 234 910 252 .·
936 217 1171 262 Inconseeratio-
1229 219 1355 252 eandem
1387 217 1544 260 Ecclesiam
1562 215 1748 260 suspendat,
1773 222 1808 254 ἀν
1821 219 1862 262 fic
1875 218 2052 253 parochiani
2059 227 2114 262 per

293 282 381 314 nibus
408 276 598 318 Ecclefiarum
620 280 718 320 magis
743 283 839 307 omnes
850 273 886 303 de
902 274 1034 310 proprus
1044 266 1171 311 sumpti·
1230 276 1349 302 tantum
1365 274 1481 312 tempus
1504 270 1524 302 ἃ
1537 269 1622 311 Missa
1645 269 1679 301 (2⁴¹
1691 272 1769 300 omni
1791 272 1986 304 sacramemto
1998 268 2112 313 fintsu-
2128 258 2158 286 L·
2177 264 2202 293 3·
2216 298 2247 325 8⁴

293 330 366 370 bus,
393 332 584 363 &curatione
605 325 930 366 studebatprocurare,
956 328 1047 361 quam
1054 316 1113 362 sua
1119 320 1172 360 ju·
1230 315 1345 361 spensi‚
1370 317 1410 358 est
1428 319 1655 352 simoniacus&
1666 321 1852 352 Haereticus.
1877 319 2018 356 Videtur
2028 319 2112 354 mihi
2129 301 2163 328 A.
2179 303 2209 332 13
2236 313 2263 324 -.

294 382 445 414 funditate
458 378 528 409 alios
540 375 703 417 importune
719 379 874 413 gravare.
904 368 994 402 lnter
1005 367 1171 412 primaevos
1233 369 1288 402 hic
1314 368 1491 413 articulus,
1517 368 1686 413 siquidem
1710 367 1867 414 loquatur
1895 369 1935 404 de
1947 370 2024 405 solis
2033 381 2113 415 opu·

295 430 431 473 Joannis
455 426 597 460 Wicleffi
619 419 797 462 discipulos
810 418 872 452 fuit
885 418 1027 461 Joannes
1038 419 1078 452 de
1092 419 1171 452 Pur·
1233 418 1331 467 lentis
1352 427 1408 452 aut
1429 418 1561 453 idoneis
1572 417 1741 462 Episcopis
1754 443 1765 459 ,
1792 431 1862 453 non
1883 429 1987 455 carere
2000 421 2115 456 funda-

294 491 381 523 neye
398 503 408 519 ‚
435 476 522 517 cujus
549 471 636 505 hunc
653 469 754 504 etiam
777 467 951 503 articulum
973 470 1068 503 refert
1079 469 1172 503 Hen—
1235 471 1347 505 mento
1358 493 1366 500 .
1394 468 1439 502 Et
1451 468 1536 503 certe
1547 467 1637 512 quod
1650 467 1740 503 Cleri
1752 469 1934 504 deformata
1945 493 1956 508 ,
1977 481 2031 513 per
2043 481 2114 504 ava-

295 531 380 564 ricus
402 522 622 568 Cnyghtonus
651 533 658 552 :
686 518 855 563 Episcopus
882 519 983 552 nolens
1010 517 1172 561 consecrare
1236 518 1344 552 titiam
1357 515 1546 561 praesertim,
1571 516 1746 562 disciplina
1766 518 2017 563 Albigenfibus,
2043 521 2115 554 Wi-

297 575 452 618 Ecclesiam
461 572 665 616 Pauperrlmae
678 569 832 602 Pawshlae
845 566 950 610 absque
965 570 1172 613 quadraginta
1188 580 1190 606 ὲ
1236 568 1378 603 cleffistis
1391 570 1511 612 (prout
1532 569 1565 603 &
1576 566 1775 603 Lutheranis
1786 570 1799 611 )
1811 568 1936 613 aliquid
1957 569 2039 603 ansae
2059 569 2113 604 de-

290 626 399 671 solidir
414 650 424 665 ‚
450 625 499 657 ubi
510 632 572 656 tota
584 619 728 654 Par-achia
757 630 813 652 non
831 617 937 662 sufficit
944 617 1079 662 solvere,
1106 614 1177 660 &fi
1189 627 1190 630 ’
1238 619 1321 653 derit
1346 643 1358 659 ,
1380 618 1514 653 eruditis
1534 618 1577 653 ad
1602 618 1793 663 Eugenium
1819 630 1970 664 quartum
1997 619 2112 654 litteris

295 677 499 721 quadraginta
512 676 629 706 denarii
635 670 784 718 sufficiant
793 693 804 711 ,
821 677 877 711 per
888 670 1096 714 quadraginta
1106 670 1171 703 dies
1188 633 1193 712 i
1236 667 1469 705 demonstravit
1481 668 1632 716 Julianus
1641 668 1832 707 Cardinalis
1845 669 2038 705 Caesarinus.
2071 698 2107 702 ...-

2068 709 2113 718 a...

526 886 600 969 C
716 886 801 972 A&
919 887 1038 968 hs
1132 891 1222 973 C>
1338 892 1438 976 Ns
1607 892 1768 982 IvR

363 1078 475 1124 Tem
510 1073 679 1139 placuit
732 1088 782 1123 ut
819 1074 961 1123 nullus
999 1075 1203 1126 Clericus
1251 1078 1322 1125 vel
1356 1080 1601 1131 Monachus
1636 1115 1649 1141 ‚
1700 1080 1776 1130 vel
1810 1081 1918 1130 alius
1953 1081 2113 1147 aliquis

298 1079 356 1212 Ι
392 1162 470 1211 pro
505 1146 567 1190 eis
604 1141 910 1211 Episcopaturn
947 1181 961 1204 ‚
996 1147 1064 1194 vel
1100 1146 1341 1195 Abbatiam
1375 1185 1388 1209 ‚
1432 1150 1503 1198 vel
1539 1149 1896 1218 Presbyteratum
1931 1168 2113 1205 emere„

293 1213 514 1284 praesumat
546 1252 563 1262 .
613 1212 697 1263 Sed
732 1232 880 1281 neque
918 1220 1080 1265 Comes
1115 1254 1128 1278 ,
1175 1218 1248 1267 vel
1284 1220 1369 1268 alia
1403 1221 1492 1269 ulla
1527 1220 1718 1270 Potestas
1762 1219 1914 1271 eadem
1947 1220 2112 1271 vende-
2178 1231 2180 1242 '

293 1305 339 1336 re
375 1322 387 1345 ‚
423 1299 498 1332 aut
534 1286 728 1351 pretium
764 1303 846 1352 pro
883 1288 947 1334 eis
983 1289 1186 1355 accipere
1222 1288 1381 1341 audeat
1413 1327 1426 1338 .
1483 1290 1620 1362 Qod
1654 1291 1686 1340 fi
1720 1294 1819 1359 quis
1854 1293 1940 1340 hoc
1975 1288 2112 1340 trans-

292 1353 447 1419 greffus
496 1351 628 1406 fuerit
662 1391 676 1418 ‚
723 1355 802 1405 nifi
836 1355 1058 1426 refipuerit
1092 1393 1106 1418 ,
1154 1362 1198 1408 &
1231 1357 1365 1424 digne
1410 1359 1668 1412 satisfecerit
1701 1398 1715 1424 ‚
1765 1363 2112 1417 communione„

293 1429 505 1495 privetur.
2078 1425 2122 1446 ”¹

122 1992 209 2034 Epist.
237 2004 277 2024 ιο.

476 1573 985 1618 ὃεΗοιΙοΝ.

295 1717 417 1804 DE
427 1718 537 1755 Laicis
550 1719 762 1764 Principibus
774 1717 989 1752 Ecclesiarum
1003 1714 1177 1752 Antistites

414 1772 585 1806 nominare
597 1769 837 1805 attentantibus
848 1767 928 1802 reste
949 1766 989 1801 ad
1001 1767 1176 1802 Guilielrni

294 1822 425 1855 secundi
453 1822 640 1855 Siculorum
666 1820 768 1863 Regis
808 1818 1026 1861 Capellanum
1060 1817 1178 1860 scripsit

294 1869 406 1904 Petrus
417 1871 569 1905 Blesensis
584 1883 595 1902 .-
624 1873 861 1912 Peremptorium
884 1867 966 1908 estin
979 1872 1118 1908 Principe
1131 1867 1180 1900 vel

294 1931 402 1953 auram
416 1922 543 1954 adorare
553 1931 705 1954 munerum
719 1944 730 1960 ,
756 1920 806 1953 vel
813 1917 956 1960 favorem
969 1929 1104 1960 quaerere
1110 1925 1177 1959 per-

292 1969 431 2014 sonarum
445 1996 452 2003 .
481 1971 633 2004 Affirmat
659 1970 708 2002 vel
731 1969 777 2003 ob
800 1980 918 2002 munus
940 1970 958 2002 a
979 1979 1100 2009 manu,
1128 1967 1178 2001 vel

296 2020 343 2053 ob
352 2031 471 2052 munus
485 2021 525 2053 ab
537 2019 695 2063 obsequio
708 2019 819 2063 paffim
843 2019 991 2053 attentari
1006 2019 1098 2052 istam
1113 2018 1178 2051 vio-

297 2070 434 2102 lentiam
451 2093 458 2097 .
485 2068 540 2100 Est
553 2070 643 2103 enim
665 2069 811 2104 Simonia
825 2067 1081 2113 Neophytorum
1095 2093 1105 2108 ,
1127 2068 1179 2101 seu

298 2117 498 2161 Neophytos
516 2117 617 2150 etiam
628 2120 775 2153 exaltans
798 2118 915 2152 haerefis
927 2144 937 2160 ,
963 2131 1061 2163 quam
1073 2117 1091 2151 ὲ
1103 2118 1179 2151 Gal-

297 2170 342 2202 lia
365 2167 489 2211 ejecisse
509 2167 660 2200 laudatur
683 2170 829 2210 Magnus
855 2169 1052 2210 Gregorius.
1082 2168 1179 2201 Circa

296 2218 365 2251 haec
387 2227 535 2258 tempora
558 2214 642 2248 adeo
667 2217 802 2259 grassata
827 2215 890 2248 fuit
916 2227 970 2257 per
993 2217 1177 2258 Europam,

300 2279 339 2301 ut
361 2264 562 2308 Burgundiae
573 2264 682 2304 Reges
705 2274 745 2294 ex
758 2262 889 2302 leproso
901 2262 963 2293 isso
974 2263 1092 2303 quaestu
1103 2274 1179 2302 qua-

297 2318 321 2350 fi
345 2315 498 2349 victitasse
522 2309 638 2344 scribat
663 2308 834 2354 Ditmarus
864 2308 1041 2351 Episcopus
1060 2308 1179 2342 Merse-

300 2365 464 2409 burgenfis
479 2386 486 2393 .
514 2360 583 2403 lpsa
598 2360 776 2392 infatuatus
788 2358 871 2391 adeo
883 2359 985 2391 fuerat
1001 2360 1178 2401 Imperator

299 2411 490 2450 conrardus
514 2410 659 2449 salicus,
685 2420 721 2442 ut
745 2408 830 2442 filius
854 2408 1078 2447 &succeff0r‚
1106 2420 1178 2451 prae-

303 2465 401 2499 sentis
413 2459 540 2506 Synodi
552 2469 697 2503 tempore
709 2470 846 2503 regnans
855 2481 865 2496 ‚
891 2458 1058 2492 Henricus
1068 2459 1179 2492 tertius

302 2516 359 2559 ipsi
370 2513 489 2547 exinde
500 2510 643 2545 timuerit
660 2510 886 2552 sempiternam
909 2508 1156 2543 damnationem
1171 2533 1181 2548 ‚

303 2566 444 2606 ideoque
465 2562 499 2595 ὃς
514 2562 554 2595 de
566 2562 620 2594 sua
632 2559 742 2593 anima
754 2559 873 2592 anxius
892 2558 1048 2593 studuerit
1061 2558 1179 2600 pestem

300 2615 483 2651 eradicare.
510 2612 553 2645 Et
563 2620 677 2644 omnes
700 2609 747 2642 illi
768 2609 942 2651 Episcopi,
969 2620 1050 2652 quos
1069 2609 1103 2641 in
1118 2609 1180 2642 Re-

305 2666 404 2700 menfi
432 2665 502 2697 Leo
514 2661 572 2695 IX.
593 2673 631 2694 ac
649 2660 680 2693 in
695 2658 903 2702 Lugdunenfi
923 2659 1060 2702 Synodo
1071 2658 1181 2703 degra-

303 2716 397 2750 davit
418 2710 667 2747 Hildebrandus
689 2709 914 2743 Subdiaconus
929 2734 940 2750 ,
968 2708 1009 2743 ab
1031 2709 1179 2742 Henrico

307 2766 507 2800 Francorum
531 2761 624 2803 Rege
637 2760 867 2802 Episcopatutn
879 2768 1024 2793 emerant
1037 2784 1048 2799 ‚
1074 2769 1130 2791 aut
1140 2758 1180 2793 ab

306 2814 378 2856 ejus
391 2822 512 2856 patrem
534 2809 683 2843 Roberto
696 2833 704 2840 .
733 2808 817 2854 Quis
829 2808 890 2843 isto
901 2810 1019 2843 saeculo
1029 2808 1180 2852 Princeps

309 2864 448 2898 san-{tior
468 2859 650 2893 Godefrido
675 2857 899 2903 Lotharingiae
912 2860 1004 2893 Duce
1021 2884 1031 2900 ,
1057 2860 1111 2903 qui
1124 2872 1180 2902 pro

311 2913 439 2947 Divino
452 2911 575 2944 honore
587 2910 672 2943 avita
694 2909 891 2952 patrimonia
906 2910 1053 2943 vendidit
1066 2933 1076 2949 ‚
1104 2911 1182 2943 exiit

312 2963 480 2999 exulatum
502 2973 579 2996 cum
590 2961 689 2995 electa
711 2957 883 2996 nobilitate
894 2961 1010 2996 Galliae
1021 2985 1032 3002 ‚
1057 2960 1091 2994 δε
1108 2960 1188 2994 Ter-

1237 1579 1306 1603 ram
1326 1568 1466 1603 sanstam
1479 1579 1518 1603 ac
1541 1579 1676 1603 omnem
1695 1566 1760 1603 fere
1781 1568 1954 1604 Orientem
1976 1565 2111 1603 Christo

1240 1618 1400 1653 restituit?
1429 1619 1472 1653 Et
1483 1629 1593 1653 tamen
1618 1618 1659 1653 de
1670 1619 1740 1662 ipso
1761 1620 1919 1654 scribitin
1932 1618 2114 1654 suiCoeno·

1238 1669 1283 1703 bii
1299 1667 1472 1704 Chronico
1495 1668 1693 1713 Rudolphus
1716 1668 1828 1703 Abbas
1851 1670 1959 1704 Sansti
1980 1666 2113 1703 Trudo-

1235 1767 1382 1810 profeHus
1396 1768 1454 1810 est,
1479 1777 1572 1803 totam
1583 1769 1743 1803 Abbatiam
1765 1770 1890 1808 nostram
1897 1765 1951 1810 suo
1960 1775 2112 1811 mancipat

1233 1817 1374 1862 servitio.
1403 1818 1512 1853 Addit
1536 1819 1625 1864 quod
1648 1818 1806 1854 nobiliter
1830 1818 2115 1865 natumquidem1

1239 1868 1291 1903 sed
1318 1879 1373 1912 per
1394 1870 1507 1904 omnia
1529 1870 1676 1914 ineptum
1702 1869 1910 1904 Monachum
1933 1867 2110 1903 Herimnn—

1240 1929 1318 1952 num
1346 1920 1526 1954 nominarit
1550 1919 1584 1953 in
1614 1919 1778 1954 Abbatem
1799 1945 1810 1960 ‚
1838 1921 1870 1953 δι
1890 1919 2118 1962 prosequitute·

1239 1973 1365 2003 Fratres
1386 1969 1628 2011 vehementiffimae!
1653 1970 1874 2010 reclamabant,
1898 1977 1961 2002 tum
1982 1973 2054 2010 quia
2071 1963 2117 2002 ad

1239 2020 1327 2053 talem
1336 2031 1437 2053 curam
1447 2033 1514 2054 eum
1525 2021 1658 2054 inutilem
1672 2023 1788 2054 omnine
1800 2019 1933 2063 sciebant
1947 2042 1958 2059 ‚
1969 2025 2032 2052 tum
2042 2023 2114 2060 quia

1240 2069 1408 2104 metuebant
1427 2072 1464 2104 de
1487 2071 1624 2114 promiffa
1636 2071 1674 2103 ab
1686 2082 1716 2104 eo
1726 2074 1802 2104 Daci
1821 2074 1945 2112 pecunia
1955 2078 2047 2102 totam
2058 2079 2113 2101 va-

1260 2122 1375 2154 andam
1398 2119 1577 2155 abbatiam.
1607 2120 1679 2155 Nec
1692 2121 1754 2155 fuit
1776 2132 1878 2155 vanus
1889 2120 2009 2154 timor.
2037 2118 2115 2152 Pro-

1239 2171 1336 2204 miffae
1353 2172 1443 2204 enim
1466 2171 1608 2214 pecuniae
1620 2172 1727 2205 secuta
1739 2170 1860 2205 solutio
1874 2168 2052 2204 Abbatiam
2061 2178 2116 2202 ex-

1241 2219 1364 2259 haufit,
1391 2220 1562 2265 &redegit
1585 2220 1626 2253 ad
1647 2221 1742 2262 panis
1763 2221 1910 2261 inopiam
1934 2229 1974 2252 ιε
1993 2218 2116 2251 findam

1239 2268 1485 2298 mendicitatem
1501 2291 1508 2297 .
1535 2269 1665 2308 Nempe
1689 2268 1891 2302 Godefridus
1913 2263 1980 2299 haec
1998 2264 2118 2299 didice-

1240 2323 1284 2345 rat
1297 2313 1315 2344 ὲ
1328 2312 1386 2344 suo
1398 2313 1561 2345 avunculo
1583 2314 1616 2345 ὅ(
1627 2316 1824 2346 antecessore
1835 2312 2017 2346 Godefrido
2028 2337 2040 2352 ,
2065 2324 2118 2346 cu-

1240 2362 1289 2403 jus
1310 2359 1480 2403 Capellani
1504 2362 1538 2394 in
1563 2360 1794 2394 Ecclefiasticis
1806 2360 1985 2394 Praelaturis
2006 2361 2119 2395 distin-

1240 2409 1385 2454 guebant
1398 2411 1571 2453 spiritualis
1582 2409 1750 2453 potestatis
1772 2410 1936 2445 &divinae
1955 2412 2120 2445 consecra-

1242 2459 1342 2494 tionis
1364 2461 1510 2494 officium
1532 2460 1789 2504 &temporalium
1812 2470 2031 2503 proventuum
2047 2460 2118 2503 jure

1243 2522 1280 2544 ac
1308 2509 1467 2544 beneficio
1491 2522 1498 2542 ε
1525 2510 1613 2544 Istud
1638 2510 1744 2544 solum
1766 2511 1829 2544 effe
1853 2510 2008 2544 Simoniae
2027 2509 2118 2553 obje-

1243 2562 1327 2594 &um
1355 2558 1570 2603 praedicabant
1593 2559 1743 2603 publice,
1771 2560 1910 2604 ideoque
1924 2559 2116 2594 hocaPrin-

1244 2610 1370 2653 cipibus
1381 2611 1448 2644 fine
1470 2611 1621 2653 scrupulo
1635 2612 1723 2654 poffe
1745 2611 1859 2644 vendi.
1888 2610 2044 2655 Pagenses
2055 2611 2116 2644 Ec-

1246 2661 1342 2694 clefiae
1362 2660 1545 2694 Domicelli
1577 2659 1714 2694 Patroni
1735 2660 1853 2695 eodem
1880 2660 1982 2695 modo
2006 2662 2118 2695 tracta-

1245 2710 1324 2744 bant
1337 2735 1344 2742 .
1372 2710 1418 2744 Et
1431 2709 1529 2745 hosce
1554 2722 1675 2745 errores
1695 2711 1729 2745 &
1743 2710 1851 2746 sordes
1861 2710 1989 2755 praesens
2000 2710 2118 2744 Canon

1245 2759 1380 2794 damnat
1401 2771 1438 2794 ac
1463 2760 1649 2804 proscribit.
1676 2760 1776 2795 Reste
1797 2759 1908 2795 addit:
1937 2762 1991 2794 Vel
2007 2760 2118 2803 aliquis

1245 2812 1321 2843 alius
1329 2818 1387 2852 pro
1397 2816 1441 2844 eis
1453 2836 1460 2842 .
1489 2811 1591 2857 Qod
1603 2810 1693 2846 enim
1704 2811 1803 2846 etiam
1815 2809 2007 2846 mediatores
2018 2810 2120 2846 Simo·

1248 2861 1336 2894 niam
1357 2859 1568 2895 committant
1592 2884 1603 2902 ,
1628 2860 1663 2894 δε
1687 2860 1853 2896 incurrant
1877 2871 1991 2896 omnes
2014 2861 2120 2896 Simo-

1248 2910 1419 2945 niacorum
1443 2922 1551 2956 poenas
1564 2935 1577 2954 ‚
1602 2911 1691 2947 lucet
1715 2922 1757 2946 ex
1780 2912 1921 2948 Canone
1943 2909 2120 2947 Chalcedo-

1246 2961 1352 2995 nenfi.

835 3111 1605 3231 QQQQQQQQQQ

837 3207 1608 3310 aeueueueue

1905 3461 2077 3499 CANON

1239 1718 1287 1752 nis
1310 1731 1322 1752 .·
1355 1721 1427 1753 Dux
1455 1719 1670 1761 Godefridus,‚
1696 1726 1751 1762 qui
1767 1719 1867 1762 postea}
1889 1717 2112 1761 Hierosolymam
2130 1727 2158 1758 L,
2175 1735 2201 1762 ς.
