2366 3756
194 661 256 693 Lib.
276 675 301 693 ι.

193 711 274 741 capg
283 715 295 732 2
302 724 309 732 .

180 1045 239 1078 Lib
271 1058 316 1082 70-
354 1063 555 1089 mentatur:

348 1111 439 1145 ptum
459 1117 495 1140 ea
516 1114 610 1142 aetate
623 1107 714 1152 fuisse
724 1109 954 1151 appellationem
976 1110 998 1141 ἆ
1010 1115 1118 1142 minori
1129 1111 1236 1148 synodo

351 1156 401 1188 ad
416 1158 580 1198 majorem,
605 1168 700 1200 neque
722 1160 743 1190 a
764 1160 950 1192 Provinciali
972 1160 1017 1191 ad
1040 1159 1234 1191 Patriarcba-

350 1204 424 1238 lem.
456 1210 544 1239 Nam
555 1207 716 1240 Concilium
728 1207 938 1241 Antiochenam
948 1232 959 1248 ,
985 1208 1066 1249 quod
1075 1209 1233 1242 novemde-

351 1259 410 1287 eim
434 1257 506 1289 ante
529 1261 619 1289 annis
640 1258 786 1290 colleaum
797 1257 906 1297 fuerat
927 1280 939 1296 ,
965 1267 1056 1299 quam
1079 1259 1231 1292 Seleucien·

344 1301 377 1345 se
398 1303 576 1345 baberetur,
604 1315 662 1337 non
681 1304 831 1339 tribuebat
851 1305 1030 1349 facultatem
1057 1309 1231 1349 appellandi

347 1353 388 1385 ab
405 1365 466 1386 una
487 1355 593 1393 synodo
616 1356 662 1388 ad
680 1356 776 1388 aliam
789 1381 796 1388 .
822 1359 915 1389 Unica
927 1362 955 1389 ei
976 1368 1060 1390 mens
1074 1356 1143 1399 fuit
1150 1366 1230 1400 prae·

179 1094 241 1124 cap
264 1099 292 1119 ι.

443 128 537 174 322

746 105 1145 171 &Gur-:couti
1182 110 1810 173 stpr1M1l'oNrtf1cls

733 322 803 405 E
805 320 1184 404 lucidentur
1260 323 1399 404 alia
1455 277 1822 435 Exempla.

462 529 495 589 'E
521 553 652 598 Cyrillo
677 555 918 600 Hierosolymae
949 556 1114 602 Episcopo
1138 584 1150 600 ,

1191 569 1248 602 per
1305 568 1372 590 rare
1383 556 1488 600 stude,
1508 557 1540 602 fi
1555 566 1656 595 tamen
1691 562 1822 595 valueris
1845 559 2004 600 nostrorum
2021 561 2184 597 mnibus

488 603 650 640 Acacium
684 606 826 642 Luscum
864 607 958 642 suum
976 608 1244 653 .Metropolitam
1306 609 1464 642 vulnerum
1486 611 1633 645 adducere
1651 616 1800 645 cicatrices
1812 636 1819 644 .
1846 614 1932 645 Nam
1944 609 1976 654 fi
1992 611 2055 655 ipse
2075 623 2185 655 quoque

365 655 598 690 caesareensem
619 655 778 692 damnato
792 680 803 697 ‚
828 657 941 692 scribit
965 658 1129 694 Socrates:
1157 661 1245 698 cyrri-

363 704 504 746 Iusfimul
526 714 617 749 atque
635 707 672 739 de
688 708 789 751 gradu
806 708 873 751 effet
897 709 1050 750 affectus,
1075 710 1245 750 appellatio-

1307 670 1359 690 nos
1373 657 1519 702 despicis,
1537 662 1634 702 Juxta
1656 659 1818 705 Episcopos
1840 663 1987 704 reliquos,
2012 661 2098 695 nibil
2114 664 2186 704 jam

1301 706 1430 750 superest
1455 708 1537 742 nobis
1556 733 1567 750 ,
1592 710 1649 753 nisi
1668 720 1702 745 ut
1722 711 1852 754 profem
1877 712 1922 744 ad
1944 715 2159 753 Imperatorem
2172 735 2185 753 ,

362 758 413 786 nis
432 755 529 789 libello
546 756 591 789 ad
597 767 662 795 eos,
687 762 739 800 qui
758 756 856 800 ipsum
877 759 1045 799 deiecerant
1058 783 1067 798 ‚
1094 759 1173 802 ΜΨ
1202 761 1247 792 ad
1305 756 1391 800 ipfius
1417 767 1507 801 opera
1527 761 1646 803 pefflma
1669 763 1714 794 ad
1733 763 1878 803 injuriam
1903 759 2035 803 Ecclefiae
2058 759 2186 804 publice·

360 807 490 846 majores
496 809 531 851 J
532 807 633 840 udices
640 813 821 849 provocavit
833 833 840 839 .
867 812 925 840 Cui
935 810 1056 850 quidem
1075 809 1240 851 appellatio-

363 859 396 885 ni
420 855 611 896 Constantius
630 861 793 899 Imperator
811 857 850 898 est
866 856 1067 902 suffragatus.
1100 864 1196 902 Atque
1220 862 1241 892 ἂ

359 904 532 948 Cyrillosolo
557 908 592 941 ὁ·
602 912 723 948 primo,
747 908 872 949 perinde
896 919 932 943 ac
933 907 966 949 fi
970 920 1020 943 res
1035 911 1123 950 apud
1137 913 1240 942 Laicos

349 956 383 999 J
385 957 484 990 udices
493 965 647 1000 ageretur,
672 966 776 991 contra
788 961 920 991 Cononis
934 958 1119 1000 Ecclest‘astici
1129 958 1237 1003 consue·

355 1006 490 1040 tudinem
498 1006 538 1047 est
552 1015 766 1049 provmtum
792 1009 836 1042 D.
859 1007 1135 1054 Archiepiscopus
1151 1020 1238 1044 com-

592 1058 676 1091 Unde
694 1058 826 1104 colligere
839 1059 989 1103 possumus
1009 1061 1143 1092 nondum
1165 1071 1238 1093 rece-

337 1400 470 1445 ·ftribere
481 1425 492 1442 ,
517 1406 709 1446 quandonam
722 1404 841 1447 depofi‘to
850 1404 995 1448 Episcopo
1007 1408 1101 1440 liceret
1116 1410 1231 1442 Princi-

341 1458 396 1494 pis
417 1451 601 1496 Rescriptum
626 1456 672 1488 ad
691 1456 790 1496 majus
813 1458 976 1491 Concilium
998 1463 1164 1499 impetrare
1186 1459 1232 1491 ad

345 1502 537 1536 obtinendam
557 1504 730 1546 rovifionem
757 1530 768 1546 ‚
794 1517 863 1547 quae
877 1513 994 1548 primos
1017 1509 1150 1552 Judices
1171 1519 1228 1542 non

344 1552 473 1586 vetabat
478 1552 604 1596 secundo
608 1555 722 1596 judicio
734 1556 862 1598 interesse
874 1580 882 1587 .
910 1555 1115 1589 Nihilominus
1137 1560 1230 1595 cyril-

343 1603 393 1635 lus
409 1602 584 1646 simpliciter
606 1606 778 1646 appellavit
801 1606 844 1638 ad
854 1607 952 1646 majus
965 1608 1152 1648 Concilium,
1177 1615 1230 1649 ap-

339 1653 593 1696 pellationemque
607 1653 698 1696 suam
715 1659 829 1695 primis
833 1658 866 1699 J
868 1656 1000 1687 udicibus
1013 1656 1228 1697 denunciavit,

340 1702 406 1734 cum
428 1715 490 1734 mos
513 1702 659 1743 postulare
679 1704 858 1743 videretur,
883 1713 918 1736 ut
933 1702 1119 1746 Reftriptum
1139 1708 1231 1738 Prin-

339 1757 415 1793 ripis
427 1758 602 1794 impetraret
615 1777 622 1784 .
650 1752 854 1795 Expostulatio
883 1758 986 1796 itaque
994 1755 1145 1787 adversus
1164 1766 1229 1788 eum

336 1800 425 1843 satia
441 1808 468 1834 ei
484 1803 612 1844 prorsus
617 1801 722 1844 fimilis
745 1802 782 1843 est
797 1827 807 1844 ,
834 1815 902 1846 quae
922 1805 1074 1839 adversus
1096 1816 1161 1838 eum
1177 1804 1229 1847 fie-

339 1860 389 1885 ret
400 1876 411 1891 ‚
439 1863 524 1894 quem
536 1852 723 1886 Parlamenti
734 1872 743 1878 -
754 1851 926 1895 Consultum
945 1855 1109 1897 damnasset
1121 1878 1131 1894 ,
1153 1853 1184 1895 fi
1198 1861 1225 1888 is

336 1899 448 1945 scripto
478 1911 655 1944 provocaret
693 1928 704 1944 ‚
742 1901 961 1949 judicibusque
998 1905 1226 1945 appellationem

336 1950 425 1995 suam
436 1954 626 1987 denuntiaret
638 1978 649 1995 ,
675 1959 725 1996 qui
733 1956 832 1994 potius
840 1953 897 1994 fibi
904 1962 960 1994 pro
968 1955 1084 1991 judicio
1107 1952 1224 1985 deberet

339 2007 500 2044 impetrare
510 2005 629 2037 imeras
647 2003 844 2035 Cancellariae
858 2013 935 2044 quas
947 2010 1074 2041 vocant,
1102 2003 1136 2035 Θ·
1156 2010 1223 2043 pro-

335 2051 431 2094 postea
451 2059 556 2085 erroris
577 2058 741 2094 exceptione
755 2076 762 2083 .
791 2056 830 2085 At
842 2053 967 2094 Cyrillus
990 2051 1072 2083 ultra
1090 2050 1223 2093 progres-

336 2100 390 2147 sus
411 2101 465 2141 est.
495 2107 581 2135 Nam
597 2111 713 2143 praeter
733 2105 955 2133 innovationem
976 2097 1015 2132 ab
1036 2110 1068 2133 eo
1089 2101 1223 2134 introdu-

340 2152 418 2184 biam
430 2150 616 2193 Rescriptum
635 2160 747 2192 quoque
766 2147 930 2192 Constantii
948 2149 1074 2183 obtinuit
1089 2171 1099 2188 ‚
1121 2148 1220 2193 [ει-αη-

339 2201 414 2234 dum
439 2212 571 2241 morem,
597 2211 651 2243 quo
676 2198 765 2243 causa
791 2200 892 2234 eadem
912 2197 1078 2233 retraetari
1090 2199 1173 2242 juffa
1188 2206 1221 2233 in

339 2252 467 2284 Concilio
489 2249 656 2291 Seleucienfi
679 2275 690 2290 ,
716 2252 796 2290 cujus
820 2249 995 2283 audior-itate
1020 2248 1167 2287 restitutus
1183 2249 1222 2290 est

338 2303 487 2342 cyrillus.
516 2306 602 2336 Hunc
622 2309 720 2333 autem
732 2302 858 2333 Socratis
875 2300 965 2332 locum
987 2300 1137 2340 explicare
1153 2302 1221 2342 pla-

336 2359 415 2392 cuit,
445 2352 524 2393 quod
535 2357 584 2385 vir
594 2351 792 2390 eruditiffimus
805 2351 872 2390 ejus
879 2346 999 2392 sensum
1020 2360 1076 2381 non
1087 2348 1161 2383 bene
1176 2361 1219 2384 ce-

333 2407 439 2446 perit,
465 2410 498 2434 ut
523 2411 615 2443 neque
642 2405 776 2433 Canonis
805 2396 1003 2433 antiocheni.
1041 2398 1147 2437 Notat
1172 2399 1216 2435 D.

339 2452 551 2486 Cardinalem
562 2451 773 2486 Petronium.

387 2501 587 2545 Respondeo
621 2501 689 2536 haec
720 2500 778 2535 fibi
806 2499 923 2536 mutuo
941 2512 1011 2550 non
1038 2467 1212 2536 cohaerere·

338 2552 475 2586 Etenim
497 2553 518 2585 si
541 2550 768 2586 patriarchalis
803 2562 859 2586 aut
881 2550 945 2586 alia
977 2552 1096 2596 quaevis
1117 2550 1217 2596 major

338 2602 495 2645 Synodus
522 2602 660 2637 minoris
679 2600 837 2645 judicium
859 2612 939 2635 tunc
960 2604 1125 2636 retradlare
1148 2612 1214 2636 non

337 2662 496 2696 poterat,
536 2652 707 2696 quomodo
727 2652 882 2694 Princeps
911 2652 1146 2686 retraetandum
1166 2651 1217 2685 de·

338 2703 470 2747 legabat
495 2705 507 2737 ?
545 2703 655 2738 Sacras
674 2703 763 2736 enim
785 2702 1012 2747 delegationes
1041 2701 1147 2736 sactis
1157 2701 1220 2746 Q·

337 2753 484 2786 nonibus
516 2753 677 2787 deservire
696 2750 870 2792 debuisse,
920 2752 952 2786 δε
980 2762 1050 2785 non
1083 2750 1219 2801 potuiffie

339 2802 518 2843 adversari,
546 2802 591 2836 est
613 2802 711 2836 nimis
733 2802 975 2844 exploratum(
1007 2802 1096 2840 Sacri
1122 2802 1220 2846 igitur

340 2851 495 2886 Canones
507 2852 651 2885 omnino
666 2850 918 2895 permittebant,
945 2850 1051 2885 immo
1083 2852 1116 2886 &
1134 2849 1220 2898 jube?

339 2901 550 2941 bantistam,
577 2899 657 2934 dum
682 2902 700 2934 a
721 2900 885 2935 damnatis
897 2900 1067 2944 Episcopis
1082 2901 1220 2945 postula-

340 2961 451 2992 retur,
479 2952 757 2985 retrastationem.
786 2951 830 2984 Et
843 2961 919 2993 quia
930 2950 1031 2993 ipsam
1050 2951 1219 3008 Metropo-

340 3003 423 3041 lirae,
450 3013 487 3035 ac
501 3001 670 3044 praesertim
682 2999 876 3035 Patriarchae
892 3001 1038 3044 potentia
1058 3000 1110 3033 &'
1103 3001 1219 3044 iniqui-

340 3061 389 3086 tas
413 3052 612 3095 quandoque
635 3052 847 3086 morabantur
864 3076 875 3091 ‚
901 3050 1096 3093 quandoque
1120 3052 1219 3084 etiam

339 3112 423 3145 opus
447 3102 509 3135 fuit
521 3102 648 3145 refugio
673 3102 712 3135 ad
727 3100 938 3144 Principem,
965 3112 1002 3134 ac
1025 3102 1111 3133 sacro
1123 3101 1219 3144 ipsius

341 3151 533 3194 Rescripto.
562 3150 734 3194 insigniter
747 3150 811 3185 hoc
824 3151 909 3184 lucet
919 3160 959 3183 ex
970 3151 1148 3194 longorum
1161 3152 1220 3184 fra-

341 3211 428 3235 trum
443 3225 453 3241 ,
482 3211 564 3244 quos
588 3201 733 3234 consutis
746 3200 919 3234 calumniis
936 3201 1131 3243 oppresserat
1144 3199 1219 3234 Ale-

341 3251 485 3284 xandriae
507 3248 694 3284 patriarcha
728 3249 939 3294 Theophilus
958 3273 968 3288 ,
999 3251 1036 3283 ad
1067 3252 1219 3284 Sanstum

343 3299 503 3345 Ioannem
529 3298 803 3342 Chrysostomurn
826 3300 996 3343 precibus:
1025 3303 1142 3341 Pater,
1168 3312 1218 3333 nos

343 3362 399 3385 non
413 3360 568 3394 utcumque
581 3352 752 3387 viclneratos
764 3349 918 3392 Theophili
933 3352 1025 3391 Papae
1040 3349 1162 3393 vesania
1172 3363 1220 3384 cu-

1304 820 1387 841 mus.
1418 813 1522 853 Itaque
1533 808 1564 852 fi
1584 817 1730 854 opinionis
1752 810 1952 854 Ecclffasticae
1973 810 2033 845 tibi
2040 822 2112 845 cura
2123 811 2186 853 est,

1298 857 1447 902 perficade
1458 861 1504 894 illi
1516 884 1527 901 ,
1551 869 1584 895 ut
1594 861 1675 894 nobis
1683 867 1844 905 permittat
1863 868 1895 895 in
1906 867 2039 907 AEgypto
2057 873 2184 896 remora-

1301 914 1346 941 ri.
1374 908 1486 944 Habes
1498 909 1564 946 haec
1586 912 1622 946 in
1635 911 1784 957 Dialogo
1801 911 1939 946 Palladii
1961 911 2189 955 Helenopoli-

1300 959 1368 992 tani
1385 960 1539 1004 Episcopi
1561 973 1637 995 cum
1650 961 1835 998 Theodoro
1844 961 2003 996 Diacono
2022 961 2185 997 Romanae

1301 1007 1466 1043 Ecclesiae.
1494 1011 1575 1046 Non
1600 1013 1729 1047 tantum
1751 1013 1769 1046 a
1789 1015 1848 1047 suo
1868 1009 2057 1047 patriarcha
2070 1009 2187 1046 Theo-

1299 1057 1393 1101 philo
1405 1058 1550 1094 damnati
1560 1085 1571 1102 ‚
1600 1061 1651 1095 sed
1660 1060 1789 1106 insuper
1799 1062 1821 1096 ’ὲ
1834 1062 1959 1096 ειιιιᾶἱε
1970 1061 2095 1105 ubique
2107 1060 2188 1105 Epi-

1300 1107 1422 1150 scopis,
1456 1109 1545 1142 illius
1557 1111 1740 1152 potentiam
1767 1112 1985 1147 &consuetas
2007 1110 2185 1146 violentias

1299 1156 1537 1198 metuentibus,
1563 1157 1910 1206 desertierantoptimi
1927 1159 2110 1196 Monachi:
2135 1159 2184 1195 Et

1297 1216 1406 1240 tamen
1420 1215 1596 1249 antequam
1617 1207 1658 1242 ad
1672 1208 1758 1242 sacra
1777 1211 1946 1255 Rescripta
1971 1210 2184 1255 perfugiant,

1297 1255 1409 1301 Regiae
1435 1256 1578 1291 civitatis
1604 1256 1807 1302 Episcopum
1825 1282 1836 1299 ,
1861 1260 1920 1302 qui
1945 1258 2181 1304 Theophilum

1295 1307 1409 1340 timere
1430 1318 1498 1342 non
1521 1306 1681 1348 debebat,
1708 1307 1869 1351 Joannem
1892 1309 2044 1343 censuere
2060 1317 2184 1344 tentan-

1294 1356 1395 1396 dum,
1421 1356 1691 1392 &invocandum
1702 1368 1739 1392 ut
1753 1357 1976 1394 mediatorem
2003 1358 2179 1417 Qoniam

1302 1405 1387 1441 istud
1401 1406 1582 1451 perfugium
1600 1400 1669 1443 erat
1682 1407 1854 1443 Ecclesiae'
1844 1408 1963 1451 injuria
1989 1421 2028 1444 ac
2038 1409 2184 1455 ignomi-

1293 1457 1347 1491 nia
1370 1483 1377 1489 .
1416 1457 1461 1492 Et
1487 1456 1566 1491 hinc
1594 1458 1627 1491 in
1663 1457 1834 1505 Apologia
1863 1457 1906 1494 ad
1946 1459 2185 1504 Imperatorem

1293 1506 1552 1548 Constantium,
1579 1507 1620 1542 de
1641 1509 1782 1545 occultis
1799 1521 1875 1545 cum
1895 1508 1995 1545 fratre
2021 1510 2080 1545 suo
2090 1509 2183 1544 Con·

1293 1556 1397 1591 stante
1434 1557 1735 1594 machinationibus
1771 1561 1978 1595 accusantem
2017 1583 2030 1601 ,
2068 1557 2183 1594 scribit

1292 1605 1440 1650 Magnus
1458 1607 1655 1643 Athanasius
1667 1623 1679 1643 .-
1705 1609 1863 1652 Profedus
1880 1607 1951 1652 firm
1969 1609 2181 1651 Alexandria,

1292 1666 1349 1688 non
1368 1657 1413 1688 ad
1427 1655 1520 1695 castra
1536 1657 1652 1697 fratris
1673 1665 1719 1690 tui
1756 1682 1768 1698 ,
1795 1668 1851 1692 aut
1870 1660 1967 1691 alium
1986 1663 2180 1700 quempiam,

1287 1703 1346 1746 sed·
1363 1709 1489 1737 Romam
1511 1707 1672 1739 dumtaxat
1696 1731 1708 1747 ,
1734 1718 1780 1741 me
1801 1717 1923 1750 meaque
1948 1705 2086 1748 Ecclefiae
2104 1718 2182 1741 com-

1293 1754 1495 1787 mendaturus.
1523 1752 1687 1788 Adfirmat
1698 1755 1795 1789 sesua
1807 1756 1890 1790 Sede
1901 1755 2014 1789 denuo
2023 1755 2177 1798 ejeQum,

1293 1813 1363 1836 non
1387 1801 1428 1837 ad
1442 1803 1527 1838 sacra
1539 1802 1727 1847 Rescripta,
1755 1804 1808 1838 sed
1828 1804 1869 1838 ad
1892 1804 1998 1838 solam
2012 1803 2180 1848 Apostoli-

1292 1863 1365 1886 cam
1392 1852 1507 1887 Sedem
1527 1854 1713 1896 provocasse
1738 1854 1773 1891 ἀ
1794 1853 1973 1888 acceffisse.
1999 1853 2123 1900 Purgat
2142 1856 2178 1891 se

1291 1901 1442 1935 adversus
1455 1902 1690 1936 duodecimum
1712 1904 1887 1938 Canonem
1899 1903 2153 1940 Antiochenam
2163 1929 2177 1948 ‚

1290 1961 1388 1993 quem
1410 1961 1534 1986 certum
1563 1952 1608 1986 est
1621 1952 1774 1996 prodiifl'e
1793 1953 1828 1986 in
1850 1953 1968 1987 odium
1978 1951 2172 1990 Athanasii.

1290 1998 1452 2036 Adfirmat
1465 2003 1496 2036 se
1512 2013 1579 2035 non
1599 2001 1790 2036 Constantis
1798 2002 1941 2047 Augusti
1955 2003 2088 2038 auribus
2099 2005 2176 2038 fuis

1291 2051 1321 2084 se
1334 2051 1530 2092 molestum,
1558 2051 1610 2086 sed
1623 2052 1815 2085 conversum
1840 2051 1880 2085 ad
1894 2051 2049 2095 majorem
2070 2053 2177 2097 Syno-

1288 2097 1370 2133 dum
1383 2121 1395 2139 ,
1411 2100 1535 2148 utique
1557 2100 1732 2142 synodum
1754 2101 1914 2134 Romanae
1933 2101 2099 2137 Ecclesiae.
2127 2104 2176 2139 Et

1288 2147 1396 2183 κεναὶ
1411 2142 1643 2184 sardicensem
1658 2149 1831 2194 synodum
1852 2161 1921 2185 non
1933 2150 2129 2188 Athauafius
2147 2152 2168 2188 ὲ

1289 2187 1472 2233 Constante
1482 2197 1634 2243 Augusto
1647 2198 1840 2244 flagitavit,
1846 2200 1917 2238 sed
1941 2199 2030 2245 Papa
2046 2201 2175 2245 Julius.

1286 2248 1397 2297 Qpare
1408 2248 1568 2293 insignem
1581 2249 1704 2292 lapsum
1715 2243 1892 2286 continent
1905 2248 1974 2285 haec
1997 2249 2042 2284 D.
2056 2251 2175 2286 Archi-

1284 2299 1431 2343 episcopi
1442 2296 1558 2333 verba:
1584 2299 1748 2332 Concilium
1760 2298 1974 2333 Antio'ffienum
1993 2313 2051 2334 non
2059 2301 2171 2336 tribue·-

1282 2349 1334 2381 bat
1340 2349 1524 2390 facultatem
1534 2349 1713 2391 appellandi
1737 2349 1800 2382 ab
1785 2361 1846 2388 una
1858 2351 1964 2388 synodo
1983 2353 2030 2384 ad
2050 2352 2144 2384 aliam
2152 2353 2169 2437 3

1282 2399 1417 2432 Etenim
1428 2392 1556 2434 l'ucidus
1567 2398 1611 2432 est
1623 2398 1674 2432 Co
1681 2399 1771 2432 nerlu
1784 2401 1934 2434 textum-Vi
1946 2406 2013 2442 quis
2026 2414 2047 2433 a
2058 2402 2154 2439 synod

1250 2448 1370 2494 fiierit
1380 2449 1546 2495 damnatus
1555 2445 1765 2493 Episcopusssisj
1773 2453 1968 2493 Imperatoris
1978 2449 2098 2484 auribus
2108 2463 2168 2486 mo-

1268 2497 1366 2540 ,lestus
1377 2498 1540 2543 exffiterit,
1569 2499 1757 2541 oporteat-ad
1765 2501 1867 2539 majus
1878 2498 2090 2543 Epifinporum
2098 2512 2164 2536 con-

1278 2554 1369 2585 verti,
1391 2547 1568 2582 Concilium.
1601 2548 1785 2586 Eusebinna
1796 2549 1896 2594 fafflo
1905 2550 1969 2584 fuit
1979 2550 2167 2586 zelofiffima

1278 2595 1732 2642 patriarchicaeaustoritatis
1763 2600 1807 2631 Et
1819 2598 1917 2633 istum
1929 2599 2103 2634 Canonem
2114 2600 2167 2634 fir·

1280 2644 1382 2683 mavit
1399 2647 1772 2689 Constantinopolitana
1792 2646 1976 2689 Synodus,
2002 2649 2164 2684 mandans

1279 2700 1470 2734 damnatum
1481 2699 1507 2731 a-
1520 2698 1583 2743 suae
1599 2696 1786 2731 Provincia
1801 2697 1943 2740 Synodo
1963 2698 2164 2743 Episcopum

1280 2737 1438 2794 appellare
1448 2740 1497 2783 ad
1502 2737 1757 2793 Patriarchalem
1759 2768 1770 2786 ,
1779 2745 1817 2779 ec
1830 2759 1897 2781 non
1911 2746 1967 2780 nifi
1980 2747 2051 2790 post
2064 2747 2163 2792 hujus

1280 2797 1439 2845 judicium
1454 2798 1572 2833 recurri
1585 2794 1739 2850 εᾲδεση
1739 2795 1926 2850 Rescripta,
1928 2797 1962 2830 ἀ
1973 2797 2161 2842 generalem

1280 2849 1421 2901 synod
1475 2847 1648 2907 ppstulnri.
1651 2833 1872 2881 GetieraIem
1886 2847 2060 2890 synodum
2083 2859 2160 2883 cen-

1281 2901 1342 2934 suit
1354 2892 1421 2934 sine
1461 2893 1592 2942 rincipis
1604 2897 1737 2931 adsensu
1753 2908 1821 2930 non
1833 2896 2028 2942 cogendam.
2039 2897 2081 2930 Et
2091 2897 2159 2934 hoc

1279 2950 1324 2984 est
1336 2962 1441 2984 unum
1453 2949 1471 2983 ὲ
1481 2947 1658 2992 capitibus,
1685 2944 1729 2981 ob
1739 2958 1810 2990 quae
1827 2946 1903 2980 istos
1919 2947 2075 2982 Canones
2086 2955 2157 2982 non

1280 3001 1408 3036 admisit
1433 3000 1582 3034 Romana
1605 2997 1763 3031 Ecclesia.
1792 2996 1925 3030 Etenim
1948 2997 2134 3042 generalem
2146 3019 2158 3036 ‚

1281 3049 1321 3085 ad
1332 3061 1428 3095 quam
1440 3048 1642 3084 Eusebianos
1652 3047 1776 3085 citavit,
1786 3046 1972 3081 Romanam
1983 3047 2157 3090 Synodum

1281 3101 1347 3135 sine
1360 3102 1439 3134 fasta
1454 3099 1493 3132 ad
1506 3098 1692 3140 Principem
1703 3096 1862 3131 relatione
1872 3096 2033 3131 indixerat
2043 3097 2155 3139 Julius.

1282 3151 1325 3184 Et
1348 3149 1424 3184 licet
1445 3147 1528 3181 hanc
1553 3147 1738 3182 libertatem
1760 3145 1910 3181 obtinere
1938 3146 1993 3179 vix
2014 3146 2157 3189 potuerit

1282 3198 1472 3243 Apostolica
1494 3195 1589 3231 Sedes
1611 3223 1622 3238 ,
1649 3197 1697 3230 illi
1720 3206 1832 3231 tamen
1855 3195 2001 3231 adversos
2028 3197 2156 3230 Graeco-

1280 3262 1352 3284 rum
1375 3250 1525 3284 Canones
1549 3258 1728 3290 numquam
1751 3247 1880 3281 admisit
1901 3270 1908 3277 .
1935 3244 2074 3280 Censuit
2093 3246 2157 3279 Ca-

1282 3300 1380 3334 nonis
1391 3298 1527 3332 nomine
1539 3297 1706 3342 indignos.
1736 3295 1918 3330 Adversum
1942 3295 2016 3329 istas
2031 3294 2155 3328 Princi-

1280 3361 1359 3394 pum
1369 3347 1592 3393 delegationes
1605 3347 1749 3392 plusimae
1759 3348 1833 3381 sunt
1843 3368 1854 3387 ‚
1867 3355 1935 3381 uon
1948 3344 2075 3378 tantum
2087 3344 2158 3380 Ro·

1933 3405 2105 3431 manorum
