<?xml version="1.0" encoding="UTF-8"?>
<!DOCTYPE html PUBLIC "-//W3C//DTD XHTML 1.0 Transitional//EN"
    "http://www.w3.org/TR/xhtml1/DTD/xhtml1-transitional.dtd">
<html xmlns="http://www.w3.org/1999/xhtml" xml:lang="en" lang="en">
 <head>
  <title>
</title>
<meta http-equiv="Content-Type" content="text/html;charset=utf-8" />
  <meta name='ocr-system' content='tesseract 3.04.00' />
  <meta name='ocr-capabilities' content='ocr_page ocr_carea ocr_par ocr_line ocrx_word'/>
</head>
<body>
  <div class='ocr_page' id='page_1' title='image "./operaomniastudio05lupuuoft_0018.png"; bbox 0 0 2366 3756; ppageno 0'>
   <div class='ocr_carea' id='block_1_1' title="bbox 101 225 231 1942">
    <p class='ocr_par' dir='ltr' id='par_1_1' title="bbox 101 225 231 1942">
     <span class='ocr_line' id='line_1_1' title="bbox 101 225 127 242; baseline 0 0"><span class='ocrx_word' id='word_1_1' title='bbox 101 225 127 242; x_wconf 68' lang='lat' dir='ltr'><em>o</em></span> 
     </span>
     <span class='ocr_line' id='line_1_2' title="bbox 126 427 149 451; baseline 0 -18"><span class='ocrx_word' id='word_1_2' title='bbox 126 427 149 451; x_wconf 44' lang='lat' dir='ltr'>A.</span> 
     </span>
     <span class='ocr_line' id='line_1_3' title="bbox 189 1524 213 1552; baseline 0.083 -2"><span class='ocrx_word' id='word_1_3' title='bbox 189 1524 213 1552; x_wconf 57' lang='lat' dir='ltr'>Co</span> 
     </span>
     <span class='ocr_line' id='line_1_4' title="bbox 106 1910 231 1942; baseline -0.032 -4"><span class='ocrx_word' id='word_1_4' title='bbox 106 1910 142 1938; x_wconf 84' lang='lat' dir='ltr'>A.</span> <span class='ocrx_word' id='word_1_5' title='bbox 167 1911 231 1942; x_wconf 89' lang='lat'><em>877.</em></span> 
     </span>
    </p>
   </div>
   <div class='ocr_carea' id='block_1_2' title="bbox 278 69 1172 296">
    <p class='ocr_par' dir='ltr' id='par_1_2' title="bbox 278 69 1172 296">
     <span class='ocr_line' id='line_1_5' title="bbox 366 69 611 162; baseline 0.024 -35"><span class='ocrx_word' id='word_1_6' title='bbox 366 120 391 162; x_wconf 72' lang='lat'>8</span> <span class='ocrx_word' id='word_1_7' title='bbox 437 95 447 109; x_wconf 65' lang='lat'>⁷</span> <span class='ocrx_word' id='word_1_8' title='bbox 543 69 611 133; x_wconf 50' lang='grc' dir='ltr'>’.4ζὲ</span> 
     </span>
     <span class='ocr_line' id='line_1_6' title="bbox 288 195 1170 244; baseline -0.006 -6"><span class='ocrx_word' id='word_1_9' title='bbox 288 206 373 239; x_wconf 82' lang='lat' dir='ltr'>ciam</span> <span class='ocrx_word' id='word_1_10' title='bbox 388 229 397 237; x_wconf 79' lang='lat'>.</span> <span class='ocrx_word' id='word_1_11' title='bbox 420 195 473 234; x_wconf 79' lang='lat' dir='ltr'>sed</span> <span class='ocrx_word' id='word_1_12' title='bbox 499 198 685 244; x_wconf 86' lang='lat' dir='ltr'>Augustum</span> <span class='ocrx_word' id='word_1_13' title='bbox 711 199 811 233; x_wconf 87' lang='lat' dir='ltr'>totius</span> <span class='ocrx_word' id='word_1_14' title='bbox 837 199 980 242; x_wconf 77' lang='lat' dir='ltr'>corporiS</span> <span class='ocrx_word' id='word_1_15' title='bbox 1003 208 1170 235; x_wconf 87' lang='lat' dir='ltr'>ornamen-</span> 
     </span>
     <span class='ocr_line' id='line_1_7' title="bbox 278 247 1172 296; baseline 0.012 -22"><span class='ocrx_word' id='word_1_16' title='bbox 278 264 380 296; x_wconf 43' lang='grc' dir='ltr'>ἰωή</span> <span class='ocrx_word' id='word_1_17' title='bbox 405 250 496 293; x_wconf 79' lang='lat' dir='ltr'>cujus</span> <span class='ocrx_word' id='word_1_18' title='bbox 517 247 650 292; x_wconf 73' lang='lat' dir='ltr'>proinde</span> <span class='ocrx_word' id='word_1_19' title='bbox 671 249 750 283; x_wconf 87' lang='lat' dir='ltr'>citra</span> <span class='ocrx_word' id='word_1_20' title='bbox 764 250 906 293; x_wconf 80' lang='lat' dir='ltr'>Augusti</span> <span class='ocrx_word' id='word_1_21' title='bbox 920 249 1082 292; x_wconf 85' lang='lat' dir='ltr'>Principis</span> <span class='ocrx_word' id='word_1_22' title='bbox 1092 262 1172 285; x_wconf 86' lang='lat' dir='ltr'>con-</span> 
     </span>
    </p>
   </div>
   <div class='ocr_carea' id='block_1_3' title="bbox 264 297 1174 396">
    <p class='ocr_par' dir='ltr' id='par_1_3' title="bbox 264 297 1174 396">
     <span class='ocr_line' id='line_1_8' title="bbox 264 297 1174 342; baseline -0.001 -7"><span class='ocrx_word' id='word_1_23' title='bbox 264 301 416 339; x_wconf 63' lang='lat' dir='ltr'>„A&#39;ensum</span> <span class='ocrx_word' id='word_1_24' title='bbox 443 299 621 342; x_wconf 81' lang='lat' dir='ltr'>assumptio</span> <span class='ocrx_word' id='word_1_25' title='bbox 638 311 655 333; x_wconf 89' lang='lat' dir='ltr'>a</span> <span class='ocrx_word' id='word_1_26' title='bbox 714 299 853 341; x_wconf 65' lang='lat' dir='ltr'>,donatio</span> <span class='ocrx_word' id='word_1_27' title='bbox 875 297 970 332; x_wconf 89' lang='lat' dir='ltr'>fuerit</span> <span class='ocrx_word' id='word_1_28' title='bbox 989 299 1114 334; x_wconf 86' lang='lat' dir='ltr'>crimen</span> <span class='ocrx_word' id='word_1_29' title='bbox 1125 301 1174 334; x_wconf 83' lang='lat' dir='ltr'>lae-</span> 
     </span>
     <span class='ocr_line' id='line_1_9' title="bbox 268 310 1172 396; baseline 0.004 -15"><span class='ocrx_word' id='word_1_30' title='bbox 268 392 272 396; x_wconf 69' lang='lat'><em>,</em></span> <span class='ocrx_word' id='word_1_31' title='bbox 286 351 328 385; x_wconf 73' lang='lat' dir='ltr'>{ae</span> <span class='ocrx_word' id='word_1_32' title='bbox 339 343 516 389; x_wconf 73' lang='lat' dir='ltr'>Maiestatis</span> <span class='ocrx_word' id='word_1_33' title='bbox 529 374 536 381; x_wconf 91' lang='lat'>.</span> <span class='ocrx_word' id='word_1_34' title='bbox 564 310 773 390; x_wconf 45' lang='lat' dir='ltr'>Vernrlffiquis</span> <span class='ocrx_word' id='word_1_35' title='bbox 787 359 941 392; x_wconf 89' lang='lat' dir='ltr'>umquam</span> <span class='ocrx_word' id='word_1_36' title='bbox 953 349 1079 384; x_wconf 87' lang='lat' dir='ltr'>audivit</span> <span class='ocrx_word' id='word_1_37' title='bbox 1091 350 1172 385; x_wconf 76' lang='lat' dir='ltr'>laeias</span> 
     </span>
    </p>
   </div>
   <div class='ocr_carea' id='block_1_4' title="bbox 276 397 1173 1348">
    <p class='ocr_par' dir='ltr' id='par_1_4' title="bbox 276 397 1173 1348">
     <span class='ocr_line' id='line_1_10' title="bbox 287 397 1172 444; baseline 0.002 -11"><span class='ocrx_word' id='word_1_38' title='bbox 287 398 387 433; x_wconf 84' lang='lat' dir='ltr'>alieni</span> <span class='ocrx_word' id='word_1_39' title='bbox 399 397 500 443; x_wconf 87' lang='lat' dir='ltr'>Regis</span> <span class='ocrx_word' id='word_1_40' title='bbox 512 399 598 443; x_wconf 87' lang='lat' dir='ltr'>leges</span> <span class='ocrx_word' id='word_1_41' title='bbox 617 407 674 431; x_wconf 89' lang='lat' dir='ltr'>aut</span> <span class='ocrx_word' id='word_1_42' title='bbox 694 397 872 442; x_wconf 72' lang='lat' dir='ltr'>san-stiones</span> <span class='ocrx_word' id='word_1_43' title='bbox 892 400 959 433; x_wconf 87' lang='lat' dir='ltr'>esse</span> <span class='ocrx_word' id='word_1_44' title='bbox 981 400 1054 433; x_wconf 81' lang='lat' dir='ltr'>laesae</span> <span class='ocrx_word' id='word_1_45' title='bbox 1073 400 1172 444; x_wconf 81' lang='lat' dir='ltr'>Maje-</span> 
     </span>
     <span class='ocr_line' id='line_1_11' title="bbox 288 446 1173 492; baseline 0.006 -11"><span class='ocrx_word' id='word_1_46' title='bbox 288 448 376 482; x_wconf 78' lang='lat' dir='ltr'>statis</span> <span class='ocrx_word' id='word_1_47' title='bbox 396 450 518 483; x_wconf 84' lang='lat' dir='ltr'>crimen</span> <span class='ocrx_word' id='word_1_48' title='bbox 533 449 549 479; x_wconf 81' lang='lat'><em>?</em></span> <span class='ocrx_word' id='word_1_49' title='bbox 574 447 660 492; x_wconf 79' lang='lat' dir='ltr'>Qis</span> <span class='ocrx_word' id='word_1_50' title='bbox 682 446 821 481; x_wconf 86' lang='lat' dir='ltr'>ornandi</span> <span class='ocrx_word' id='word_1_51' title='bbox 835 459 890 483; x_wconf 90' lang='lat' dir='ltr'>aut</span> <span class='ocrx_word' id='word_1_52' title='bbox 903 448 1060 484; x_wconf 86' lang='lat' dir='ltr'>vestiendi</span> <span class='ocrx_word' id='word_1_53' title='bbox 1075 450 1173 486; x_wconf 84' lang='lat' dir='ltr'>licen-</span> 
     </span>
     <span class='ocr_line' id='line_1_12' title="bbox 288 497 1173 543; baseline 0.003 -11"><span class='ocrx_word' id='word_1_54' title='bbox 288 498 367 532; x_wconf 85' lang='lat' dir='ltr'>tiam</span> <span class='ocrx_word' id='word_1_55' title='bbox 380 500 500 531; x_wconf 87' lang='lat' dir='ltr'>censuit</span> <span class='ocrx_word' id='word_1_56' title='bbox 518 508 660 540; x_wconf 86' lang='lat' dir='ltr'>unquam</span> <span class='ocrx_word' id='word_1_57' title='bbox 671 497 713 531; x_wconf 90' lang='lat' dir='ltr'>ab</span> <span class='ocrx_word' id='word_1_58' title='bbox 723 497 832 532; x_wconf 88' lang='lat' dir='ltr'>alieno</span> <span class='ocrx_word' id='word_1_59' title='bbox 846 498 1173 543; x_wconf 32' lang='lat' dir='ltr'>Principexpoflulan-</span> 
     </span>
     <span class='ocr_line' id='line_1_13' title="bbox 276 539 1171 585; baseline 0.003 -3"><span class='ocrx_word' id='word_1_60' title='bbox 276 545 363 582; x_wconf 64' lang='lat' dir='ltr'>&#39;dam</span> <span class='ocrx_word' id='word_1_61' title='bbox 376 548 392 578; x_wconf 70' lang='grc' dir='ltr'><strong><em>ἒ</em></strong></span> <span class='ocrx_word' id='word_1_62' title='bbox 413 547 595 582; x_wconf 85' lang='lat' dir='ltr'>Postulatio</span> <span class='ocrx_word' id='word_1_63' title='bbox 614 539 681 580; x_wconf 81' lang='lat' dir='ltr'>haec</span> <span class='ocrx_word' id='word_1_64' title='bbox 697 547 741 581; x_wconf 85' lang='lat' dir='ltr'>est</span> <span class='ocrx_word' id='word_1_65' title='bbox 763 548 895 582; x_wconf 88' lang='lat' dir='ltr'>evidens</span> <span class='ocrx_word' id='word_1_66' title='bbox 916 548 1077 584; x_wconf 64' lang='lat' dir='ltr'>character</span> <span class='ocrx_word' id='word_1_67' title='bbox 1103 551 1171 585; x_wconf 90' lang='lat' dir='ltr'>sub-</span> 
     </span>
     <span class='ocr_line' id='line_1_14' title="bbox 286 595 1169 640; baseline 0.006 -9"><span class='ocrx_word' id='word_1_68' title='bbox 286 597 451 640; x_wconf 66' lang='lat' dir='ltr'>jestionis.</span> <span class='ocrx_word' id='word_1_69' title='bbox 479 597 522 632; x_wconf 91' lang='lat' dir='ltr'>Et</span> <span class='ocrx_word' id='word_1_70' title='bbox 546 597 612 640; x_wconf 89' lang='lat' dir='ltr'>ipsa</span> <span class='ocrx_word' id='word_1_71' title='bbox 632 595 758 632; x_wconf 86' lang='lat' dir='ltr'>duravit</span> <span class='ocrx_word' id='word_1_72' title='bbox 781 599 815 632; x_wconf 90' lang='lat' dir='ltr'>in</span> <span class='ocrx_word' id='word_1_73' title='bbox 840 598 959 634; x_wconf 88' lang='lat' dir='ltr'>Galliis</span> <span class='ocrx_word' id='word_1_74' title='bbox 986 601 1085 634; x_wconf 88' lang='lat' dir='ltr'>etiam</span> <span class='ocrx_word' id='word_1_75' title='bbox 1111 601 1169 636; x_wconf 86' lang='lat' dir='ltr'>sub</span> 
     </span>
     <span class='ocr_line' id='line_1_15' title="bbox 287 647 1169 695; baseline 0.008 -16"><span class='ocrx_word' id='word_1_76' title='bbox 287 648 412 690; x_wconf 82' lang='lat' dir='ltr'>Papatu</span> <span class='ocrx_word' id='word_1_77' title='bbox 436 647 589 692; x_wconf 83' lang='lat' dir='ltr'>Gregorii</span> <span class='ocrx_word' id='word_1_78' title='bbox 612 647 757 693; x_wconf 84' lang='lat' dir='ltr'>Magni,</span> <span class='ocrx_word' id='word_1_79' title='bbox 794 649 933 692; x_wconf 87' lang='lat' dir='ltr'>Syagrio</span> <span class='ocrx_word' id='word_1_80' title='bbox 957 649 1169 695; x_wconf 86' lang='lat' dir='ltr'>Augustodu-</span> 
     </span>
     <span class='ocr_line' id='line_1_16' title="bbox 285 698 1173 742; baseline 0.007 -12"><span class='ocrx_word' id='word_1_81' title='bbox 285 698 376 731; x_wconf 79' lang='lat' dir='ltr'>nensr</span> <span class='ocrx_word' id='word_1_82' title='bbox 401 698 565 741; x_wconf 89' lang='lat' dir='ltr'>Episcopo</span> <span class='ocrx_word' id='word_1_83' title='bbox 585 708 653 731; x_wconf 88' lang='lat' dir='ltr'>non</span> <span class='ocrx_word' id='word_1_84' title='bbox 676 699 740 732; x_wconf 78' lang='lat' dir='ltr'>ausi</span> <span class='ocrx_word' id='word_1_85' title='bbox 764 699 838 732; x_wconf 89' lang='lat' dir='ltr'>dare</span> <span class='ocrx_word' id='word_1_86' title='bbox 853 698 1016 742; x_wconf 90' lang='lat' dir='ltr'>Pallium,</span> <span class='ocrx_word' id='word_1_87' title='bbox 1044 701 1102 734; x_wconf 85' lang='lat' dir='ltr'>nifi</span> <span class='ocrx_word' id='word_1_88' title='bbox 1114 701 1173 736; x_wconf 79' lang='lat' dir='ltr'>ob·</span> 
     </span>
     <span class='ocr_line' id='line_1_17' title="bbox 284 744 1169 792; baseline 0.008 -13"><span class='ocrx_word' id='word_1_89' title='bbox 284 754 377 781; x_wconf 90' lang='lat' dir='ltr'>tento</span> <span class='ocrx_word' id='word_1_90' title='bbox 414 744 571 782; x_wconf 75' lang='lat' dir='ltr'>consensu</span> <span class='ocrx_word' id='word_1_91' title='bbox 597 749 747 783; x_wconf 86' lang='lat' dir='ltr'>Mauritii</span> <span class='ocrx_word' id='word_1_92' title='bbox 774 750 978 792; x_wconf 88' lang='lat' dir='ltr'>Imperatoris</span> <span class='ocrx_word' id='word_1_93' title='bbox 1002 776 1009 782; x_wconf 96' lang='lat'>.</span> <span class='ocrx_word' id='word_1_94' title='bbox 1045 751 1169 787; x_wconf 87' lang='lat' dir='ltr'>Leonis</span> 
     </span>
     <span class='ocr_line' id='line_1_18' title="bbox 284 796 1167 842; baseline 0.007 -12"><span class='ocrx_word' id='word_1_95' title='bbox 284 798 363 830; x_wconf 89' lang='lat' dir='ltr'>item</span> <span class='ocrx_word' id='word_1_96' title='bbox 385 796 485 831; x_wconf 83' lang='lat' dir='ltr'>Isauri</span> <span class='ocrx_word' id='word_1_97' title='bbox 507 797 712 842; x_wconf 88' lang='lat' dir='ltr'>Imperatoris</span> <span class='ocrx_word' id='word_1_98' title='bbox 736 800 894 834; x_wconf 88' lang='lat' dir='ltr'>Laureata</span> <span class='ocrx_word' id='word_1_99' title='bbox 917 801 1003 834; x_wconf 85' lang='lat' dir='ltr'>misit</span> <span class='ocrx_word' id='word_1_100' title='bbox 1024 802 1122 835; x_wconf 88' lang='lat' dir='ltr'>etiam</span> <span class='ocrx_word' id='word_1_101' title='bbox 1134 803 1167 836; x_wconf 92' lang='lat' dir='ltr'>in</span> 
     </span>
     <span class='ocr_line' id='line_1_19' title="bbox 284 848 1168 894; baseline 0.008 -15"><span class='ocrx_word' id='word_1_102' title='bbox 284 848 455 882; x_wconf 87' lang='lat' dir='ltr'>Franciam</span> <span class='ocrx_word' id='word_1_103' title='bbox 469 872 480 889; x_wconf 87' lang='lat'>,</span> <span class='ocrx_word' id='word_1_104' title='bbox 506 848 634 891; x_wconf 80' lang='lat' dir='ltr'>ipsaque</span> <span class='ocrx_word' id='word_1_105' title='bbox 660 850 777 889; x_wconf 89' lang='lat' dir='ltr'>fuisse,</span> <span class='ocrx_word' id='word_1_106' title='bbox 803 848 890 893; x_wconf 86' lang='lat' dir='ltr'>quod</span> <span class='ocrx_word' id='word_1_107' title='bbox 912 850 957 884; x_wconf 86' lang='lat' dir='ltr'>est</span> <span class='ocrx_word' id='word_1_108' title='bbox 980 850 1080 894; x_wconf 83' lang='lat' dir='ltr'>plenae</span> <span class='ocrx_word' id='word_1_109' title='bbox 1093 851 1168 886; x_wconf 89' lang='lat' dir='ltr'>obe-</span> 
     </span>
     <span class='ocr_line' id='line_1_20' title="bbox 282 896 1167 942; baseline 0.009 -13"><span class='ocrx_word' id='word_1_110' title='bbox 282 896 411 931; x_wconf 79' lang='lat' dir='ltr'>dientiae</span> <span class='ocrx_word' id='word_1_111' title='bbox 436 908 532 942; x_wconf 84' lang='lat' dir='ltr'>atque</span> <span class='ocrx_word' id='word_1_112' title='bbox 555 897 758 941; x_wconf 61' lang='lat' dir='ltr'>subjectionis</span> <span class='ocrx_word' id='word_1_113' title='bbox 782 901 933 942; x_wconf 85' lang='lat' dir='ltr'>profeffio</span> <span class='ocrx_word' id='word_1_114' title='bbox 954 926 965 941; x_wconf 89' lang='lat'>,</span> <span class='ocrx_word' id='word_1_115' title='bbox 988 900 1167 937; x_wconf 85' lang='lat' dir='ltr'>honorifice</span> 
     </span>
     <span class='ocr_line' id='line_1_21' title="bbox 282 947 1167 993; baseline 0.009 -14"><span class='ocrx_word' id='word_1_116' title='bbox 282 947 448 991; x_wconf 86' lang='lat' dir='ltr'>suscepta,</span> <span class='ocrx_word' id='word_1_117' title='bbox 475 948 606 982; x_wconf 87' lang='lat' dir='ltr'>testatur</span> <span class='ocrx_word' id='word_1_118' title='bbox 640 949 818 993; x_wconf 85' lang='lat' dir='ltr'>Gregorius</span> <span class='ocrx_word' id='word_1_119' title='bbox 829 950 1006 985; x_wconf 83' lang='lat' dir='ltr'>secundus.</span> <span class='ocrx_word' id='word_1_120' title='bbox 1034 951 1077 986; x_wconf 89' lang='lat' dir='ltr'>Et</span> <span class='ocrx_word' id='word_1_121' title='bbox 1088 951 1167 987; x_wconf 89' lang='lat' dir='ltr'>hinc</span> 
     </span>
     <span class='ocr_line' id='line_1_22' title="bbox 282 996 1166 1046; baseline 0.007 -15"><span class='ocrx_word' id='word_1_122' title='bbox 282 996 324 1031; x_wconf 90' lang='lat' dir='ltr'>de</span> <span class='ocrx_word' id='word_1_123' title='bbox 348 999 470 1032; x_wconf 87' lang='lat' dir='ltr'>Carolo</span> <span class='ocrx_word' id='word_1_124' title='bbox 491 998 618 1038; x_wconf 91' lang='lat' dir='ltr'>Calvo,</span> <span class='ocrx_word' id='word_1_125' title='bbox 645 998 664 1032; x_wconf 79' lang='grc' dir='ltr'>ὲ</span> <span class='ocrx_word' id='word_1_126' title='bbox 688 1001 888 1034; x_wconf 87' lang='lat' dir='ltr'>Francorum</span> <span class='ocrx_word' id='word_1_127' title='bbox 916 1001 1037 1046; x_wconf 88' lang='lat' dir='ltr'>Regno</span> <span class='ocrx_word' id='word_1_128' title='bbox 1049 1002 1089 1036; x_wconf 91' lang='lat' dir='ltr'>ad</span> <span class='ocrx_word' id='word_1_129' title='bbox 1102 1003 1166 1037; x_wconf 94' lang='lat' dir='ltr'>Ro-</span> 
     </span>
     <span class='ocr_line' id='line_1_23' title="bbox 281 1048 1165 1094; baseline 0.008 -13"><span class='ocrx_word' id='word_1_130' title='bbox 281 1057 417 1083; x_wconf 85' lang='lat' dir='ltr'>manum</span> <span class='ocrx_word' id='word_1_131' title='bbox 444 1048 616 1091; x_wconf 86' lang='lat' dir='ltr'>Imperium</span> <span class='ocrx_word' id='word_1_132' title='bbox 651 1051 763 1083; x_wconf 65' lang='lat' dir='ltr'>eveno</span> <span class='ocrx_word' id='word_1_133' title='bbox 800 1061 855 1093; x_wconf 88' lang='lat' dir='ltr'>per</span> <span class='ocrx_word' id='word_1_134' title='bbox 892 1051 1051 1094; x_wconf 83' lang='lat' dir='ltr'>Ioannem</span> <span class='ocrx_word' id='word_1_135' title='bbox 1087 1055 1165 1088; x_wconf 66' lang='lat' dir='ltr'>06}ae</span> 
     </span>
     <span class='ocr_line' id='line_1_24' title="bbox 282 1099 1168 1147; baseline 0.01 -17"><span class='ocrx_word' id='word_1_136' title='bbox 282 1108 361 1131; x_wconf 88' lang='lat' dir='ltr'>vum</span> <span class='ocrx_word' id='word_1_137' title='bbox 387 1099 584 1135; x_wconf 85' lang='lat' dir='ltr'>Pontificem</span> <span class='ocrx_word' id='word_1_138' title='bbox 609 1123 619 1139; x_wconf 87' lang='lat'>,</span> <span class='ocrx_word' id='word_1_139' title='bbox 657 1109 753 1141; x_wconf 86' lang='lat' dir='ltr'>atque</span> <span class='ocrx_word' id='word_1_140' title='bbox 780 1102 965 1136; x_wconf 77' lang='lat' dir='ltr'>Graecorum</span> <span class='ocrx_word' id='word_1_141' title='bbox 991 1101 1168 1147; x_wconf 84' lang='lat' dir='ltr'>Imperato-</span> 
     </span>
     <span class='ocr_line' id='line_1_25' title="bbox 281 1149 1167 1194; baseline 0.009 -13"><span class='ocrx_word' id='word_1_142' title='bbox 281 1158 373 1191; x_wconf 85' lang='lat' dir='ltr'>rum,</span> <span class='ocrx_word' id='word_1_143' title='bbox 401 1160 509 1194; x_wconf 81' lang='lat' dir='ltr'>praeter</span> <span class='ocrx_word' id='word_1_144' title='bbox 537 1149 702 1183; x_wconf 84' lang='lat' dir='ltr'>Ludovici</span> <span class='ocrx_word' id='word_1_145' title='bbox 722 1150 818 1193; x_wconf 86' lang='lat' dir='ltr'>patris</span> <span class='ocrx_word' id='word_1_146' title='bbox 840 1152 873 1185; x_wconf 91' lang='lat'>&amp;</span> <span class='ocrx_word' id='word_1_147' title='bbox 897 1152 1010 1187; x_wconf 87' lang='lat' dir='ltr'>Caroli</span> <span class='ocrx_word' id='word_1_148' title='bbox 1024 1154 1088 1188; x_wconf 89' lang='lat' dir='ltr'>Avi</span> <span class='ocrx_word' id='word_1_149' title='bbox 1100 1167 1167 1189; x_wconf 87' lang='lat' dir='ltr'>mo-</span> 
     </span>
     <span class='ocr_line' id='line_1_26' title="bbox 280 1201 1167 1240; baseline 0.009 -9"><span class='ocrx_word' id='word_1_150' title='bbox 280 1209 345 1233; x_wconf 90' lang='lat' dir='ltr'>rem</span> <span class='ocrx_word' id='word_1_151' title='bbox 370 1224 381 1240; x_wconf 90' lang='lat'>,</span> <span class='ocrx_word' id='word_1_152' title='bbox 418 1208 608 1235; x_wconf 85' lang='lat' dir='ltr'>ornamenta</span> <span class='ocrx_word' id='word_1_153' title='bbox 634 1201 814 1235; x_wconf 87' lang='lat' dir='ltr'>assumente</span> <span class='ocrx_word' id='word_1_154' title='bbox 850 1202 994 1238; x_wconf 87' lang='lat' dir='ltr'>scribunt</span> <span class='ocrx_word' id='word_1_155' title='bbox 1021 1204 1167 1239; x_wconf 83' lang='lat' dir='ltr'>Annales</span> 
     </span>
     <span class='ocr_line' id='line_1_27' title="bbox 283 1250 1167 1299; baseline 0.007 -17"><span class='ocrx_word' id='word_1_156' title='bbox 283 1250 483 1285; x_wconf 86' lang='lat' dir='ltr'>Francorum</span> <span class='ocrx_word' id='word_1_157' title='bbox 505 1250 699 1285; x_wconf 86' lang='lat' dir='ltr'>Fuldenses:</span> <span class='ocrx_word' id='word_1_158' title='bbox 727 1256 851 1286; x_wconf 87' lang='lat' dir='ltr'>Omnem</span> <span class='ocrx_word' id='word_1_159' title='bbox 870 1253 1101 1299; x_wconf 71' lang='lat' dir='ltr'>consuetudinem</span> <span class='ocrx_word' id='word_1_160' title='bbox 1112 1260 1167 1288; x_wconf 88' lang='lat' dir='ltr'>Re-</span> 
     </span>
     <span class='ocr_line' id='line_1_28' title="bbox 277 1306 1165 1348; baseline 0.008 -18"><span class='ocrx_word' id='word_1_161' title='bbox 277 1311 351 1341; x_wconf 77' lang='lat' dir='ltr'>gum</span> <span class='ocrx_word' id='word_1_162' title='bbox 374 1307 555 1335; x_wconf 81' lang='lat' dir='ltr'>Francorum</span> <span class='ocrx_word' id='word_1_163' title='bbox 574 1310 757 1336; x_wconf 81' lang='lat' dir='ltr'>contemnens</span> <span class='ocrx_word' id='word_1_164' title='bbox 772 1329 782 1344; x_wconf 89' lang='lat'>‚</span> <span class='ocrx_word' id='word_1_165' title='bbox 809 1308 933 1338; x_wconf 79' lang='lat' dir='ltr'>Graecas</span> <span class='ocrx_word' id='word_1_166' title='bbox 955 1306 1068 1348; x_wconf 74' lang='lat' dir='ltr'>glorias</span> <span class='ocrx_word' id='word_1_167' title='bbox 1094 1312 1165 1347; x_wconf 81' lang='lat' dir='ltr'>opti-</span> 
     </span>
    </p>
   </div>
   <div class='ocr_carea' id='block_1_5' title="bbox 280 1351 1166 1441">
    <p class='ocr_par' dir='ltr' id='par_1_5' title="bbox 280 1351 1166 1441">
     <span class='ocr_line' id='line_1_29' title="bbox 281 1351 1166 1396; baseline 0.008 -16"><span class='ocrx_word' id='word_1_168' title='bbox 281 1360 348 1382; x_wconf 69' lang='lat' dir='ltr'>mas</span> <span class='ocrx_word' id='word_1_169' title='bbox 368 1351 589 1385; x_wconf 80' lang='lat' dir='ltr'>arbitrabatur.</span> <span class='ocrx_word' id='word_1_170' title='bbox 615 1355 662 1384; x_wconf 82' lang='lat' dir='ltr'>Et</span> <span class='ocrx_word' id='word_1_171' title='bbox 685 1363 717 1385; x_wconf 89' lang='lat' dir='ltr'>ut</span> <span class='ocrx_word' id='word_1_172' title='bbox 744 1357 886 1394; x_wconf 80' lang='lat' dir='ltr'>majorem</span> <span class='ocrx_word' id='word_1_173' title='bbox 904 1353 968 1396; x_wconf 84' lang='lat' dir='ltr'>suae</span> <span class='ocrx_word' id='word_1_174' title='bbox 981 1360 1089 1387; x_wconf 83' lang='lat' dir='ltr'>mentis</span> <span class='ocrx_word' id='word_1_175' title='bbox 1107 1356 1166 1387; x_wconf 88' lang='lat' dir='ltr'>ela-</span> 
     </span>
     <span class='ocr_line' id='line_1_30' title="bbox 280 1399 1163 1441; baseline 0.003 -12"><span class='ocrx_word' id='word_1_176' title='bbox 280 1399 389 1431; x_wconf 73' lang='lat' dir='ltr'>tionem</span> <span class='ocrx_word' id='word_1_177' title='bbox 415 1402 573 1436; x_wconf 67' lang='lat' dir='ltr'>offenderet</span> <span class='ocrx_word' id='word_1_178' title='bbox 595 1420 606 1437; x_wconf 79' lang='lat'>‚</span> <span class='ocrx_word' id='word_1_179' title='bbox 631 1402 732 1431; x_wconf 82' lang='lat' dir='ltr'>ablato</span> <span class='ocrx_word' id='word_1_180' title='bbox 756 1404 847 1441; x_wconf 86' lang='lat' dir='ltr'>Regis</span> <span class='ocrx_word' id='word_1_181' title='bbox 873 1399 987 1432; x_wconf 77' lang='lat' dir='ltr'>no‘mine</span> <span class='ocrx_word' id='word_1_182' title='bbox 1007 1401 1042 1441; x_wconf 84' lang='lat' dir='ltr'>se</span> <span class='ocrx_word' id='word_1_183' title='bbox 1070 1406 1163 1440; x_wconf 80' lang='lat' dir='ltr'>Impe-</span> 
     </span>
    </p>
   </div>
   <div class='ocr_carea' id='block_1_6' title="bbox 277 1447 1182 2095">
    <p class='ocr_par' dir='ltr' id='par_1_6' title="bbox 277 1447 1182 2095">
     <span class='ocr_line' id='line_1_31' title="bbox 280 1447 1165 1492; baseline 0.005 -13"><span class='ocrx_word' id='word_1_184' title='bbox 280 1458 408 1483; x_wconf 70' lang='lat' dir='ltr'>ratorem</span> <span class='ocrx_word' id='word_1_185' title='bbox 434 1451 468 1483; x_wconf 69' lang='lat' dir='ltr'>&lt;tr</span> <span class='ocrx_word' id='word_1_186' title='bbox 498 1447 652 1492; x_wconf 79' lang='lat' dir='ltr'>Augustum</span> <span class='ocrx_word' id='word_1_187' title='bbox 689 1453 818 1481; x_wconf 84' lang='lat' dir='ltr'>omnium</span> <span class='ocrx_word' id='word_1_188' title='bbox 854 1451 967 1492; x_wconf 85' lang='lat' dir='ltr'>Regum</span> <span class='ocrx_word' id='word_1_189' title='bbox 1005 1454 1046 1480; x_wconf 82' lang='lat' dir='ltr'>cis</span> <span class='ocrx_word' id='word_1_190' title='bbox 1084 1462 1165 1483; x_wconf 80' lang='lat' dir='ltr'>mare</span> 
     </span>
     <span class='ocr_line' id='line_1_32' title="bbox 280 1492 1164 1541; baseline -0.001 -8"><span class='ocrx_word' id='word_1_191' title='bbox 280 1492 485 1541; x_wconf 70' lang='lat' dir='ltr'>eonfiftentium</span> <span class='ocrx_word' id='word_1_192' title='bbox 511 1499 657 1541; x_wconf 69' lang='lat' dir='ltr'>appellari·</span> <span class='ocrx_word' id='word_1_193' title='bbox 679 1502 841 1541; x_wconf 84' lang='lat' dir='ltr'>praecepit.</span> <span class='ocrx_word' id='word_1_194' title='bbox 866 1499 978 1531; x_wconf 89' lang='lat' dir='ltr'>Avum</span> <span class='ocrx_word' id='word_1_195' title='bbox 996 1498 1087 1532; x_wconf 89' lang='lat' dir='ltr'>suum</span> <span class='ocrx_word' id='word_1_196' title='bbox 1102 1499 1164 1532; x_wconf 91' lang='lat' dir='ltr'>Ca-</span> 
     </span>
     <span class='ocr_line' id='line_1_33' title="bbox 281 1548 1162 1596; baseline -0.002 -12"><span class='ocrx_word' id='word_1_197' title='bbox 281 1549 391 1584; x_wconf 83' lang='lat' dir='ltr'>rolum</span> <span class='ocrx_word' id='word_1_198' title='bbox 413 1551 576 1596; x_wconf 82' lang='lat' dir='ltr'>Magnum</span> <span class='ocrx_word' id='word_1_199' title='bbox 609 1574 619 1589; x_wconf 90' lang='lat'>,</span> <span class='ocrx_word' id='word_1_200' title='bbox 656 1550 802 1592; x_wconf 81' lang='lat' dir='ltr'>adeoque</span> <span class='ocrx_word' id='word_1_201' title='bbox 824 1549 858 1582; x_wconf 89' lang='lat'>&amp;</span> <span class='ocrx_word' id='word_1_202' title='bbox 886 1549 952 1582; x_wconf 83' lang='lat' dir='ltr'>sese</span> <span class='ocrx_word' id='word_1_203' title='bbox 973 1548 1005 1581; x_wconf 89' lang='lat' dir='ltr'>in</span> <span class='ocrx_word' id='word_1_204' title='bbox 1029 1549 1162 1590; x_wconf 87' lang='lat' dir='ltr'>omnia,</span> 
     </span>
     <span class='ocr_line' id='line_1_34' title="bbox 279 1598 1162 1644; baseline -0.002 -10"><span class='ocrx_word' id='word_1_205' title='bbox 279 1613 352 1644; x_wconf 82' lang='lat' dir='ltr'>quae</span> <span class='ocrx_word' id='word_1_206' title='bbox 375 1601 617 1637; x_wconf 86' lang='lat' dir='ltr'>Constantinus</span> <span class='ocrx_word' id='word_1_207' title='bbox 645 1601 790 1644; x_wconf 86' lang='lat' dir='ltr'>Magnus</span> <span class='ocrx_word' id='word_1_208' title='bbox 813 1610 850 1632; x_wconf 90' lang='lat' dir='ltr'>ac</span> <span class='ocrx_word' id='word_1_209' title='bbox 885 1598 953 1642; x_wconf 84' lang='lat' dir='ltr'>ejus</span> <span class='ocrx_word' id='word_1_210' title='bbox 977 1599 1162 1633; x_wconf 85' lang='lat' dir='ltr'>successores</span> 
     </span>
     <span class='ocr_line' id='line_1_35' title="bbox 277 1647 1159 1692; baseline -0.002 -8"><span class='ocrx_word' id='word_1_211' title='bbox 277 1652 317 1684; x_wconf 59' lang='lat' dir='ltr'>&lt;in</span> <span class='ocrx_word' id='word_1_212' title='bbox 344 1651 527 1688; x_wconf 87' lang='lat' dir='ltr'>Occidente</span> <span class='ocrx_word' id='word_1_213' title='bbox 553 1651 732 1685; x_wconf 80' lang='lat' dir='ltr'>habuerant</span> <span class='ocrx_word' id='word_1_214' title='bbox 755 1675 765 1691; x_wconf 92' lang='lat'><em>‚</em></span> <span class='ocrx_word' id='word_1_215' title='bbox 792 1649 858 1692; x_wconf 77' lang='lat' dir='ltr'>jura</span> <span class='ocrx_word' id='word_1_216' title='bbox 878 1674 888 1690; x_wconf 91' lang='lat'>,</span> <span class='ocrx_word' id='word_1_217' title='bbox 916 1647 1054 1691; x_wconf 86' lang='lat' dir='ltr'>ideoque</span> <span class='ocrx_word' id='word_1_218' title='bbox 1075 1651 1108 1684; x_wconf 72' lang='grc' dir='ltr'>ὅ(</span> <span class='ocrx_word' id='word_1_219' title='bbox 1127 1650 1159 1683; x_wconf 89' lang='lat' dir='ltr'>in</span> 
     </span>
     <span class='ocr_line' id='line_1_36' title="bbox 278 1699 1160 1746; baseline -0.002 -10"><span class='ocrx_word' id='word_1_220' title='bbox 278 1703 467 1745; x_wconf 83' lang='lat' dir='ltr'>supremum</span> <span class='ocrx_word' id='word_1_221' title='bbox 491 1704 583 1745; x_wconf 88' lang='lat' dir='ltr'>super</span> <span class='ocrx_word' id='word_1_222' title='bbox 603 1703 735 1736; x_wconf 67' lang='lat' dir='ltr'>cunetos</span> <span class='ocrx_word' id='word_1_223' title='bbox 757 1701 824 1736; x_wconf 89' lang='lat' dir='ltr'>illic</span> <span class='ocrx_word' id='word_1_224' title='bbox 838 1700 945 1746; x_wconf 85' lang='lat' dir='ltr'>Reges</span> <span class='ocrx_word' id='word_1_225' title='bbox 955 1699 1160 1735; x_wconf 85' lang='lat' dir='ltr'>dominatum</span> 
     </span>
     <span class='ocr_line' id='line_1_37' title="bbox 279 1751 1163 1787; baseline 0 -1"><span class='ocrx_word' id='word_1_226' title='bbox 279 1753 457 1787; x_wconf 85' lang='lat' dir='ltr'>succeffisse</span> <span class='ocrx_word' id='word_1_227' title='bbox 479 1752 617 1787; x_wconf 85' lang='lat' dir='ltr'>Carolus</span> <span class='ocrx_word' id='word_1_228' title='bbox 634 1752 831 1786; x_wconf 86' lang='lat' dir='ltr'>existimavit</span> <span class='ocrx_word' id='word_1_229' title='bbox 854 1776 861 1783; x_wconf 87' lang='lat'><strong>.</strong></span> <span class='ocrx_word' id='word_1_230' title='bbox 885 1751 939 1786; x_wconf 85' lang='lat' dir='ltr'>De</span> <span class='ocrx_word' id='word_1_231' title='bbox 960 1751 1076 1786; x_wconf 87' lang='lat' dir='ltr'>eodem</span> <span class='ocrx_word' id='word_1_232' title='bbox 1101 1751 1163 1786; x_wconf 86' lang='lat' dir='ltr'>Re-</span> 
     </span>
     <span class='ocr_line' id='line_1_38' title="bbox 278 1801 1162 1848; baseline -0.002 -11"><span class='ocrx_word' id='word_1_233' title='bbox 278 1815 386 1848; x_wconf 84' lang='lat' dir='ltr'>gnum</span> <span class='ocrx_word' id='word_1_234' title='bbox 409 1803 595 1837; x_wconf 85' lang='lat' dir='ltr'>Arelatense</span> <span class='ocrx_word' id='word_1_235' title='bbox 616 1804 760 1847; x_wconf 83' lang='lat' dir='ltr'>erigente</span> <span class='ocrx_word' id='word_1_236' title='bbox 784 1801 892 1836; x_wconf 85' lang='lat' dir='ltr'>scribit</span> <span class='ocrx_word' id='word_1_237' title='bbox 917 1801 1029 1837; x_wconf 84' lang='lat' dir='ltr'>Abbas</span> <span class='ocrx_word' id='word_1_238' title='bbox 1063 1803 1162 1847; x_wconf 86' lang='lat' dir='ltr'>Regi-</span> 
     </span>
     <span class='ocr_line' id='line_1_39' title="bbox 278 1851 1162 1897; baseline -0.003 -10"><span class='ocrx_word' id='word_1_239' title='bbox 278 1866 328 1887; x_wconf 81' lang='lat' dir='ltr'>no</span> <span class='ocrx_word' id='word_1_240' title='bbox 343 1879 350 1886; x_wconf 95' lang='lat'>.</span> <span class='ocrx_word' id='word_1_241' title='bbox 376 1852 518 1897; x_wconf 86' lang='lat' dir='ltr'>Bosonem</span> <span class='ocrx_word' id='word_1_242' title='bbox 541 1856 646 1896; x_wconf 85' lang='lat' dir='ltr'>Regem</span> <span class='ocrx_word' id='word_1_243' title='bbox 667 1854 813 1895; x_wconf 79' lang='lat' dir='ltr'>appellari</span> <span class='ocrx_word' id='word_1_244' title='bbox 826 1852 922 1893; x_wconf 67' lang='lat' dir='ltr'>justit,</span> <span class='ocrx_word' id='word_1_245' title='bbox 947 1862 981 1885; x_wconf 87' lang='lat' dir='ltr'>ut</span> <span class='ocrx_word' id='word_1_246' title='bbox 1001 1864 1076 1886; x_wconf 85' lang='lat' dir='ltr'>more</span> <span class='ocrx_word' id='word_1_247' title='bbox 1084 1851 1162 1895; x_wconf 85' lang='lat' dir='ltr'>pris-</span> 
     </span>
     <span class='ocr_line' id='line_1_40' title="bbox 280 1903 1160 1946; baseline 0 -11"><span class='ocrx_word' id='word_1_248' title='bbox 280 1915 375 1937; x_wconf 78' lang='lat' dir='ltr'>corum</span> <span class='ocrx_word' id='word_1_249' title='bbox 412 1908 627 1946; x_wconf 81' lang='lat' dir='ltr'>Imperatorum</span> <span class='ocrx_word' id='word_1_250' title='bbox 652 1903 780 1946; x_wconf 81' lang='lat' dir='ltr'>Regibus</span> <span class='ocrx_word' id='word_1_251' title='bbox 815 1903 970 1936; x_wconf 79' lang='lat' dir='ltr'>videretur</span> <span class='ocrx_word' id='word_1_252' title='bbox 997 1904 1160 1936; x_wconf 76' lang='lat' dir='ltr'>dominari.</span> 
     </span>
     <span class='ocr_line' id='line_1_41' title="bbox 279 1952 1159 1999; baseline -0.005 -11"><span class='ocrx_word' id='word_1_253' title='bbox 279 1954 393 1999; x_wconf 83' lang='lat' dir='ltr'>Pergit</span> <span class='ocrx_word' id='word_1_254' title='bbox 414 1954 454 1988; x_wconf 90' lang='lat' dir='ltr'>de</span> <span class='ocrx_word' id='word_1_255' title='bbox 486 1954 687 1987; x_wconf 79' lang='lat' dir='ltr'>Francorum</span> <span class='ocrx_word' id='word_1_256' title='bbox 712 1953 804 1996; x_wconf 86' lang='lat' dir='ltr'>Rege</span> <span class='ocrx_word' id='word_1_257' title='bbox 829 1952 953 1985; x_wconf 87' lang='lat' dir='ltr'>Carolo</span> <span class='ocrx_word' id='word_1_258' title='bbox 987 1953 1159 1996; x_wconf 88' lang='lat' dir='ltr'>Simplice:</span> 
     </span>
     <span class='ocr_line' id='line_1_42' title="bbox 281 2002 1162 2044; baseline -0.001 -8"><span class='ocrx_word' id='word_1_259' title='bbox 281 2006 406 2038; x_wconf 84' lang='lat' dir='ltr'>Carolus</span> <span class='ocrx_word' id='word_1_260' title='bbox 426 2009 508 2038; x_wconf 85' lang='lat' dir='ltr'>vires</span> <span class='ocrx_word' id='word_1_261' title='bbox 530 2004 642 2036; x_wconf 76' lang='lat' dir='ltr'>odonis</span> <span class='ocrx_word' id='word_1_262' title='bbox 655 2028 665 2043; x_wconf 89' lang='lat'>,</span> <span class='ocrx_word' id='word_1_263' title='bbox 685 2002 811 2036; x_wconf 87' lang='lat' dir='ltr'>rebellis</span> <span class='ocrx_word' id='word_1_264' title='bbox 831 2002 887 2036; x_wconf 82' lang='lat' dir='ltr'>(ibi</span> <span class='ocrx_word' id='word_1_265' title='bbox 912 2002 1077 2043; x_wconf 83' lang='lat' dir='ltr'>Comitis,</span> <span class='ocrx_word' id='word_1_266' title='bbox 1096 2003 1162 2044; x_wconf 90' lang='lat' dir='ltr'>fer-</span> 
     </span>
     <span class='ocr_line' id='line_1_43' title="bbox 279 2051 1182 2095; baseline -0.001 -9"><span class='ocrx_word' id='word_1_267' title='bbox 279 2066 311 2087; x_wconf 86' lang='lat' dir='ltr'>re</span> <span class='ocrx_word' id='word_1_268' title='bbox 333 2065 389 2086; x_wconf 86' lang='lat' dir='ltr'>non</span> <span class='ocrx_word' id='word_1_269' title='bbox 399 2056 504 2086; x_wconf 85' lang='lat' dir='ltr'>valens</span> <span class='ocrx_word' id='word_1_270' title='bbox 518 2076 528 2093; x_wconf 90' lang='lat'>‚</span> <span class='ocrx_word' id='word_1_271' title='bbox 549 2059 717 2094; x_wconf 81' lang='lat' dir='ltr'>patrocinia</span> <span class='ocrx_word' id='word_1_272' title='bbox 728 2051 874 2093; x_wconf 80' lang='lat' dir='ltr'>Arnulphi</span> <span class='ocrx_word' id='word_1_273' title='bbox 894 2056 1082 2093; x_wconf 80' lang='lat' dir='ltr'>Imperatoris</span> <span class='ocrx_word' id='word_1_274' title='bbox 1093 2052 1162 2095; x_wconf 77' lang='lat' dir='ltr'>Jup-</span> <span class='ocrx_word' id='word_1_275' title='bbox 1180 2084 1182 2089; x_wconf 87' lang='grc'>,</span> 
     </span>
    </p>
   </div>
   <div class='ocr_carea' id='block_1_7' title="bbox 108 2100 1160 2147">
    <p class='ocr_par' dir='ltr' id='par_1_7' title="bbox 108 2100 1160 2147">
     <span class='ocr_line' id='line_1_44' title="bbox 108 2100 1160 2147; baseline 0.001 -13"><span class='ocrx_word' id='word_1_276' title='bbox 108 2101 143 2129; x_wconf 84' lang='grc' dir='ltr'>Α·</span> <span class='ocrx_word' id='word_1_277' title='bbox 169 2102 233 2135; x_wconf 75' lang='grc'>393·</span> <span class='ocrx_word' id='word_1_278' title='bbox 275 2105 349 2147; x_wconf 84' lang='lat' dir='ltr'>plex</span> <span class='ocrx_word' id='word_1_279' title='bbox 370 2100 520 2146; x_wconf 79' lang='lat' dir='ltr'>exposcit.</span> <span class='ocrx_word' id='word_1_280' title='bbox 549 2103 671 2141; x_wconf 78' lang='lat' dir='ltr'>AEstivo</span> <span class='ocrx_word' id='word_1_281' title='bbox 679 2103 821 2144; x_wconf 81' lang='lat' dir='ltr'>fiquidem</span> <span class='ocrx_word' id='word_1_282' title='bbox 845 2111 972 2143; x_wconf 81' lang='lat' dir='ltr'>tempore</span> <span class='ocrx_word' id='word_1_283' title='bbox 993 2103 1160 2144; x_wconf 79' lang='lat' dir='ltr'>Arnulphus</span> 
     </span>
    </p>
   </div>
   <div class='ocr_carea' id='block_1_8' title="bbox 110 2408 241 2442">
    <p class='ocr_par' dir='ltr' id='par_1_8' title="bbox 110 2408 241 2442">
     <span class='ocr_line' id='line_1_45' title="bbox 110 2408 241 2442; baseline -0.046 -6"><span class='ocrx_word' id='word_1_284' title='bbox 110 2408 145 2436; x_wconf 90' lang='lat' dir='ltr'>A.</span> <span class='ocrx_word' id='word_1_285' title='bbox 175 2408 241 2442; x_wconf 82' lang='lat'>8)3.</span> 
     </span>
    </p>
   </div>
   <div class='ocr_carea' id='block_1_9' title="bbox 126 3045 237 3116">
    <p class='ocr_par' dir='ltr' id='par_1_9' title="bbox 126 3045 237 3116">
     <span class='ocr_line' id='line_1_46' title="bbox 126 3045 237 3077; baseline -0.036 0"><span class='ocrx_word' id='word_1_286' title='bbox 126 3045 188 3077; x_wconf 82' lang='lat' dir='ltr'>Lib.</span> <span class='ocrx_word' id='word_1_287' title='bbox 211 3051 237 3075; x_wconf 86' lang='lat'>6.</span> 
     </span>
     <span class='ocr_line' id='line_1_47' title="bbox 126 3095 221 3116; baseline -0.021 0"><span class='ocrx_word' id='word_1_288' title='bbox 126 3095 150 3116; x_wconf 82' lang='lat' dir='ltr'>C.</span> <span class='ocrx_word' id='word_1_289' title='bbox 177 3097 221 3116; x_wconf 82' lang='lat'>10.</span> 
     </span>
    </p>
   </div>
   <div class='ocr_carea' id='block_1_10' title="bbox 279 2152 1161 2293">
    <p class='ocr_par' dir='ltr' id='par_1_10' title="bbox 279 2152 1161 2293">
     <span class='ocr_line' id='line_1_48' title="bbox 279 2152 1161 2195; baseline -0.005 -8"><span class='ocrx_word' id='word_1_290' title='bbox 279 2160 454 2188; x_wconf 74' lang='lat' dir='ltr'>‘conventum</span> <span class='ocrx_word' id='word_1_291' title='bbox 471 2153 621 2195; x_wconf 86' lang='lat' dir='ltr'>publicum</span> <span class='ocrx_word' id='word_1_292' title='bbox 644 2154 824 2184; x_wconf 80' lang='lat' dir='ltr'>Wormatiae</span> <span class='ocrx_word' id='word_1_293' title='bbox 845 2153 1021 2191; x_wconf 81' lang='lat' dir='ltr'>celebravit,</span> <span class='ocrx_word' id='word_1_294' title='bbox 1041 2152 1089 2183; x_wconf 85' lang='lat' dir='ltr'>ubi</span> <span class='ocrx_word' id='word_1_295' title='bbox 1102 2157 1161 2184; x_wconf 84' lang='lat' dir='ltr'>Ca-</span> 
     </span>
     <span class='ocr_line' id='line_1_49' title="bbox 280 2199 1161 2241; baseline -0.006 -4"><span class='ocrx_word' id='word_1_296' title='bbox 280 2206 360 2237; x_wconf 85' lang='lat' dir='ltr'>rolus</span> <span class='ocrx_word' id='word_1_297' title='bbox 381 2209 487 2241; x_wconf 77' lang='lat' dir='ltr'>venit,</span> <span class='ocrx_word' id='word_1_298' title='bbox 508 2204 542 2234; x_wconf 62' lang='lat' dir='ltr'>(ar</span> <span class='ocrx_word' id='word_1_299' title='bbox 567 2199 752 2241; x_wconf 75' lang='lat' dir='ltr'>Arnulpbum</span> <span class='ocrx_word' id='word_1_300' title='bbox 775 2204 893 2241; x_wconf 83' lang='lat' dir='ltr'>magnis</span> <span class='ocrx_word' id='word_1_301' title='bbox 917 2200 1088 2233; x_wconf 79' lang='lat' dir='ltr'>muneribus</span> <span class='ocrx_word' id='word_1_302' title='bbox 1105 2199 1161 2241; x_wconf 75' lang='lat' dir='ltr'>fibi</span> 
     </span>
     <span class='ocr_line' id='line_1_50' title="bbox 282 2245 1160 2293; baseline -0.009 -6"><span class='ocrx_word' id='word_1_303' title='bbox 282 2254 435 2292; x_wconf 86' lang='lat' dir='ltr'>concillat,</span> <span class='ocrx_word' id='word_1_304' title='bbox 466 2256 654 2293; x_wconf 87' lang='lat' dir='ltr'>Regnumque</span> <span class='ocrx_word' id='word_1_305' title='bbox 676 2249 756 2288; x_wconf 85' lang='lat' dir='ltr'>quod</span> <span class='ocrx_word' id='word_1_306' title='bbox 785 2245 1004 2287; x_wconf 81' lang='lat' dir='ltr'>usurpaverat,</span> <span class='ocrx_word' id='word_1_307' title='bbox 1038 2258 1076 2279; x_wconf 89' lang='lat' dir='ltr'>ex</span> <span class='ocrx_word' id='word_1_308' title='bbox 1096 2250 1160 2286; x_wconf 79' lang='lat' dir='ltr'>ejus</span> 
     </span>
    </p>
   </div>
   <div class='ocr_carea' id='block_1_11' title="bbox 242 2283 1162 2344">
    <p class='ocr_par' dir='ltr' id='par_1_11' title="bbox 242 2283 1162 2344">
     <span class='ocr_line' id='line_1_51' title="bbox 242 2283 1162 2344; baseline -0.009 -7"><span class='ocrx_word' id='word_1_309' title='bbox 242 2283 267 2318; x_wconf 55' lang='lat'><strong>⁶</strong></span> <span class='ocrx_word' id='word_1_310' title='bbox 283 2314 374 2337; x_wconf 84' lang='lat' dir='ltr'>manu</span> <span class='ocrx_word' id='word_1_311' title='bbox 392 2300 533 2344; x_wconf 77' lang='lat' dir='ltr'>suscepit.</span> <span class='ocrx_word' id='word_1_312' title='bbox 558 2299 610 2330; x_wconf 91' lang='lat' dir='ltr'>De</span> <span class='ocrx_word' id='word_1_313' title='bbox 629 2295 817 2329; x_wconf 86' lang='lat' dir='ltr'>Germanici</span> <span class='ocrx_word' id='word_1_314' title='bbox 839 2293 979 2338; x_wconf 88' lang='lat' dir='ltr'>Augusti</span> <span class='ocrx_word' id='word_1_315' title='bbox 1001 2305 1100 2328; x_wconf 86' lang='lat' dir='ltr'>manu</span> <span class='ocrx_word' id='word_1_316' title='bbox 1125 2307 1162 2329; x_wconf 88' lang='lat' dir='ltr'>ac</span> 
     </span>
    </p>
   </div>
   <div class='ocr_carea' id='block_1_12' title="bbox 285 2343 1184 3338">
    <p class='ocr_par' dir='ltr' id='par_1_12' title="bbox 285 2343 1184 3338">
     <span class='ocr_line' id='line_1_52' title="bbox 285 2343 1163 2389; baseline -0.013 -2"><span class='ocrx_word' id='word_1_317' title='bbox 285 2351 475 2387; x_wconf 86' lang='lat' dir='ltr'>investitura</span> <span class='ocrx_word' id='word_1_318' title='bbox 501 2360 568 2381; x_wconf 88' lang='lat' dir='ltr'>non</span> <span class='ocrx_word' id='word_1_319' title='bbox 592 2346 772 2389; x_wconf 86' lang='lat' dir='ltr'>susceptum</span> <span class='ocrx_word' id='word_1_320' title='bbox 793 2343 948 2388; x_wconf 82' lang='lat' dir='ltr'>Regnum</span> <span class='ocrx_word' id='word_1_321' title='bbox 971 2354 1066 2378; x_wconf 89' lang='lat' dir='ltr'>vocat</span> <span class='ocrx_word' id='word_1_322' title='bbox 1078 2345 1163 2377; x_wconf 89' lang='lat' dir='ltr'>usur-</span> 
     </span>
     <span class='ocr_line' id='line_1_53' title="bbox 285 2393 1183 2447; baseline -0.01 -11"><span class='ocrx_word' id='word_1_323' title='bbox 285 2413 418 2447; x_wconf 86' lang='lat' dir='ltr'>patum.</span> <span class='ocrx_word' id='word_1_324' title='bbox 443 2398 547 2446; x_wconf 85' lang='lat' dir='ltr'>Qod</span> <span class='ocrx_word' id='word_1_325' title='bbox 567 2397 670 2440; x_wconf 89' lang='lat' dir='ltr'>ipsum</span> <span class='ocrx_word' id='word_1_326' title='bbox 692 2394 835 2428; x_wconf 88' lang='lat' dir='ltr'>scribunt</span> <span class='ocrx_word' id='word_1_327' title='bbox 861 2393 1005 2427; x_wconf 85' lang='lat' dir='ltr'>Annales</span> <span class='ocrx_word' id='word_1_328' title='bbox 1026 2395 1183 2435; x_wconf 25' lang='lat' dir='ltr'>Franco-v</span> 
     </span>
     <span class='ocr_line' id='line_1_54' title="bbox 286 2441 1184 2489; baseline -0.013 -2"><span class='ocrx_word' id='word_1_329' title='bbox 286 2464 357 2487; x_wconf 84' lang='lat' dir='ltr'>rum</span> <span class='ocrx_word' id='word_1_330' title='bbox 381 2450 558 2489; x_wconf 86' lang='lat' dir='ltr'>Metenses.</span> <span class='ocrx_word' id='word_1_331' title='bbox 584 2447 669 2480; x_wconf 90' lang='lat' dir='ltr'>Rem</span> <span class='ocrx_word' id='word_1_332' title='bbox 690 2445 725 2478; x_wconf 89' lang='lat' dir='ltr'>in</span> <span class='ocrx_word' id='word_1_333' title='bbox 744 2444 930 2487; x_wconf 85' lang='lat' dir='ltr'>Anglorum</span> <span class='ocrx_word' id='word_1_334' title='bbox 952 2445 1082 2488; x_wconf 87' lang='lat' dir='ltr'>Regum</span> <span class='ocrx_word' id='word_1_335' title='bbox 1098 2441 1184 2477; x_wconf 40' lang='lat' dir='ltr'>An*</span> 
     </span>
     <span class='ocr_line' id='line_1_55' title="bbox 287 2493 1166 2537; baseline -0.011 -1"><span class='ocrx_word' id='word_1_336' title='bbox 287 2501 418 2537; x_wconf 85' lang='lat' dir='ltr'>nalibus</span> <span class='ocrx_word' id='word_1_337' title='bbox 439 2499 581 2533; x_wconf 86' lang='lat' dir='ltr'>elucidat</span> <span class='ocrx_word' id='word_1_338' title='bbox 600 2496 732 2530; x_wconf 88' lang='lat' dir='ltr'>Simeon</span> <span class='ocrx_word' id='word_1_339' title='bbox 755 2493 943 2527; x_wconf 87' lang='lat' dir='ltr'>Monachus</span> <span class='ocrx_word' id='word_1_340' title='bbox 964 2494 1166 2528; x_wconf 87' lang='lat' dir='ltr'>Dunelmen-</span> 
     </span>
     <span class='ocr_line' id='line_1_56' title="bbox 288 2543 1168 2588; baseline -0.009 -3"><span class='ocrx_word' id='word_1_341' title='bbox 288 2552 347 2585; x_wconf 81' lang='lat' dir='ltr'>sls:</span> <span class='ocrx_word' id='word_1_342' title='bbox 370 2550 476 2583; x_wconf 86' lang='lat' dir='ltr'>Carolo</span> <span class='ocrx_word' id='word_1_343' title='bbox 500 2548 616 2582; x_wconf 86' lang='lat' dir='ltr'>Crasso</span> <span class='ocrx_word' id='word_1_344' title='bbox 638 2545 834 2588; x_wconf 83' lang='lat' dir='ltr'>Imperatore</span> <span class='ocrx_word' id='word_1_345' title='bbox 858 2543 1014 2586; x_wconf 68' lang='lat' dir='ltr'>defhm‘h,</span> <span class='ocrx_word' id='word_1_346' title='bbox 1035 2547 1168 2587; x_wconf 82' lang='lat' dir='ltr'>Regnum</span> 
     </span>
     <span class='ocr_line' id='line_1_57' title="bbox 288 2594 1167 2648; baseline -0.01 -14"><span class='ocrx_word' id='word_1_347' title='bbox 288 2607 319 2635; x_wconf 84' lang='lat' dir='ltr'>in</span> <span class='ocrx_word' id='word_1_348' title='bbox 343 2608 471 2648; x_wconf 80' lang='lat' dir='ltr'>quinque</span> <span class='ocrx_word' id='word_1_349' title='bbox 490 2596 621 2642; x_wconf 83' lang='lat' dir='ltr'>divisum</span> <span class='ocrx_word' id='word_1_350' title='bbox 640 2595 696 2636; x_wconf 86' lang='lat' dir='ltr'>est,</span> <span class='ocrx_word' id='word_1_351' title='bbox 718 2594 776 2637; x_wconf 85' lang='lat' dir='ltr'>sed</span> <span class='ocrx_word' id='word_1_352' title='bbox 795 2595 984 2635; x_wconf 79' lang='lat' dir='ltr'>principalior</span> <span class='ocrx_word' id='word_1_353' title='bbox 1004 2602 1077 2634; x_wconf 85' lang='lat' dir='ltr'>pars</span> <span class='ocrx_word' id='word_1_354' title='bbox 1098 2602 1167 2636; x_wconf 85' lang='lat' dir='ltr'>pro-</span> 
     </span>
     <span class='ocr_line' id='line_1_58' title="bbox 289 2642 1168 2691; baseline -0.01 -6"><span class='ocrx_word' id='word_1_355' title='bbox 289 2657 374 2686; x_wconf 83' lang='lat' dir='ltr'>venit</span> <span class='ocrx_word' id='word_1_356' title='bbox 397 2648 546 2691; x_wconf 73' lang='lat' dir='ltr'>arnulpho</span> <span class='ocrx_word' id='word_1_357' title='bbox 566 2673 576 2689; x_wconf 85' lang='lat'>,</span> <span class='ocrx_word' id='word_1_358' title='bbox 611 2653 657 2679; x_wconf 87' lang='lat' dir='ltr'>cui</span> <span class='ocrx_word' id='word_1_359' title='bbox 683 2647 736 2678; x_wconf 83' lang='lat' dir='ltr'>alit</span> <span class='ocrx_word' id='word_1_360' title='bbox 767 2653 890 2685; x_wconf 80' lang='lat' dir='ltr'>quatuor</span> <span class='ocrx_word' id='word_1_361' title='bbox 920 2643 1092 2686; x_wconf 81' lang='lat' dir='ltr'>fidelitatem</span> <span class='ocrx_word' id='word_1_362' title='bbox 1110 2642 1168 2686; x_wconf 87' lang='lat' dir='ltr'>sua</span> 
     </span>
     <span class='ocr_line' id='line_1_59' title="bbox 286 2691 1166 2745; baseline -0.011 -10"><span class='ocrx_word' id='word_1_363' title='bbox 286 2701 391 2745; x_wconf 85' lang='lat' dir='ltr'>sponte</span> <span class='ocrx_word' id='word_1_364' title='bbox 404 2703 593 2743; x_wconf 28' lang='lat' dir='ltr'>juraverunt·</span> <span class='ocrx_word' id='word_1_365' title='bbox 609 2721 620 2737; x_wconf 91' lang='lat'>‚</span> <span class='ocrx_word' id='word_1_366' title='bbox 647 2691 910 2739; x_wconf 67' lang='lat' dir='ltr'>subjeHionemque</span> <span class='ocrx_word' id='word_1_367' title='bbox 940 2692 1137 2726; x_wconf 83' lang='lat' dir='ltr'>exhibuerunt</span> <span class='ocrx_word' id='word_1_368' title='bbox 1160 2719 1166 2725; x_wconf 93' lang='lat'>.</span> 
     </span>
     <span class='ocr_line' id='line_1_60' title="bbox 290 2746 1167 2793; baseline -0.008 -10"><span class='ocrx_word' id='word_1_369' title='bbox 290 2754 374 2793; x_wconf 70' lang='lat' dir='ltr'>,Quia</span> <span class='ocrx_word' id='word_1_370' title='bbox 395 2750 492 2782; x_wconf 86' lang='lat' dir='ltr'>nullus</span> <span class='ocrx_word' id='word_1_371' title='bbox 514 2757 610 2781; x_wconf 85' lang='lat' dir='ltr'>eorum</span> <span class='ocrx_word' id='word_1_372' title='bbox 632 2757 670 2779; x_wconf 80' lang='lat' dir='ltr'>ex</span> <span class='ocrx_word' id='word_1_373' title='bbox 698 2753 827 2786; x_wconf 86' lang='lat' dir='ltr'>paterna</span> <span class='ocrx_word' id='word_1_374' title='bbox 855 2750 994 2787; x_wconf 85' lang='lat' dir='ltr'>progenie</span> <span class='ocrx_word' id='word_1_375' title='bbox 1019 2746 1167 2787; x_wconf 84' lang='lat' dir='ltr'>legitimus</span> 
     </span>
     <span class='ocr_line' id='line_1_61' title="bbox 292 2791 1166 2843; baseline -0.007 -11"><span class='ocrx_word' id='word_1_376' title='bbox 292 2804 387 2843; x_wconf 82' lang='lat' dir='ltr'>Regni</span> <span class='ocrx_word' id='word_1_377' title='bbox 408 2799 486 2831; x_wconf 67' lang='lat' dir='ltr'>illius</span> <span class='ocrx_word' id='word_1_378' title='bbox 502 2804 619 2838; x_wconf 84' lang='lat' dir='ltr'>poterat</span> <span class='ocrx_word' id='word_1_379' title='bbox 643 2794 693 2836; x_wconf 80' lang='lat' dir='ltr'>effe</span> <span class='ocrx_word' id='word_1_380' title='bbox 714 2793 809 2826; x_wconf 78' lang='lat' dir='ltr'>haeres</span> <span class='ocrx_word' id='word_1_381' title='bbox 827 2801 939 2834; x_wconf 79' lang='lat' dir='ltr'>praeter</span> <span class='ocrx_word' id='word_1_382' title='bbox 957 2791 1051 2835; x_wconf 91' lang='lat' dir='ltr'>solum</span> <span class='ocrx_word' id='word_1_383' title='bbox 1064 2796 1166 2826; x_wconf 78' lang='lat' dir='ltr'>Arnul·</span> 
     </span>
     <span class='ocr_line' id='line_1_62' title="bbox 288 2841 1169 2892; baseline -0.006 -11"><span class='ocrx_word' id='word_1_384' title='bbox 288 2849 401 2892; x_wconf 81' lang='lat' dir='ltr'>pbum.</span> <span class='ocrx_word' id='word_1_385' title='bbox 423 2848 513 2890; x_wconf 84' lang='lat' dir='ltr'>Apud</span> <span class='ocrx_word' id='word_1_386' title='bbox 531 2847 613 2878; x_wconf 80' lang='lat' dir='ltr'>illum</span> <span class='ocrx_word' id='word_1_387' title='bbox 637 2850 716 2877; x_wconf 87' lang='lat' dir='ltr'>enim</span> <span class='ocrx_word' id='word_1_388' title='bbox 727 2841 830 2882; x_wconf 80' lang='lat' dir='ltr'>manfit</span> <span class='ocrx_word' id='word_1_389' title='bbox 840 2846 1018 2884; x_wconf 80' lang='lat' dir='ltr'>Imperium.</span> <span class='ocrx_word' id='word_1_390' title='bbox 1045 2843 1169 2876; x_wconf 87' lang='lat' dir='ltr'>Rudol-</span> 
     </span>
     <span class='ocr_line' id='line_1_63' title="bbox 292 2892 1167 2942; baseline -0.008 -10"><span class='ocrx_word' id='word_1_391' title='bbox 292 2899 360 2942; x_wconf 86' lang='lat' dir='ltr'>pho</span> <span class='ocrx_word' id='word_1_392' title='bbox 378 2897 600 2942; x_wconf 87' lang='lat' dir='ltr'>Burgundiam</span> <span class='ocrx_word' id='word_1_393' title='bbox 613 2916 622 2932; x_wconf 83' lang='lat'>‚</span> <span class='ocrx_word' id='word_1_394' title='bbox 643 2893 757 2927; x_wconf 86' lang='lat' dir='ltr'>Odoni</span> <span class='ocrx_word' id='word_1_395' title='bbox 770 2892 959 2930; x_wconf 86' lang='lat' dir='ltr'>Franciam,</span> <span class='ocrx_word' id='word_1_396' title='bbox 980 2892 1167 2936; x_wconf 89' lang='lat' dir='ltr'>Longobar-</span> 
     </span>
     <span class='ocr_line' id='line_1_64' title="bbox 290 2942 1169 2987; baseline -0.009 -4"><span class='ocrx_word' id='word_1_397' title='bbox 290 2950 381 2982; x_wconf 86' lang='lat' dir='ltr'>diam</span> <span class='ocrx_word' id='word_1_398' title='bbox 401 2949 446 2982; x_wconf 90' lang='lat' dir='ltr'>ait</span> <span class='ocrx_word' id='word_1_399' title='bbox 470 2947 591 2981; x_wconf 86' lang='lat' dir='ltr'>ceffisse</span> <span class='ocrx_word' id='word_1_400' title='bbox 605 2943 798 2987; x_wconf 82' lang='lat' dir='ltr'>Berengario</span> <span class='ocrx_word' id='word_1_401' title='bbox 809 2954 845 2976; x_wconf 88' lang='lat' dir='ltr'>ac</span> <span class='ocrx_word' id='word_1_402' title='bbox 857 2942 1004 2976; x_wconf 81' lang='lat' dir='ltr'>Gnidoni</span> <span class='ocrx_word' id='word_1_403' title='bbox 1017 2943 1169 2975; x_wconf 87' lang='lat' dir='ltr'>Odonem</span> 
     </span>
     <span class='ocr_line' id='line_1_65' title="bbox 292 2991 1169 3039; baseline -0.008 -6"><span class='ocrx_word' id='word_1_404' title='bbox 292 3000 334 3033; x_wconf 86' lang='lat' dir='ltr'>de</span> <span class='ocrx_word' id='word_1_405' title='bbox 355 2995 521 3039; x_wconf 87' lang='lat' dir='ltr'>Arnulphi</span> <span class='ocrx_word' id='word_1_406' title='bbox 543 2994 703 3028; x_wconf 89' lang='lat' dir='ltr'>consensu</span> <span class='ocrx_word' id='word_1_407' title='bbox 714 2994 747 3026; x_wconf 72' lang='grc' dir='ltr'>ὅτ,</span> <span class='ocrx_word' id='word_1_408' title='bbox 758 2991 915 3026; x_wconf 90' lang='lat' dir='ltr'>beneficio</span> <span class='ocrx_word' id='word_1_409' title='bbox 928 2992 1022 3025; x_wconf 87' lang='lat' dir='ltr'>fuisse</span> <span class='ocrx_word' id='word_1_410' title='bbox 1035 2992 1169 3026; x_wconf 70' lang='lat' dir='ltr'>elestum</span> 
     </span>
     <span class='ocr_line' id='line_1_66' title="bbox 292 3042 1170 3086; baseline -0.01 -2"><span class='ocrx_word' id='word_1_411' title='bbox 292 3049 423 3084; x_wconf 88' lang='lat' dir='ltr'>testatur</span> <span class='ocrx_word' id='word_1_412' title='bbox 432 3048 530 3080; x_wconf 87' lang='lat' dir='ltr'>etiam</span> <span class='ocrx_word' id='word_1_413' title='bbox 541 3043 635 3079; x_wconf 88' lang='lat' dir='ltr'>Otho</span> <span class='ocrx_word' id='word_1_414' title='bbox 650 3043 827 3086; x_wconf 84' lang='lat' dir='ltr'>Episcopus</span> <span class='ocrx_word' id='word_1_415' title='bbox 839 3042 1041 3086; x_wconf 81' lang='lat' dir='ltr'>Frifingensis</span> <span class='ocrx_word' id='word_1_416' title='bbox 1051 3067 1058 3073; x_wconf 91' lang='lat'>.</span> <span class='ocrx_word' id='word_1_417' title='bbox 1080 3042 1170 3075; x_wconf 85' lang='lat' dir='ltr'>Hinc</span> 
     </span>
     <span class='ocr_line' id='line_1_67' title="bbox 294 3091 1170 3134; baseline -0.009 -1"><span class='ocrx_word' id='word_1_418' title='bbox 294 3100 388 3134; x_wconf 89' lang='lat' dir='ltr'>illum</span> <span class='ocrx_word' id='word_1_419' title='bbox 410 3095 548 3130; x_wconf 84' lang='lat' dir='ltr'>deserere</span> <span class='ocrx_word' id='word_1_420' title='bbox 569 3119 579 3134; x_wconf 86' lang='lat'>,</span> <span class='ocrx_word' id='word_1_421' title='bbox 613 3094 646 3126; x_wconf 74' lang='grc' dir='ltr'>δε</span> <span class='ocrx_word' id='word_1_422' title='bbox 678 3092 718 3126; x_wconf 90' lang='lat' dir='ltr'>ad</span> <span class='ocrx_word' id='word_1_423' title='bbox 751 3091 907 3125; x_wconf 89' lang='lat' dir='ltr'>Carolum</span> <span class='ocrx_word' id='word_1_424' title='bbox 931 3092 1000 3134; x_wconf 89' lang='lat' dir='ltr'>post</span> <span class='ocrx_word' id='word_1_425' title='bbox 1034 3103 1170 3134; x_wconf 90' lang='lat' dir='ltr'>quatuor</span> 
     </span>
     <span class='ocr_line' id='line_1_68' title="bbox 294 3141 1171 3183; baseline -0.009 0"><span class='ocrx_word' id='word_1_426' title='bbox 294 3149 425 3183; x_wconf 83' lang='lat' dir='ltr'>demum</span> <span class='ocrx_word' id='word_1_427' title='bbox 446 3156 550 3180; x_wconf 87' lang='lat' dir='ltr'>annos</span> <span class='ocrx_word' id='word_1_428' title='bbox 574 3144 591 3176; x_wconf 69' lang='lat' dir='ltr'>a</span> <span class='ocrx_word' id='word_1_429' title='bbox 613 3143 728 3175; x_wconf 66' lang='lat' dir='ltr'>Sancio</span> <span class='ocrx_word' id='word_1_430' title='bbox 749 3142 893 3175; x_wconf 89' lang='lat' dir='ltr'>Fulcone</span> <span class='ocrx_word' id='word_1_431' title='bbox 928 3141 1078 3174; x_wconf 86' lang='lat' dir='ltr'>Remenfi</span> <span class='ocrx_word' id='word_1_432' title='bbox 1114 3142 1171 3175; x_wconf 86' lang='lat' dir='ltr'>Ar-</span> 
     </span>
     <span class='ocr_line' id='line_1_69' title="bbox 295 3190 1168 3241; baseline -0.009 -8"><span class='ocrx_word' id='word_1_433' title='bbox 295 3198 503 3241; x_wconf 87' lang='lat' dir='ltr'>chiepiscopo</span> <span class='ocrx_word' id='word_1_434' title='bbox 526 3195 671 3228; x_wconf 68' lang='lat' dir='ltr'>evestum</span> <span class='ocrx_word' id='word_1_435' title='bbox 696 3191 829 3225; x_wconf 82' lang='lat' dir='ltr'>deficere</span> <span class='ocrx_word' id='word_1_436' title='bbox 843 3190 1033 3234; x_wconf 88' lang='lat' dir='ltr'>Arnulphus</span> <span class='ocrx_word' id='word_1_437' title='bbox 1047 3191 1168 3232; x_wconf 82' lang='lat' dir='ltr'>noluit,</span> 
     </span>
     <span class='ocr_line' id='line_1_70' title="bbox 294 3239 1169 3289; baseline -0.008 -7"><span class='ocrx_word' id='word_1_438' title='bbox 294 3249 353 3283; x_wconf 80' lang='lat' dir='ltr'>nisi</span> <span class='ocrx_word' id='word_1_439' title='bbox 376 3244 517 3289; x_wconf 85' lang='lat' dir='ltr'>usurpati</span> <span class='ocrx_word' id='word_1_440' title='bbox 551 3243 659 3287; x_wconf 87' lang='lat' dir='ltr'>Regni</span> <span class='ocrx_word' id='word_1_441' title='bbox 683 3241 797 3286; x_wconf 86' lang='lat' dir='ltr'>agnito</span> <span class='ocrx_word' id='word_1_442' title='bbox 818 3252 922 3274; x_wconf 83' lang='lat' dir='ltr'>errore</span> <span class='ocrx_word' id='word_1_443' title='bbox 944 3266 953 3281; x_wconf 94' lang='lat'>,</span> <span class='ocrx_word' id='word_1_444' title='bbox 988 3239 1061 3274; x_wconf 84' lang='lat' dir='ltr'>data</span> <span class='ocrx_word' id='word_1_445' title='bbox 1085 3241 1169 3275; x_wconf 89' lang='lat' dir='ltr'>inve-</span> 
     </span>
     <span class='ocr_line' id='line_1_71' title="bbox 296 3290 1168 3338; baseline -0.008 -7"><span class='ocrx_word' id='word_1_446' title='bbox 296 3298 405 3331; x_wconf 86' lang='lat' dir='ltr'>stitura</span> <span class='ocrx_word' id='word_1_447' title='bbox 418 3319 428 3336; x_wconf 88' lang='lat'>,</span> <span class='ocrx_word' id='word_1_448' title='bbox 450 3296 482 3328; x_wconf 78' lang='grc' dir='ltr'>δε</span> <span class='ocrx_word' id='word_1_449' title='bbox 501 3302 634 3335; x_wconf 87' lang='lat' dir='ltr'>accepto</span> <span class='ocrx_word' id='word_1_450' title='bbox 650 3290 800 3324; x_wconf 89' lang='lat' dir='ltr'>hominio</span> <span class='ocrx_word' id='word_1_451' title='bbox 814 3290 1060 3324; x_wconf 85' lang='lat' dir='ltr'>reconciliatus.</span> <span class='ocrx_word' id='word_1_452' title='bbox 1080 3292 1168 3338; x_wconf 82' lang='lat' dir='ltr'>Qo-</span> 
     </span>
    </p>
   </div>
   <div class='ocr_carea' id='block_1_13' title="bbox 810 114 1264 161">
    <p class='ocr_par' dir='ltr' id='par_1_13' title="bbox 810 114 1264 161">
     <span class='ocr_line' id='line_1_72' title="bbox 810 114 1264 161; baseline 0.011 -5"><span class='ocrx_word' id='word_1_453' title='bbox 810 114 1264 161; x_wconf 76' lang='lat' dir='ltr'>VICTORls</span> 
     </span>
    </p>
   </div>
   <div class='ocr_carea' id='block_1_14' title="bbox 1337 131 1725 165">
    <p class='ocr_par' dir='ltr' id='par_1_14' title="bbox 1337 131 1725 165">
     <span class='ocr_line' id='line_1_73' title="bbox 1337 131 1725 165; baseline 0.01 -4"><span class='ocrx_word' id='word_1_454' title='bbox 1337 131 1725 165; x_wconf 84' lang='lat' dir='ltr'>SECUNDI</span> 
     </span>
    </p>
   </div>
   <div class='ocr_carea' id='block_1_15' title="bbox 1220 205 2260 2391">
    <p class='ocr_par' dir='ltr' id='par_1_15' title="bbox 1224 205 2254 1148">
     <span class='ocr_line' id='line_1_74' title="bbox 1235 205 2109 254; baseline 0.009 -17"><span class='ocrx_word' id='word_1_455' title='bbox 1235 205 1368 238; x_wconf 69' lang='lat' dir='ltr'>Sanctus</span> <span class='ocrx_word' id='word_1_456' title='bbox 1387 205 1491 239; x_wconf 91' lang='lat' dir='ltr'>Fulco</span> <span class='ocrx_word' id='word_1_457' title='bbox 1505 230 1515 246; x_wconf 90' lang='lat'>,</span> <span class='ocrx_word' id='word_1_458' title='bbox 1535 205 1682 240; x_wconf 84' lang='lat' dir='ltr'>Francici</span> <span class='ocrx_word' id='word_1_459' title='bbox 1704 207 1817 252; x_wconf 88' lang='lat' dir='ltr'>Regni</span> <span class='ocrx_word' id='word_1_460' title='bbox 1836 210 2039 254; x_wconf 83' lang='lat' dir='ltr'>Majestatem</span> <span class='ocrx_word' id='word_1_461' title='bbox 2053 211 2109 245; x_wconf 90' lang='lat' dir='ltr'>diu</span> 
     </span>
     <span class='ocr_line' id='line_1_75' title="bbox 1233 251 2242 301; baseline 0.009 -14"><span class='ocrx_word' id='word_1_462' title='bbox 1233 264 1370 288; x_wconf 84' lang='lat' dir='ltr'>conatus</span> <span class='ocrx_word' id='word_1_463' title='bbox 1391 254 1583 296; x_wconf 87' lang='lat' dir='ltr'>defendere,</span> <span class='ocrx_word' id='word_1_464' title='bbox 1601 256 1735 290; x_wconf 85' lang='lat' dir='ltr'>tandem</span> <span class='ocrx_word' id='word_1_465' title='bbox 1757 257 1805 291; x_wconf 88' lang='lat' dir='ltr'>illi</span> <span class='ocrx_word' id='word_1_466' title='bbox 1826 252 1954 295; x_wconf 58' lang='lat' dir='ltr'>manu?</span> <span class='ocrx_word' id='word_1_467' title='bbox 1962 260 2086 296; x_wconf 87' lang='lat' dir='ltr'>dederit</span> <span class='ocrx_word' id='word_1_468' title='bbox 2100 285 2111 301; x_wconf 90' lang='lat'>‚</span> <span class='ocrx_word' id='word_1_469' title='bbox 2130 251 2190 282; x_wconf 87' lang='lat' dir='ltr'>Lib.</span> <span class='ocrx_word' id='word_1_470' title='bbox 2216 263 2242 287; x_wconf 80' lang='lat'>4-</span> 
     </span>
     <span class='ocr_line' id='line_1_76' title="bbox 1234 301 2241 355; baseline 0.008 -18"><span class='ocrx_word' id='word_1_471' title='bbox 1234 304 1295 338; x_wconf 76' lang='lat' dir='ltr'>late</span> <span class='ocrx_word' id='word_1_472' title='bbox 1316 303 1412 339; x_wconf 89' lang='lat' dir='ltr'>habes</span> <span class='ocrx_word' id='word_1_473' title='bbox 1435 306 1470 338; x_wconf 91' lang='lat' dir='ltr'>in</span> <span class='ocrx_word' id='word_1_474' title='bbox 1489 305 1660 339; x_wconf 87' lang='lat' dir='ltr'>Remenfis</span> <span class='ocrx_word' id='word_1_475' title='bbox 1680 307 1827 341; x_wconf 79' lang='lat' dir='ltr'>Ecclefiae</span> <span class='ocrx_word' id='word_1_476' title='bbox 1859 309 1991 345; x_wconf 84' lang='lat' dir='ltr'>historia</span> <span class='ocrx_word' id='word_1_477' title='bbox 2024 311 2112 355; x_wconf 84' lang='lat' dir='ltr'>apud</span> <span class='ocrx_word' id='word_1_478' title='bbox 2130 301 2190 330; x_wconf 52' lang='grc' dir='ltr'>αρ’</span> <span class='ocrx_word' id='word_1_479' title='bbox 2218 301 2241 326; x_wconf 81' lang='lat'>5-</span> 
     </span>
     <span class='ocr_line' id='line_1_77' title="bbox 1232 353 2111 402; baseline 0.008 -14"><span class='ocrx_word' id='word_1_480' title='bbox 1232 353 1455 389; x_wconf 87' lang='lat' dir='ltr'>Flodoardum</span> <span class='ocrx_word' id='word_1_481' title='bbox 1473 380 1481 388; x_wconf 86' lang='lat'>.</span> <span class='ocrx_word' id='word_1_482' title='bbox 1508 356 1562 389; x_wconf 88' lang='lat' dir='ltr'>De</span> <span class='ocrx_word' id='word_1_483' title='bbox 1595 356 1712 391; x_wconf 87' lang='lat' dir='ltr'>eodem</span> <span class='ocrx_word' id='word_1_484' title='bbox 1735 357 1830 402; x_wconf 88' lang='lat' dir='ltr'>Rege</span> <span class='ocrx_word' id='word_1_485' title='bbox 1856 359 1977 395; x_wconf 86' lang='lat' dir='ltr'>Carolo</span> <span class='ocrx_word' id='word_1_486' title='bbox 2002 360 2111 395; x_wconf 89' lang='lat' dir='ltr'>scribit</span> 
     </span>
     <span class='ocr_line' id='line_1_78' title="bbox 1232 403 2112 448; baseline 0.008 -10"><span class='ocrx_word' id='word_1_487' title='bbox 1232 403 1416 448; x_wconf 76' lang='lat' dir='ltr'>sigebertus</span> <span class='ocrx_word' id='word_1_488' title='bbox 1437 405 1694 440; x_wconf 83' lang='lat' dir='ltr'>Gemblacenfis:</span> <span class='ocrx_word' id='word_1_489' title='bbox 1717 409 1839 441; x_wconf 85' lang='lat' dir='ltr'>Carolus</span> <span class='ocrx_word' id='word_1_490' title='bbox 1851 413 1916 442; x_wconf 82' lang='lat' dir='ltr'>Rex</span> <span class='ocrx_word' id='word_1_491' title='bbox 1928 415 2112 444; x_wconf 85' lang='lat' dir='ltr'>Francorum</span> 
     </span>
     <span class='ocr_line' id='line_1_79' title="bbox 1230 454 2112 500; baseline 0.006 -13"><span class='ocrx_word' id='word_1_492' title='bbox 1230 465 1301 488; x_wconf 85' lang='lat' dir='ltr'>cum·</span> <span class='ocrx_word' id='word_1_493' title='bbox 1315 457 1429 489; x_wconf 69' lang='lat' dir='ltr'>auxilio</span> <span class='ocrx_word' id='word_1_494' title='bbox 1452 454 1683 497; x_wconf 74' lang='lat' dir='ltr'>Lotharienst‘um</span> <span class='ocrx_word' id='word_1_495' title='bbox 1698 459 1794 499; x_wconf 86' lang='lat' dir='ltr'>juxta</span> <span class='ocrx_word' id='word_1_496' title='bbox 1817 460 1922 492; x_wconf 85' lang='lat' dir='ltr'>Urbem</span> <span class='ocrx_word' id='word_1_497' title='bbox 1945 461 2112 500; x_wconf 76' lang='lat' dir='ltr'>Sueffionum</span> 
     </span>
     <span class='ocr_line' id='line_1_80' title="bbox 1226 506 2113 553; baseline 0.007 -16"><span class='ocrx_word' id='word_1_498' title='bbox 1226 513 1369 548; x_wconf 81' lang='lat' dir='ltr'>pugnans</span> <span class='ocrx_word' id='word_1_499' title='bbox 1390 513 1492 538; x_wconf 84' lang='lat' dir='ltr'>contra</span> <span class='ocrx_word' id='word_1_500' title='bbox 1524 506 1683 540; x_wconf 80' lang='lat' dir='ltr'>Robertum</span> <span class='ocrx_word' id='word_1_501' title='bbox 1700 507 1834 548; x_wconf 82' lang='lat' dir='ltr'>fratrem</span> <span class='ocrx_word' id='word_1_502' title='bbox 1859 511 1970 542; x_wconf 81' lang='lat' dir='ltr'>odonis</span> <span class='ocrx_word' id='word_1_503' title='bbox 1991 513 2079 553; x_wconf 82' lang='lat' dir='ltr'>Regis</span> <span class='ocrx_word' id='word_1_504' title='bbox 2101 534 2113 550; x_wconf 91' lang='lat'>,</span> 
     </span>
     <span class='ocr_line' id='line_1_81' title="bbox 1231 554 2114 600; baseline 0.008 -14"><span class='ocrx_word' id='word_1_505' title='bbox 1231 561 1281 596; x_wconf 80' lang='lat' dir='ltr'>qui</span> <span class='ocrx_word' id='word_1_506' title='bbox 1306 563 1407 588; x_wconf 86' lang='lat' dir='ltr'>contra</span> <span class='ocrx_word' id='word_1_507' title='bbox 1429 554 1461 595; x_wconf 65' lang='lat' dir='ltr'>lb</span> <span class='ocrx_word' id='word_1_508' title='bbox 1488 559 1619 600; x_wconf 84' lang='lat' dir='ltr'>Regnum</span> <span class='ocrx_word' id='word_1_509' title='bbox 1644 561 1826 591; x_wconf 76' lang='lat' dir='ltr'>Francorum</span> <span class='ocrx_word' id='word_1_510' title='bbox 1836 559 2022 599; x_wconf 76' lang='lat' dir='ltr'>invadebat,</span> <span class='ocrx_word' id='word_1_511' title='bbox 2048 571 2114 592; x_wconf 90' lang='lat' dir='ltr'>eum</span> 
     </span>
     <span class='ocr_line' id='line_1_82' title="bbox 1230 606 2114 650; baseline 0.006 -13"><span class='ocrx_word' id='word_1_512' title='bbox 1230 616 1295 637; x_wconf 87' lang='lat' dir='ltr'>cum</span> <span class='ocrx_word' id='word_1_513' title='bbox 1321 606 1424 639; x_wconf 80' lang='lat' dir='ltr'>multis</span> <span class='ocrx_word' id='word_1_514' title='bbox 1445 612 1574 646; x_wconf 82' lang='lat' dir='ltr'>peremit</span> <span class='ocrx_word' id='word_1_515' title='bbox 1591 631 1602 646; x_wconf 92' lang='lat'>,</span> <span class='ocrx_word' id='word_1_516' title='bbox 1641 609 1674 641; x_wconf 69' lang='grc' dir='ltr'>ό*</span> <span class='ocrx_word' id='word_1_517' title='bbox 1694 606 1729 650; x_wconf 86' lang='lat' dir='ltr'>sc</span> <span class='ocrx_word' id='word_1_518' title='bbox 1755 610 1789 641; x_wconf 62' lang='lat'>(5</span> <span class='ocrx_word' id='word_1_519' title='bbox 1814 612 1979 642; x_wconf 84' lang='lat' dir='ltr'>Franciam</span> <span class='ocrx_word' id='word_1_520' title='bbox 2007 614 2114 642; x_wconf 79' lang='lat' dir='ltr'>Hemi-</span> 
     </span>
     <span class='ocr_line' id='line_1_83' title="bbox 1229 655 2112 702; baseline 0.006 -16"><span class='ocrx_word' id='word_1_521' title='bbox 1229 666 1258 687; x_wconf 76' lang='grc' dir='ltr'>σο</span> <span class='ocrx_word' id='word_1_522' title='bbox 1285 655 1398 690; x_wconf 83' lang='lat' dir='ltr'>Primo</span> <span class='ocrx_word' id='word_1_523' title='bbox 1423 656 1609 690; x_wconf 65' lang='lat' dir='ltr'>Germaniae</span> <span class='ocrx_word' id='word_1_524' title='bbox 1636 656 1823 700; x_wconf 82' lang='lat' dir='ltr'>Imperatori</span> <span class='ocrx_word' id='word_1_525' title='bbox 1856 657 2006 702; x_wconf 83' lang='lat' dir='ltr'>submittit</span> <span class='ocrx_word' id='word_1_526' title='bbox 2028 684 2039 700; x_wconf 90' lang='lat'>‚</span> <span class='ocrx_word' id='word_1_527' title='bbox 2074 665 2112 692; x_wconf 82' lang='lat' dir='ltr'>ei-</span> 
     </span>
     <span class='ocr_line' id='line_1_84' title="bbox 1228 706 2112 748; baseline 0.006 -11"><span class='ocrx_word' id='word_1_528' title='bbox 1228 715 1284 746; x_wconf 87' lang='lat' dir='ltr'>que</span> <span class='ocrx_word' id='word_1_529' title='bbox 1312 711 1344 737; x_wconf 77' lang='lat' dir='ltr'>in</span> <span class='ocrx_word' id='word_1_530' title='bbox 1365 711 1473 748; x_wconf 86' lang='lat' dir='ltr'>pignus</span> <span class='ocrx_word' id='word_1_531' title='bbox 1494 711 1632 748; x_wconf 79' lang='lat' dir='ltr'>perpetui</span> <span class='ocrx_word' id='word_1_532' title='bbox 1658 706 1790 748; x_wconf 65' lang='lat' dir='ltr'>foederis</span> <span class='ocrx_word' id='word_1_533' title='bbox 1817 710 1851 742; x_wconf 64' lang='grc' dir='ltr'>ά*</span> <span class='ocrx_word' id='word_1_534' title='bbox 1878 715 1987 741; x_wconf 83' lang='lat' dir='ltr'>amoris</span> <span class='ocrx_word' id='word_1_535' title='bbox 2013 714 2112 742; x_wconf 64' lang='lat' dir='ltr'>mitti?</span> 
     </span>
     <span class='ocr_line' id='line_1_85' title="bbox 1230 755 2112 800; baseline 0.006 -13"><span class='ocrx_word' id='word_1_536' title='bbox 1230 766 1352 788; x_wconf 83' lang='lat' dir='ltr'>manum</span> <span class='ocrx_word' id='word_1_537' title='bbox 1375 755 1495 797; x_wconf 80' lang='lat' dir='ltr'>pretiofi</span> <span class='ocrx_word' id='word_1_538' title='bbox 1517 759 1669 799; x_wconf 17' lang='lat' dir='ltr'>Martyris*</span> <span class='ocrx_word' id='word_1_539' title='bbox 1683 756 1845 799; x_wconf 74' lang='lat' dir='ltr'>Parzfienfis</span> <span class='ocrx_word' id='word_1_540' title='bbox 1872 758 1994 800; x_wconf 73' lang='lat' dir='ltr'>Dionysii</span> <span class='ocrx_word' id='word_1_541' title='bbox 2013 783 2024 799; x_wconf 90' lang='lat'>‚</span> <span class='ocrx_word' id='word_1_542' title='bbox 2059 771 2112 792; x_wconf 86' lang='lat' dir='ltr'>au-</span> 
     </span>
     <span class='ocr_line' id='line_1_86' title="bbox 1228 804 2111 852; baseline 0.006 -15"><span class='ocrx_word' id='word_1_543' title='bbox 1228 816 1260 837; x_wconf 88' lang='lat' dir='ltr'>ro</span> <span class='ocrx_word' id='word_1_544' title='bbox 1280 804 1460 848; x_wconf 74' lang='lat' dir='ltr'>gemmisque</span> <span class='ocrx_word' id='word_1_545' title='bbox 1485 805 1625 849; x_wconf 79' lang='lat' dir='ltr'>inclusam</span> <span class='ocrx_word' id='word_1_546' title='bbox 1643 831 1651 840; x_wconf 91' lang='lat'>.</span> <span class='ocrx_word' id='word_1_547' title='bbox 1681 807 1810 842; x_wconf 69' lang='lat' dir='ltr'>Fastam</span> <span class='ocrx_word' id='word_1_548' title='bbox 1837 806 2013 852; x_wconf 87' lang='lat' dir='ltr'>Arnulpho</span> <span class='ocrx_word' id='word_1_549' title='bbox 2040 820 2111 851; x_wconf 89' lang='lat' dir='ltr'>pro·</span> 
     </span>
     <span class='ocr_line' id='line_1_87' title="bbox 1229 855 2110 905; baseline 0.003 -17"><span class='ocrx_word' id='word_1_550' title='bbox 1229 855 1396 889; x_wconf 85' lang='lat' dir='ltr'>feffionem</span> <span class='ocrx_word' id='word_1_551' title='bbox 1422 856 1519 890; x_wconf 85' lang='lat' dir='ltr'>etiam</span> <span class='ocrx_word' id='word_1_552' title='bbox 1547 856 1695 890; x_wconf 87' lang='lat' dir='ltr'>Henrico</span> <span class='ocrx_word' id='word_1_553' title='bbox 1718 858 1860 892; x_wconf 87' lang='lat' dir='ltr'>iteravit.</span> <span class='ocrx_word' id='word_1_554' title='bbox 1888 858 1992 905; x_wconf 88' lang='lat' dir='ltr'>Qod</span> <span class='ocrx_word' id='word_1_555' title='bbox 2005 858 2110 901; x_wconf 88' lang='lat' dir='ltr'>ipsum</span> 
     </span>
     <span class='ocr_line' id='line_1_88' title="bbox 1229 904 2109 950; baseline 0.003 -12"><span class='ocrx_word' id='word_1_556' title='bbox 1229 905 1338 939; x_wconf 89' lang='lat' dir='ltr'>scribit</span> <span class='ocrx_word' id='word_1_557' title='bbox 1366 904 1557 948; x_wconf 86' lang='lat' dir='ltr'>Radulphus</span> <span class='ocrx_word' id='word_1_558' title='bbox 1581 906 1622 940; x_wconf 86' lang='lat' dir='ltr'>de</span> <span class='ocrx_word' id='word_1_559' title='bbox 1648 907 1770 941; x_wconf 89' lang='lat' dir='ltr'>Diceto</span> <span class='ocrx_word' id='word_1_560' title='bbox 1795 933 1802 940; x_wconf 93' lang='lat'>.</span> <span class='ocrx_word' id='word_1_561' title='bbox 1829 910 1954 941; x_wconf 85' lang='lat' dir='ltr'>Carolus</span> <span class='ocrx_word' id='word_1_562' title='bbox 1979 910 2109 950; x_wconf 78' lang='lat' dir='ltr'>simplex</span> 
     </span>
     <span class='ocr_line' id='line_1_89' title="bbox 1228 954 2254 1016; baseline 0.005 -29"><span class='ocrx_word' id='word_1_563' title='bbox 1228 955 1386 989; x_wconf 84' lang='lat' dir='ltr'>Robertum</span> <span class='ocrx_word' id='word_1_564' title='bbox 1414 959 1522 989; x_wconf 86' lang='lat' dir='ltr'>Ducem</span> <span class='ocrx_word' id='word_1_565' title='bbox 1548 954 1738 1000; x_wconf 78' lang='lat' dir='ltr'>Parifiensem</span> <span class='ocrx_word' id='word_1_566' title='bbox 1759 982 1771 998; x_wconf 88' lang='lat'>‚</span> <span class='ocrx_word' id='word_1_567' title='bbox 1804 962 1938 1002; x_wconf 85' lang='lat' dir='ltr'>Regnum</span> <span class='ocrx_word' id='word_1_568' title='bbox 1962 960 2110 992; x_wconf 80' lang='lat' dir='ltr'>invaden-</span> <span class='ocrx_word' id='word_1_569' title='bbox 2127 980 2163 1009; x_wconf 53' lang='lat' dir='ltr'>A·</span> <span class='ocrx_word' id='word_1_570' title='bbox 2185 988 2254 1016; x_wconf 48' lang='lat'>921‘</span> 
     </span>
     <span class='ocr_line' id='line_1_90' title="bbox 1227 1006 2108 1051; baseline 0.006 -15"><span class='ocrx_word' id='word_1_571' title='bbox 1227 1013 1284 1039; x_wconf 84' lang='lat' dir='ltr'>tem</span> <span class='ocrx_word' id='word_1_572' title='bbox 1308 1030 1319 1046; x_wconf 90' lang='lat'><strong><em>‚</em></strong></span> <span class='ocrx_word' id='word_1_573' title='bbox 1354 1017 1419 1040; x_wconf 90' lang='lat' dir='ltr'>cum</span> <span class='ocrx_word' id='word_1_574' title='bbox 1445 1007 1548 1039; x_wconf 88' lang='lat' dir='ltr'>multis</span> <span class='ocrx_word' id='word_1_575' title='bbox 1570 1013 1697 1048; x_wconf 84' lang='lat' dir='ltr'>peremit</span> <span class='ocrx_word' id='word_1_576' title='bbox 1716 1032 1726 1048; x_wconf 88' lang='lat'>,</span> <span class='ocrx_word' id='word_1_577' title='bbox 1763 1009 1797 1042; x_wconf 65' lang='lat'>(5</span> <span class='ocrx_word' id='word_1_578' title='bbox 1826 1006 1862 1051; x_wconf 86' lang='lat' dir='ltr'>se</span> <span class='ocrx_word' id='word_1_579' title='bbox 1886 1009 1920 1041; x_wconf 65' lang='grc' dir='ltr'>(τ</span> <span class='ocrx_word' id='word_1_580' title='bbox 1944 1011 2108 1041; x_wconf 82' lang='lat' dir='ltr'>Franciam</span> 
     </span>
     <span class='ocr_line' id='line_1_91' title="bbox 1231 1058 2106 1103; baseline 0.006 -14"><span class='ocrx_word' id='word_1_581' title='bbox 1231 1060 1355 1092; x_wconf 75' lang='lat' dir='ltr'>Hernico</span> <span class='ocrx_word' id='word_1_582' title='bbox 1390 1060 1463 1103; x_wconf 76' lang='lat' dir='ltr'>Regi</span> <span class='ocrx_word' id='word_1_583' title='bbox 1495 1060 1647 1091; x_wconf 81' lang='lat' dir='ltr'>Teutonico</span> <span class='ocrx_word' id='word_1_584' title='bbox 1666 1081 1676 1098; x_wconf 93' lang='lat'>,</span> <span class='ocrx_word' id='word_1_585' title='bbox 1713 1063 1765 1101; x_wconf 75' lang='lat' dir='ltr'>qui</span> <span class='ocrx_word' id='word_1_586' title='bbox 1800 1063 1827 1093; x_wconf 78' lang='lat' dir='ltr'>et·</span> <span class='ocrx_word' id='word_1_587' title='bbox 1851 1059 1960 1093; x_wconf 78' lang='lat' dir='ltr'>auxilio</span> <span class='ocrx_word' id='word_1_588' title='bbox 1979 1058 2106 1100; x_wconf 86' lang='lat' dir='ltr'>fuerat,</span> 
     </span>
     <span class='ocr_line' id='line_1_92' title="bbox 1224 1104 1395 1148; baseline 0 -8"><span class='ocrx_word' id='word_1_589' title='bbox 1224 1104 1395 1148; x_wconf 77' lang='lat' dir='ltr'>submittit.</span> 
     </span>
    </p>

    <p class='ocr_par' dir='ltr' id='par_1_16' title="bbox 1220 1158 2260 2391">
     <span class='ocr_line' id='line_1_93' title="bbox 1279 1158 2107 1195; baseline 0 -4"><span class='ocrx_word' id='word_1_590' title='bbox 1279 1159 1388 1192; x_wconf 85' lang='lat' dir='ltr'>Etiam</span> <span class='ocrx_word' id='word_1_591' title='bbox 1409 1158 1595 1194; x_wconf 83' lang='lat' dir='ltr'>Ludovicus</span> <span class='ocrx_word' id='word_1_592' title='bbox 1618 1158 1871 1195; x_wconf 69' lang='lat' dir='ltr'>‘transmarinus</span> <span class='ocrx_word' id='word_1_593' title='bbox 1895 1159 1935 1194; x_wconf 88' lang='lat' dir='ltr'>de</span> <span class='ocrx_word' id='word_1_594' title='bbox 1950 1161 2008 1193; x_wconf 91' lang='lat' dir='ltr'>suo</span> <span class='ocrx_word' id='word_1_595' title='bbox 2033 1158 2107 1192; x_wconf 84' lang='lat' dir='ltr'>Gal-</span> 
     </span>
     <span class='ocr_line' id='line_1_94' title="bbox 1229 1207 2110 1255; baseline 0.001 -15"><span class='ocrx_word' id='word_1_596' title='bbox 1229 1207 1278 1240; x_wconf 84' lang='lat' dir='ltr'>liae</span> <span class='ocrx_word' id='word_1_597' title='bbox 1297 1208 1417 1253; x_wconf 88' lang='lat' dir='ltr'>Regno</span> <span class='ocrx_word' id='word_1_598' title='bbox 1429 1207 1577 1244; x_wconf 85' lang='lat' dir='ltr'>adversus</span> <span class='ocrx_word' id='word_1_599' title='bbox 1598 1211 1781 1245; x_wconf 86' lang='lat' dir='ltr'>invasorem</span> <span class='ocrx_word' id='word_1_600' title='bbox 1800 1211 1982 1255; x_wconf 87' lang='lat' dir='ltr'>Hugonem</span> <span class='ocrx_word' id='word_1_601' title='bbox 1997 1209 2110 1242; x_wconf 86' lang='lat' dir='ltr'>Comi-</span> 
     </span>
     <span class='ocr_line' id='line_1_95' title="bbox 1228 1258 2111 1304; baseline 0.001 -13"><span class='ocrx_word' id='word_1_602' title='bbox 1228 1269 1293 1291; x_wconf 88' lang='lat' dir='ltr'>tem</span> <span class='ocrx_word' id='word_1_603' title='bbox 1315 1259 1351 1291; x_wconf 91' lang='lat' dir='ltr'>i&#39;n</span> <span class='ocrx_word' id='word_1_604' title='bbox 1373 1259 1510 1300; x_wconf 87' lang='lat' dir='ltr'>Synodo</span> <span class='ocrx_word' id='word_1_605' title='bbox 1533 1258 1778 1304; x_wconf 85' lang='lat' dir='ltr'>Engelhemenfi</span> <span class='ocrx_word' id='word_1_606' title='bbox 1798 1260 1988 1304; x_wconf 89' lang='lat' dir='ltr'>provocavit</span> <span class='ocrx_word' id='word_1_607' title='bbox 2012 1259 2111 1292; x_wconf 86' lang='lat' dir='ltr'>ado-</span> 
     </span>
     <span class='ocr_line' id='line_1_96' title="bbox 1230 1306 2110 1353; baseline 0.002 -14"><span class='ocrx_word' id='word_1_608' title='bbox 1230 1306 1364 1341; x_wconf 86' lang='lat' dir='ltr'>thonem</span> <span class='ocrx_word' id='word_1_609' title='bbox 1391 1309 1529 1351; x_wconf 89' lang='lat' dir='ltr'>primum</span> <span class='ocrx_word' id='word_1_610' title='bbox 1542 1310 1791 1353; x_wconf 87' lang='lat' dir='ltr'>Imperatorem,</span> <span class='ocrx_word' id='word_1_611' title='bbox 1816 1310 1955 1345; x_wconf 82' lang='lat' dir='ltr'>offerens</span> <span class='ocrx_word' id='word_1_612' title='bbox 1980 1309 2110 1343; x_wconf 88' lang='lat' dir='ltr'>causam</span> 
     </span>
     <span class='ocr_line' id='line_1_97' title="bbox 1229 1357 2111 1403; baseline 0.003 -14"><span class='ocrx_word' id='word_1_613' title='bbox 1229 1357 1355 1390; x_wconf 88' lang='lat' dir='ltr'>Divino</span> <span class='ocrx_word' id='word_1_614' title='bbox 1376 1359 1473 1392; x_wconf 90' lang='lat' dir='ltr'>etiam</span> <span class='ocrx_word' id='word_1_615' title='bbox 1500 1358 1600 1393; x_wconf 86' lang='lat' dir='ltr'>duelli</span> <span class='ocrx_word' id='word_1_616' title='bbox 1628 1360 1751 1403; x_wconf 82' lang='lat' dir='ltr'>judicio</span> <span class='ocrx_word' id='word_1_617' title='bbox 1777 1361 1908 1395; x_wconf 83' lang='lat' dir='ltr'>afferere</span> <span class='ocrx_word' id='word_1_618' title='bbox 1928 1362 2111 1401; x_wconf 83' lang='lat' dir='ltr'>juxtaprae-</span> 
     </span>
     <span class='ocr_line' id='line_1_98' title="bbox 1225 1408 2108 1448; baseline 0.006 -13"><span class='ocrx_word' id='word_1_619' title='bbox 1225 1410 1382 1444; x_wconf 85' lang='lat' dir='ltr'>ceptionem</span> <span class='ocrx_word' id='word_1_620' title='bbox 1403 1408 1520 1436; x_wconf 72' lang='lat' dir='ltr'>laudan</span> <span class='ocrx_word' id='word_1_621' title='bbox 1539 1411 1628 1448; x_wconf 75' lang='lat' dir='ltr'>Regis</span> <span class='ocrx_word' id='word_1_622' title='bbox 1656 1409 1782 1439; x_wconf 59' lang='lat' dir='ltr'>eti-rm</span> <span class='ocrx_word' id='word_1_623' title='bbox 1810 1433 1816 1440; x_wconf 87' lang='lat'>.</span> <span class='ocrx_word' id='word_1_624' title='bbox 1846 1409 1911 1442; x_wconf 89' lang='lat' dir='ltr'>Rei</span> <span class='ocrx_word' id='word_1_625' title='bbox 1935 1409 2046 1442; x_wconf 85' lang='lat' dir='ltr'>seriem</span> <span class='ocrx_word' id='word_1_626' title='bbox 2073 1408 2108 1440; x_wconf 86' lang='lat' dir='ltr'>in</span> 
     </span>
     <span class='ocr_line' id='line_1_99' title="bbox 1229 1452 2111 1495; baseline 0.003 -10"><span class='ocrx_word' id='word_1_627' title='bbox 1229 1454 1285 1485; x_wconf 92' lang='lat' dir='ltr'>suo</span> <span class='ocrx_word' id='word_1_628' title='bbox 1308 1452 1478 1487; x_wconf 88' lang='lat' dir='ltr'>Chronico</span> <span class='ocrx_word' id='word_1_629' title='bbox 1498 1454 1635 1495; x_wconf 84' lang='lat' dir='ltr'>exponit</span> <span class='ocrx_word' id='word_1_630' title='bbox 1658 1453 1809 1489; x_wconf 86' lang='lat' dir='ltr'>laudatus</span> <span class='ocrx_word' id='word_1_631' title='bbox 1819 1454 2039 1490; x_wconf 86' lang='lat' dir='ltr'>Flodoardus.</span> <span class='ocrx_word' id='word_1_632' title='bbox 2067 1456 2111 1488; x_wconf 86' lang='lat' dir='ltr'>E-</span> 
     </span>
     <span class='ocr_line' id='line_1_100' title="bbox 1224 1500 2109 1547; baseline 0.003 -13"><span class='ocrx_word' id='word_1_633' title='bbox 1224 1501 1303 1534; x_wconf 89' lang='lat' dir='ltr'>tiam</span> <span class='ocrx_word' id='word_1_634' title='bbox 1332 1500 1521 1544; x_wconf 80' lang='lat' dir='ltr'>Philippum</span> <span class='ocrx_word' id='word_1_635' title='bbox 1542 1501 1730 1545; x_wconf 82' lang='lat' dir='ltr'>Augustum</span> <span class='ocrx_word' id='word_1_636' title='bbox 1752 1504 1901 1547; x_wconf 89' lang='lat' dir='ltr'>Regem,</span> <span class='ocrx_word' id='word_1_637' title='bbox 1925 1504 1965 1537; x_wconf 90' lang='lat' dir='ltr'>de</span> <span class='ocrx_word' id='word_1_638' title='bbox 1991 1504 2109 1537; x_wconf 89' lang='lat' dir='ltr'>Henri-</span> 
     </span>
     <span class='ocr_line' id='line_1_101' title="bbox 1225 1550 2105 1596; baseline 0.002 -12"><span class='ocrx_word' id='word_1_639' title='bbox 1225 1551 1255 1584; x_wconf 93' lang='lat' dir='ltr'>ci</span> <span class='ocrx_word' id='word_1_640' title='bbox 1283 1550 1405 1584; x_wconf 87' lang='lat' dir='ltr'>Leonis</span> <span class='ocrx_word' id='word_1_641' title='bbox 1428 1563 1482 1594; x_wconf 87' lang='lat' dir='ltr'>per</span> <span class='ocrx_word' id='word_1_642' title='bbox 1501 1551 1708 1586; x_wconf 88' lang='lat' dir='ltr'>Fredericum</span> <span class='ocrx_word' id='word_1_643' title='bbox 1725 1553 1866 1596; x_wconf 88' lang='lat' dir='ltr'>primum</span> <span class='ocrx_word' id='word_1_644' title='bbox 1879 1554 2105 1596; x_wconf 86' lang='lat' dir='ltr'>Imperatorem</span> 
     </span>
     <span class='ocr_line' id='line_1_102' title="bbox 1225 1599 2107 1646; baseline 0.003 -12"><span class='ocrx_word' id='word_1_645' title='bbox 1225 1599 1391 1645; x_wconf 86' lang='lat' dir='ltr'>degradati</span> <span class='ocrx_word' id='word_1_646' title='bbox 1417 1601 1565 1635; x_wconf 81' lang='lat' dir='ltr'>Saxoniae</span> <span class='ocrx_word' id='word_1_647' title='bbox 1585 1601 1691 1636; x_wconf 90' lang='lat' dir='ltr'>Ducis</span> <span class='ocrx_word' id='word_1_648' title='bbox 1711 1603 1896 1646; x_wconf 87' lang='lat' dir='ltr'>patrocinio</span> <span class='ocrx_word' id='word_1_649' title='bbox 1909 1604 2107 1646; x_wconf 63' lang='lat' dir='ltr'>suspectum,</span> 
     </span>
     <span class='ocr_line' id='line_1_103' title="bbox 1226 1650 2105 1688; baseline 0.003 -4"><span class='ocrx_word' id='word_1_650' title='bbox 1226 1651 1334 1685; x_wconf 91' lang='lat' dir='ltr'>laudat</span> <span class='ocrx_word' id='word_1_651' title='bbox 1361 1650 1560 1686; x_wconf 84' lang='lat' dir='ltr'>Godefridus</span> <span class='ocrx_word' id='word_1_652' title='bbox 1586 1652 1737 1686; x_wconf 72' lang='lat' dir='ltr'>Colonia:</span> <span class='ocrx_word' id='word_1_653' title='bbox 1770 1651 1810 1686; x_wconf 88' lang='lat' dir='ltr'>ad</span> <span class='ocrx_word' id='word_1_654' title='bbox 1847 1654 1996 1687; x_wconf 71' lang='lat' dir='ltr'>Sansturn</span> <span class='ocrx_word' id='word_1_655' title='bbox 2023 1653 2105 1688; x_wconf 88' lang='lat' dir='ltr'>Pan·</span> 
     </span>
     <span class='ocr_line' id='line_1_104' title="bbox 1225 1698 2260 1746; baseline 0.002 -11"><span class='ocrx_word' id='word_1_656' title='bbox 1225 1701 1390 1736; x_wconf 85' lang='lat' dir='ltr'>taleonem</span> <span class='ocrx_word' id='word_1_657' title='bbox 1417 1698 1604 1736; x_wconf 84' lang='lat' dir='ltr'>Monachus</span> <span class='ocrx_word' id='word_1_658' title='bbox 1618 1715 1628 1735; x_wconf 88' lang='grc'>.-</span> <span class='ocrx_word' id='word_1_659' title='bbox 1654 1706 1766 1736; x_wconf 83' lang='lat' dir='ltr'>Nuntii</span> <span class='ocrx_word' id='word_1_660' title='bbox 1784 1706 1875 1746; x_wconf 84' lang='lat' dir='ltr'>Regis</span> <span class='ocrx_word' id='word_1_661' title='bbox 1897 1707 2035 1737; x_wconf 81' lang='lat' dir='ltr'>Franriae</span> <span class='ocrx_word' id='word_1_662' title='bbox 2047 1707 2105 1737; x_wconf 87' lang='lat' dir='ltr'>Im-</span> <span class='ocrx_word' id='word_1_663' title='bbox 2120 1714 2156 1742; x_wconf 72' lang='grc' dir='ltr'>Α.</span> <span class='ocrx_word' id='word_1_664' title='bbox 2177 1716 2260 1743; x_wconf 78' lang='lat'>1180.</span> 
     </span>
     <span class='ocr_line' id='line_1_105' title="bbox 1220 1752 2103 1798; baseline 0.002 -12"><span class='ocrx_word' id='word_1_665' title='bbox 1220 1761 1389 1795; x_wconf 84' lang='lat' dir='ltr'>peratorem</span> <span class='ocrx_word' id='word_1_666' title='bbox 1415 1754 1527 1786; x_wconf 82' lang='lat' dir='ltr'>adeunt</span> <span class='ocrx_word' id='word_1_667' title='bbox 1553 1762 1616 1786; x_wconf 87' lang='lat' dir='ltr'>cum</span> <span class='ocrx_word' id='word_1_668' title='bbox 1641 1753 1753 1786; x_wconf 81' lang='lat' dir='ltr'>litteris</span> <span class='ocrx_word' id='word_1_669' title='bbox 1779 1752 1909 1797; x_wconf 80' lang='lat' dir='ltr'>eJusdem</span> <span class='ocrx_word' id='word_1_670' title='bbox 1934 1758 2043 1798; x_wconf 81' lang='lat' dir='ltr'>Regis,</span> <span class='ocrx_word' id='word_1_671' title='bbox 2069 1759 2103 1788; x_wconf 78' lang='lat' dir='ltr'>in</span> 
     </span>
     <span class='ocr_line' id='line_1_106' title="bbox 1223 1802 2104 1847; baseline -0.001 -11"><span class='ocrx_word' id='word_1_672' title='bbox 1223 1804 1328 1846; x_wconf 80' lang='lat' dir='ltr'>quibus</span> <span class='ocrx_word' id='word_1_673' title='bbox 1360 1804 1464 1837; x_wconf 70' lang='lat' dir='ltr'>devote</span> <span class='ocrx_word' id='word_1_674' title='bbox 1489 1802 1640 1847; x_wconf 80' lang='lat' dir='ltr'>excusavit</span> <span class='ocrx_word' id='word_1_675' title='bbox 1666 1815 1826 1847; x_wconf 83' lang='lat' dir='ltr'>numquam</span> <span class='ocrx_word' id='word_1_676' title='bbox 1847 1802 1902 1845; x_wconf 80' lang='lat' dir='ltr'>fibi</span> <span class='ocrx_word' id='word_1_677' title='bbox 1927 1802 2104 1846; x_wconf 76' lang='lat' dir='ltr'>animofuis-</span> 
     </span>
     <span class='ocr_line' id='line_1_107' title="bbox 1220 1852 2103 1897; baseline 0 -10"><span class='ocrx_word' id='word_1_678' title='bbox 1220 1852 1272 1896; x_wconf 86' lang='lat' dir='ltr'>se,</span> <span class='ocrx_word' id='word_1_679' title='bbox 1300 1863 1334 1887; x_wconf 88' lang='lat' dir='ltr'>ut</span> <span class='ocrx_word' id='word_1_680' title='bbox 1357 1852 1445 1897; x_wconf 84' lang='lat' dir='ltr'>causa</span> <span class='ocrx_word' id='word_1_681' title='bbox 1469 1858 1560 1887; x_wconf 78' lang='lat' dir='ltr'>Ducis</span> <span class='ocrx_word' id='word_1_682' title='bbox 1586 1856 1726 1888; x_wconf 64' lang='lat' dir='ltr'>saxonia</span> <span class='ocrx_word' id='word_1_683' title='bbox 1746 1859 1923 1896; x_wconf 81' lang='lat' dir='ltr'>Imperatori</span> <span class='ocrx_word' id='word_1_684' title='bbox 1933 1854 2103 1887; x_wconf 77' lang='lat' dir='ltr'>rebellaret.</span> 
     </span>
     <span class='ocr_line' id='line_1_108' title="bbox 1228 1903 2105 1946; baseline 0 -9"><span class='ocrx_word' id='word_1_685' title='bbox 1228 1903 1378 1937; x_wconf 87' lang='lat' dir='ltr'>Rebellio</span> <span class='ocrx_word' id='word_1_686' title='bbox 1405 1915 1472 1938; x_wconf 88' lang='lat' dir='ltr'>non</span> <span class='ocrx_word' id='word_1_687' title='bbox 1494 1904 1538 1938; x_wconf 86' lang='lat' dir='ltr'>est</span> <span class='ocrx_word' id='word_1_688' title='bbox 1564 1904 1622 1937; x_wconf 83' lang='lat' dir='ltr'>nisi</span> <span class='ocrx_word' id='word_1_689' title='bbox 1644 1903 1790 1938; x_wconf 87' lang='lat' dir='ltr'>adversus</span> <span class='ocrx_word' id='word_1_690' title='bbox 1812 1903 2031 1946; x_wconf 75' lang='lat' dir='ltr'>Superiorem.</span> <span class='ocrx_word' id='word_1_691' title='bbox 2061 1905 2105 1937; x_wconf 89' lang='lat' dir='ltr'>Et</span> 
     </span>
     <span class='ocr_line' id='line_1_109' title="bbox 1224 1954 2105 1998; baseline -0.001 -10"><span class='ocrx_word' id='word_1_692' title='bbox 1224 1955 1262 1988; x_wconf 91' lang='lat' dir='ltr'>de</span> <span class='ocrx_word' id='word_1_693' title='bbox 1285 1954 1434 1988; x_wconf 87' lang='lat' dir='ltr'>Henrico</span> <span class='ocrx_word' id='word_1_694' title='bbox 1446 1955 1536 1987; x_wconf 81' lang='lat' dir='ltr'>sexto</span> <span class='ocrx_word' id='word_1_695' title='bbox 1547 1954 1741 1998; x_wconf 85' lang='lat' dir='ltr'>Imperatore</span> <span class='ocrx_word' id='word_1_696' title='bbox 1755 1954 1862 1988; x_wconf 85' lang='lat' dir='ltr'>scribit</span> <span class='ocrx_word' id='word_1_697' title='bbox 1873 1954 2023 1997; x_wconf 86' lang='lat' dir='ltr'>Rogerus</span> <span class='ocrx_word' id='word_1_698' title='bbox 2033 1954 2105 1987; x_wconf 90' lang='lat' dir='ltr'>Ho-</span> 
     </span>
     <span class='ocr_line' id='line_1_110' title="bbox 1223 2003 2105 2049; baseline 0.002 -13"><span class='ocrx_word' id='word_1_699' title='bbox 1223 2004 1383 2038; x_wconf 85' lang='lat' dir='ltr'>vedenfis:</span> <span class='ocrx_word' id='word_1_700' title='bbox 1410 2009 1524 2037; x_wconf 88' lang='lat' dir='ltr'>Notum</span> <span class='ocrx_word' id='word_1_701' title='bbox 1545 2015 1610 2037; x_wconf 84' lang='lat' dir='ltr'>erat</span> <span class='ocrx_word' id='word_1_702' title='bbox 1623 2004 1789 2039; x_wconf 88' lang='lat' dir='ltr'>Richardo</span> <span class='ocrx_word' id='word_1_703' title='bbox 1800 2004 1905 2048; x_wconf 90' lang='lat' dir='ltr'>primo</span> <span class='ocrx_word' id='word_1_704' title='bbox 1916 2003 2105 2049; x_wconf 86' lang='lat' dir='ltr'>Anglorum</span> 
     </span>
     <span class='ocr_line' id='line_1_111' title="bbox 1225 2053 2106 2099; baseline -0.001 -12"><span class='ocrx_word' id='word_1_705' title='bbox 1225 2054 1310 2099; x_wconf 87' lang='lat' dir='ltr'>Regi</span> <span class='ocrx_word' id='word_1_706' title='bbox 1335 2078 1345 2094; x_wconf 92' lang='lat'>,</span> <span class='ocrx_word' id='word_1_707' title='bbox 1379 2056 1460 2096; x_wconf 70' lang='lat' dir='ltr'>quod</span> <span class='ocrx_word' id='word_1_708' title='bbox 1476 2058 1640 2096; x_wconf 86' lang='lat' dir='ltr'>Imperator</span> <span class='ocrx_word' id='word_1_709' title='bbox 1658 2053 1748 2098; x_wconf 79' lang='lat' dir='ltr'>fitper</span> <span class='ocrx_word' id='word_1_710' title='bbox 1767 2061 1865 2088; x_wconf 79' lang='lat' dir='ltr'>omnia</span> <span class='ocrx_word' id='word_1_711' title='bbox 1891 2053 2074 2095; x_wconf 80' lang='lat' dir='ltr'>desiderabat</span> <span class='ocrx_word' id='word_1_712' title='bbox 2094 2077 2106 2092; x_wconf 91' lang='lat'>,</span> 
     </span>
     <span class='ocr_line' id='line_1_112' title="bbox 1224 2102 2107 2147; baseline 0 -10"><span class='ocrx_word' id='word_1_713' title='bbox 1224 2113 1256 2137; x_wconf 89' lang='lat' dir='ltr'>ut</span> <span class='ocrx_word' id='word_1_714' title='bbox 1294 2106 1427 2147; x_wconf 86' lang='lat' dir='ltr'>Regnum</span> <span class='ocrx_word' id='word_1_715' title='bbox 1453 2109 1591 2138; x_wconf 81' lang='lat' dir='ltr'>Franciae</span> <span class='ocrx_word' id='word_1_716' title='bbox 1616 2109 1815 2138; x_wconf 87' lang='lat' dir='ltr'>Romanorum</span> <span class='ocrx_word' id='word_1_717' title='bbox 1838 2109 1959 2146; x_wconf 79' lang='lat' dir='ltr'>Imperio</span> <span class='ocrx_word' id='word_1_718' title='bbox 1983 2102 2107 2146; x_wconf 80' lang='lat' dir='ltr'>subiice-</span> 
     </span>
     <span class='ocr_line' id='line_1_113' title="bbox 1225 2153 2106 2199; baseline 0.003 -14"><span class='ocrx_word' id='word_1_719' title='bbox 1225 2164 1282 2187; x_wconf 83' lang='lat' dir='ltr'>ret.</span> <span class='ocrx_word' id='word_1_720' title='bbox 1312 2154 1390 2188; x_wconf 89' lang='lat' dir='ltr'>Hoc</span> <span class='ocrx_word' id='word_1_721' title='bbox 1408 2154 1454 2188; x_wconf 87' lang='lat' dir='ltr'>est</span> <span class='ocrx_word' id='word_1_722' title='bbox 1473 2178 1484 2194; x_wconf 94' lang='lat'>,</span> <span class='ocrx_word' id='word_1_723' title='bbox 1511 2164 1548 2188; x_wconf 92' lang='lat' dir='ltr'>ut</span> <span class='ocrx_word' id='word_1_724' title='bbox 1572 2154 1690 2188; x_wconf 87' lang='lat' dir='ltr'>avitam</span> <span class='ocrx_word' id='word_1_725' title='bbox 1719 2155 1808 2188; x_wconf 87' lang='lat' dir='ltr'>istius</span> <span class='ocrx_word' id='word_1_726' title='bbox 1820 2153 2106 2199; x_wconf 65' lang='lat' dir='ltr'>Regnisubjeetio-</span> 
     </span>
     <span class='ocr_line' id='line_1_114' title="bbox 1225 2203 2106 2246; baseline 0.003 -11"><span class='ocrx_word' id='word_1_727' title='bbox 1225 2213 1299 2235; x_wconf 88' lang='lat' dir='ltr'>nem</span> <span class='ocrx_word' id='word_1_728' title='bbox 1326 2203 1466 2245; x_wconf 86' lang='lat' dir='ltr'>Imperio</span> <span class='ocrx_word' id='word_1_729' title='bbox 1490 2214 1666 2246; x_wconf 81' lang='lat' dir='ltr'>repararet.</span> <span class='ocrx_word' id='word_1_730' title='bbox 1696 2204 1739 2236; x_wconf 83' lang='lat' dir='ltr'>Et</span> <span class='ocrx_word' id='word_1_731' title='bbox 1765 2204 1843 2237; x_wconf 87' lang='lat' dir='ltr'>hinc</span> <span class='ocrx_word' id='word_1_732' title='bbox 1868 2205 1909 2238; x_wconf 88' lang='lat' dir='ltr'>de</span> <span class='ocrx_word' id='word_1_733' title='bbox 1930 2204 2106 2239; x_wconf 86' lang='lat' dir='ltr'>Bonifacio</span> 
     </span>
     <span class='ocr_line' id='line_1_115' title="bbox 1224 2250 2106 2295; baseline 0.005 -14"><span class='ocrx_word' id='word_1_734' title='bbox 1224 2253 1340 2282; x_wconf 64' lang='lat' dir='ltr'>octavo</span> <span class='ocrx_word' id='word_1_735' title='bbox 1364 2251 1545 2289; x_wconf 78' lang='lat' dir='ltr'>pontifice,</span> <span class='ocrx_word' id='word_1_736' title='bbox 1571 2250 1718 2295; x_wconf 90' lang='lat' dir='ltr'>Philippi</span> <span class='ocrx_word' id='word_1_737' title='bbox 1744 2251 1878 2286; x_wconf 87' lang='lat' dir='ltr'>Pulchri</span> <span class='ocrx_word' id='word_1_738' title='bbox 1905 2254 2106 2286; x_wconf 86' lang='lat' dir='ltr'>Francorum</span> 
     </span>
     <span class='ocr_line' id='line_1_116' title="bbox 1226 2298 2110 2344; baseline 0.003 -14"><span class='ocrx_word' id='word_1_739' title='bbox 1226 2298 1327 2342; x_wconf 87' lang='lat' dir='ltr'>Regis</span> <span class='ocrx_word' id='word_1_740' title='bbox 1352 2299 1593 2331; x_wconf 85' lang='lat' dir='ltr'>contumaciam</span> <span class='ocrx_word' id='word_1_741' title='bbox 1606 2300 1765 2331; x_wconf 86' lang='lat' dir='ltr'>froenante</span> <span class='ocrx_word' id='word_1_742' title='bbox 1776 2323 1787 2338; x_wconf 91' lang='lat'>,</span> <span class='ocrx_word' id='word_1_743' title='bbox 1812 2302 1857 2332; x_wconf 89' lang='lat' dir='ltr'>ait</span> <span class='ocrx_word' id='word_1_744' title='bbox 1869 2311 2026 2344; x_wconf 87' lang='lat' dir='ltr'>magnum</span> <span class='ocrx_word' id='word_1_745' title='bbox 2039 2300 2110 2334; x_wconf 89' lang='lat' dir='ltr'>Bel-</span> 
     </span>
     <span class='ocr_line' id='line_1_117' title="bbox 1228 2345 2109 2391; baseline 0.005 -12"><span class='ocrx_word' id='word_1_746' title='bbox 1228 2347 1275 2391; x_wconf 79' lang='lat' dir='ltr'>gii</span> <span class='ocrx_word' id='word_1_747' title='bbox 1298 2345 1512 2380; x_wconf 88' lang='lat' dir='ltr'>Chronicon:</span> <span class='ocrx_word' id='word_1_748' title='bbox 1539 2347 1716 2388; x_wconf 83' lang='lat' dir='ltr'>Bonifatius</span> <span class='ocrx_word' id='word_1_749' title='bbox 1729 2347 1844 2380; x_wconf 81' lang='lat' dir='ltr'>Alberto</span> <span class='ocrx_word' id='word_1_750' title='bbox 1855 2353 2026 2389; x_wconf 75' lang='lat' dir='ltr'>Imperatori</span> <span class='ocrx_word' id='word_1_751' title='bbox 2041 2354 2109 2383; x_wconf 84' lang='lat' dir='ltr'>Ver-</span> 
     </span>
    </p>
   </div>
   <div class='ocr_carea' id='block_1_16' title="bbox 2132 637 2253 671">
    <p class='ocr_par' dir='ltr' id='par_1_17' title="bbox 2132 637 2253 671">
     <span class='ocr_line' id='line_1_118' title="bbox 2132 637 2253 671; baseline -0.025 -6"><span class='ocrx_word' id='word_1_752' title='bbox 2132 637 2155 665; x_wconf 85' lang='lat' dir='ltr'><strong>A</strong></span> <span class='ocrx_word' id='word_1_753' title='bbox 2184 645 2253 671; x_wconf 81' lang='lat'><em>922-</em></span> 
     </span>
    </p>
   </div>
   <div class='ocr_carea' id='block_1_17' title="bbox 1209 2394 2281 3336">
    <p class='ocr_par' dir='ltr' id='par_1_18' title="bbox 1230 2394 2281 2540">
     <span class='ocr_line' id='line_1_119' title="bbox 1231 2394 2281 2440; baseline 0 -12"><span class='ocrx_word' id='word_1_754' title='bbox 1231 2396 1284 2434; x_wconf 86' lang='lat' dir='ltr'>bo,</span> <span class='ocrx_word' id='word_1_755' title='bbox 1309 2409 1367 2429; x_wconf 84' lang='lat' dir='ltr'>non</span> <span class='ocrx_word' id='word_1_756' title='bbox 1389 2405 1495 2438; x_wconf 88' lang='lat' dir='ltr'>opere,</span> <span class='ocrx_word' id='word_1_757' title='bbox 1522 2400 1656 2440; x_wconf 84' lang='lat' dir='ltr'>Regnum</span> <span class='ocrx_word' id='word_1_758' title='bbox 1684 2401 1822 2430; x_wconf 66' lang='lat' dir='ltr'>Francia·</span> <span class='ocrx_word' id='word_1_759' title='bbox 1827 2395 1973 2439; x_wconf 85' lang='lat' dir='ltr'>subjecit,</span> <span class='ocrx_word' id='word_1_760' title='bbox 1988 2398 2109 2440; x_wconf 71' lang='lat' dir='ltr'>ficut&amp;</span> <span class='ocrx_word' id='word_1_761' title='bbox 2130 2394 2187 2425; x_wconf 48' lang='lat'>*0¹-</span> <span class='ocrx_word' id='word_1_762' title='bbox 2216 2398 2281 2429; x_wconf 78' lang='lat'>278·.¹</span> 
     </span>
     <span class='ocr_line' id='line_1_120' title="bbox 1230 2446 2107 2496; baseline 0.005 -18"><span class='ocrx_word' id='word_1_763' title='bbox 1230 2448 1292 2479; x_wconf 85' lang='lat' dir='ltr'>alia</span> <span class='ocrx_word' id='word_1_764' title='bbox 1313 2449 1416 2490; x_wconf 86' lang='lat' dir='ltr'>Regna</span> <span class='ocrx_word' id='word_1_765' title='bbox 1437 2470 1444 2478; x_wconf 90' lang='lat'>.</span> <span class='ocrx_word' id='word_1_766' title='bbox 1485 2446 1579 2479; x_wconf 90' lang='lat' dir='ltr'>Dicit</span> <span class='ocrx_word' id='word_1_767' title='bbox 1601 2470 1612 2486; x_wconf 91' lang='lat'>,</span> <span class='ocrx_word' id='word_1_768' title='bbox 1650 2446 1738 2479; x_wconf 86' lang='lat' dir='ltr'>verbo</span> <span class='ocrx_word' id='word_1_769' title='bbox 1760 2471 1771 2487; x_wconf 92' lang='lat'>,</span> <span class='ocrx_word' id='word_1_770' title='bbox 1798 2458 1855 2479; x_wconf 86' lang='lat' dir='ltr'>non</span> <span class='ocrx_word' id='word_1_771' title='bbox 1878 2456 1981 2489; x_wconf 83' lang='lat' dir='ltr'>opere.-</span> <span class='ocrx_word' id='word_1_772' title='bbox 2005 2448 2107 2496; x_wconf 72' lang='lat' dir='ltr'>Quod</span> 
     </span>
     <span class='ocr_line' id='line_1_121' title="bbox 1231 2496 2107 2540; baseline 0.005 -12"><span class='ocrx_word' id='word_1_773' title='bbox 1231 2496 1385 2529; x_wconf 89' lang='lat' dir='ltr'>violentia</span> <span class='ocrx_word' id='word_1_774' title='bbox 1412 2497 1495 2530; x_wconf 87' lang='lat' dir='ltr'>soret</span> <span class='ocrx_word' id='word_1_775' title='bbox 1522 2496 1592 2539; x_wconf 80' lang='lat' dir='ltr'>lege</span> <span class='ocrx_word' id='word_1_776' title='bbox 1619 2497 1781 2540; x_wconf 87' lang='lat' dir='ltr'>superior,</span> <span class='ocrx_word' id='word_1_777' title='bbox 1807 2497 1840 2531; x_wconf 75' lang='grc' dir='ltr'>ὅσ</span> <span class='ocrx_word' id='word_1_778' title='bbox 1866 2509 1967 2540; x_wconf 88' lang='lat' dir='ltr'>neque</span> <span class='ocrx_word' id='word_1_779' title='bbox 1994 2497 2107 2532; x_wconf 86' lang='lat' dir='ltr'>Alber-</span> 
     </span>
    </p>

    <p class='ocr_par' dir='ltr' id='par_1_19' title="bbox 1230 2546 2109 2589">
     <span class='ocr_line' id='line_1_122' title="bbox 1230 2546 2109 2589; baseline 0.005 -10"><span class='ocrx_word' id='word_1_780' title='bbox 1230 2556 1303 2586; x_wconf 78' lang='grc' dir='ltr'>ωε,</span> <span class='ocrx_word' id='word_1_781' title='bbox 1335 2557 1438 2588; x_wconf 88' lang='lat' dir='ltr'>neque</span> <span class='ocrx_word' id='word_1_782' title='bbox 1460 2546 1649 2580; x_wconf 75' lang='lat' dir='ltr'>Bonifacius</span> <span class='ocrx_word' id='word_1_783' title='bbox 1675 2555 1803 2589; x_wconf 85' lang='lat' dir='ltr'>propter</span> <span class='ocrx_word' id='word_1_784' title='bbox 1828 2548 1947 2581; x_wconf 84' lang='lat' dir='ltr'>accisas</span> <span class='ocrx_word' id='word_1_785' title='bbox 1975 2548 2109 2583; x_wconf 82' lang='lat' dir='ltr'>Germa-</span> 
     </span>
    </p>

    <p class='ocr_par' dir='ltr' id='par_1_20' title="bbox 1229 2595 2106 2639">
     <span class='ocr_line' id='line_1_123' title="bbox 1229 2595 2106 2639; baseline 0.003 -11"><span class='ocrx_word' id='word_1_786' title='bbox 1229 2596 1294 2628; x_wconf 87' lang='lat' dir='ltr'>nici</span> <span class='ocrx_word' id='word_1_787' title='bbox 1321 2595 1450 2638; x_wconf 86' lang='lat' dir='ltr'>Imperii</span> <span class='ocrx_word' id='word_1_788' title='bbox 1465 2596 1567 2634; x_wconf 83' lang='lat' dir='ltr'>vires,</span> <span class='ocrx_word' id='word_1_789' title='bbox 1592 2596 1681 2638; x_wconf 87' lang='lat' dir='ltr'>quod</span> <span class='ocrx_word' id='word_1_790' title='bbox 1694 2596 1835 2630; x_wconf 87' lang='lat' dir='ltr'>verbo&amp;</span> <span class='ocrx_word' id='word_1_791' title='bbox 1853 2596 1922 2639; x_wconf 79' lang='lat' dir='ltr'>jure</span> <span class='ocrx_word' id='word_1_792' title='bbox 1933 2597 2106 2637; x_wconf 84' lang='lat' dir='ltr'>volebant,</span> 
     </span>
    </p>

    <p class='ocr_par' dir='ltr' id='par_1_21' title="bbox 1228 2644 2106 2689">
     <span class='ocr_line' id='line_1_124' title="bbox 1228 2644 2106 2689; baseline 0.003 -10"><span class='ocrx_word' id='word_1_793' title='bbox 1228 2657 1324 2688; x_wconf 90' lang='lat' dir='ltr'>opere</span> <span class='ocrx_word' id='word_1_794' title='bbox 1345 2657 1411 2679; x_wconf 89' lang='lat' dir='ltr'>non</span> <span class='ocrx_word' id='word_1_795' title='bbox 1434 2648 1557 2689; x_wconf 79' lang='lat' dir='ltr'>poffent</span> <span class='ocrx_word' id='word_1_796' title='bbox 1568 2671 1575 2677; x_wconf 91' lang='lat'>.</span> <span class='ocrx_word' id='word_1_797' title='bbox 1604 2645 1646 2679; x_wconf 91' lang='lat' dir='ltr'>Et</span> <span class='ocrx_word' id='word_1_798' title='bbox 1659 2644 1737 2680; x_wconf 90' lang='lat' dir='ltr'>hinc</span> <span class='ocrx_word' id='word_1_799' title='bbox 1750 2648 1805 2680; x_wconf 85' lang='lat' dir='ltr'>sua</span> <span class='ocrx_word' id='word_1_800' title='bbox 1815 2646 1882 2680; x_wconf 81' lang='lat' dir='ltr'>haec</span> <span class='ocrx_word' id='word_1_801' title='bbox 1895 2647 2031 2682; x_wconf 88' lang='lat' dir='ltr'>Decreta</span> <span class='ocrx_word' id='word_1_802' title='bbox 2042 2648 2106 2682; x_wconf 90' lang='lat' dir='ltr'>lau-</span> 
     </span>
    </p>

    <p class='ocr_par' dir='ltr' id='par_1_22' title="bbox 1228 2693 2110 2788">
     <span class='ocr_line' id='line_1_125' title="bbox 1230 2693 2106 2740; baseline 0.005 -12"><span class='ocrx_word' id='word_1_803' title='bbox 1230 2696 1321 2729; x_wconf 86' lang='lat' dir='ltr'>danti</span> <span class='ocrx_word' id='word_1_804' title='bbox 1344 2695 1519 2729; x_wconf 90' lang='lat' dir='ltr'>Bonifacio</span> <span class='ocrx_word' id='word_1_805' title='bbox 1541 2693 1685 2738; x_wconf 88' lang='lat' dir='ltr'>Philippi</span> <span class='ocrx_word' id='word_1_806' title='bbox 1710 2696 1848 2740; x_wconf 87' lang='lat' dir='ltr'>Legatus</span> <span class='ocrx_word' id='word_1_807' title='bbox 1861 2708 1936 2731; x_wconf 86' lang='lat' dir='ltr'>cum</span> <span class='ocrx_word' id='word_1_808' title='bbox 1950 2698 2106 2732; x_wconf 86' lang='lat' dir='ltr'>sarcasmo</span> 
     </span>
     <span class='ocr_line' id='line_1_126' title="bbox 1228 2745 2110 2788; baseline 0.003 -9"><span class='ocrx_word' id='word_1_809' title='bbox 1228 2745 1387 2788; x_wconf 85' lang='lat' dir='ltr'>reposuit:</span> <span class='ocrx_word' id='word_1_810' title='bbox 1417 2747 1579 2785; x_wconf 73' lang='lat' dir='ltr'>Beatiffime</span> <span class='ocrx_word' id='word_1_811' title='bbox 1603 2748 1714 2786; x_wconf 84' lang='lat' dir='ltr'>Pater,</span> <span class='ocrx_word' id='word_1_812' title='bbox 1741 2746 1838 2786; x_wconf 80' lang='lat' dir='ltr'>vestra</span> <span class='ocrx_word' id='word_1_813' title='bbox 1855 2746 1981 2788; x_wconf 84' lang='lat' dir='ltr'>potestas</span> <span class='ocrx_word' id='word_1_814' title='bbox 1995 2748 2031 2788; x_wconf 88' lang='lat' dir='ltr'>est</span> <span class='ocrx_word' id='word_1_815' title='bbox 2041 2760 2110 2782; x_wconf 79' lang='lat' dir='ltr'>ver·</span> 
     </span>
    </p>

    <p class='ocr_par' dir='ltr' id='par_1_23' title="bbox 1209 2794 2257 2987">
     <span class='ocr_line' id='line_1_127' title="bbox 1228 2794 2107 2841; baseline 0.005 -14"><span class='ocrx_word' id='word_1_816' title='bbox 1228 2796 1304 2828; x_wconf 83' lang='lat' dir='ltr'>halis</span> <span class='ocrx_word' id='word_1_817' title='bbox 1317 2820 1327 2835; x_wconf 83' lang='lat'>‚</span> <span class='ocrx_word' id='word_1_818' title='bbox 1351 2794 1445 2835; x_wconf 87' lang='lat' dir='ltr'>nostra</span> <span class='ocrx_word' id='word_1_819' title='bbox 1465 2798 1552 2828; x_wconf 84' lang='lat' dir='ltr'>realis</span> <span class='ocrx_word' id='word_1_820' title='bbox 1573 2820 1579 2827; x_wconf 90' lang='lat'>.</span> <span class='ocrx_word' id='word_1_821' title='bbox 1617 2795 1712 2829; x_wconf 88' lang='lat' dir='ltr'>Hinc</span> <span class='ocrx_word' id='word_1_822' title='bbox 1735 2796 1815 2830; x_wconf 86' lang='lat' dir='ltr'>item</span> <span class='ocrx_word' id='word_1_823' title='bbox 1835 2797 1876 2830; x_wconf 88' lang='lat' dir='ltr'>de</span> <span class='ocrx_word' id='word_1_824' title='bbox 1896 2797 2107 2841; x_wconf 88' lang='lat' dir='ltr'>Sigismundo</span> 
     </span>
     <span class='ocr_line' id='line_1_128' title="bbox 1229 2844 2257 2890; baseline 0.001 -12"><span class='ocrx_word' id='word_1_825' title='bbox 1229 2846 1424 2888; x_wconf 88' lang='lat' dir='ltr'>Imperatore</span> <span class='ocrx_word' id='word_1_826' title='bbox 1446 2845 1553 2879; x_wconf 86' lang='lat' dir='ltr'>scribit</span> <span class='ocrx_word' id='word_1_827' title='bbox 1575 2846 1609 2878; x_wconf 89' lang='lat' dir='ltr'>in</span> <span class='ocrx_word' id='word_1_828' title='bbox 1623 2844 1836 2880; x_wconf 89' lang='lat' dir='ltr'>Flandrorum</span> <span class='ocrx_word' id='word_1_829' title='bbox 1849 2846 2033 2880; x_wconf 81' lang='lat' dir='ltr'>Annalibus</span> <span class='ocrx_word' id='word_1_830' title='bbox 2057 2848 2106 2890; x_wconf 83' lang='lat' dir='ltr'>Ja-</span> <span class='ocrx_word' id='word_1_831' title='bbox 2125 2850 2160 2879; x_wconf 88' lang='grc' dir='ltr'>Α.</span> <span class='ocrx_word' id='word_1_832' title='bbox 2174 2854 2257 2885; x_wconf 86' lang='lat'>1416.</span> 
     </span>
     <span class='ocr_line' id='line_1_129' title="bbox 1230 2895 2105 2939; baseline 0.002 -11"><span class='ocrx_word' id='word_1_833' title='bbox 1230 2895 1330 2929; x_wconf 89' lang='lat' dir='ltr'>cobus</span> <span class='ocrx_word' id='word_1_834' title='bbox 1352 2895 1523 2938; x_wconf 85' lang='lat' dir='ltr'>Meyerus:</span> <span class='ocrx_word' id='word_1_835' title='bbox 1552 2899 1672 2928; x_wconf 80' lang='lat' dir='ltr'>Utinam</span> <span class='ocrx_word' id='word_1_836' title='bbox 1691 2904 1786 2928; x_wconf 89' lang='lat' dir='ltr'>totam</span> <span class='ocrx_word' id='word_1_837' title='bbox 1803 2897 1936 2929; x_wconf 63' lang='lat' dir='ltr'>Gauium</span> <span class='ocrx_word' id='word_1_838' title='bbox 1958 2902 2105 2939; x_wconf 80' lang='lat' dir='ltr'>Imperio,</span> 
     </span>
     <span class='ocr_line' id='line_1_130' title="bbox 1209 2944 2107 2987; baseline 0.003 -10"><span class='ocrx_word' id='word_1_839' title='bbox 1209 2946 1212 2951; x_wconf 90' lang='lat'>&#39;</span> <span class='ocrx_word' id='word_1_840' title='bbox 1230 2946 1307 2977; x_wconf 82' lang='lat' dir='ltr'>unde</span> <span class='ocrx_word' id='word_1_841' title='bbox 1321 2945 1424 2977; x_wconf 86' lang='lat' dir='ltr'>ablata</span> <span class='ocrx_word' id='word_1_842' title='bbox 1445 2944 1501 2984; x_wconf 85' lang='lat' dir='ltr'>est,</span> <span class='ocrx_word' id='word_1_843' title='bbox 1527 2945 1661 2987; x_wconf 78' lang='lat' dir='ltr'>valuisset</span> <span class='ocrx_word' id='word_1_844' title='bbox 1683 2947 1819 2979; x_wconf 80' lang='lat' dir='ltr'>reddere.</span> <span class='ocrx_word' id='word_1_845' title='bbox 1847 2948 1999 2982; x_wconf 86' lang='lat' dir='ltr'>Francica</span> <span class='ocrx_word' id='word_1_846' title='bbox 2027 2948 2107 2981; x_wconf 89' lang='lat' dir='ltr'>inte-</span> 
     </span>
    </p>

    <p class='ocr_par' dir='ltr' id='par_1_24' title="bbox 1230 2995 2107 3089">
     <span class='ocr_line' id='line_1_131' title="bbox 1231 2995 2105 3040; baseline 0.005 -13"><span class='ocrx_word' id='word_1_847' title='bbox 1231 2995 1290 3027; x_wconf 88' lang='lat' dir='ltr'>rim</span> <span class='ocrx_word' id='word_1_848' title='bbox 1304 3019 1314 3033; x_wconf 88' lang='lat'>,</span> <span class='ocrx_word' id='word_1_849' title='bbox 1340 2995 1470 3038; x_wconf 84' lang='lat' dir='ltr'>desuper</span> <span class='ocrx_word' id='word_1_850' title='bbox 1491 3006 1558 3028; x_wconf 90' lang='lat' dir='ltr'>non</span> <span class='ocrx_word' id='word_1_851' title='bbox 1583 2996 1688 3028; x_wconf 79' lang='lat' dir='ltr'>clausa</span> <span class='ocrx_word' id='word_1_852' title='bbox 1708 3018 1719 3035; x_wconf 93' lang='lat'>‚</span> <span class='ocrx_word' id='word_1_853' title='bbox 1744 2995 1797 3028; x_wconf 90' lang='lat' dir='ltr'>sed</span> <span class='ocrx_word' id='word_1_854' title='bbox 1818 3007 1924 3038; x_wconf 87' lang='lat' dir='ltr'>aperta</span> <span class='ocrx_word' id='word_1_855' title='bbox 1946 2999 2045 3040; x_wconf 89' lang='lat' dir='ltr'>usque</span> <span class='ocrx_word' id='word_1_856' title='bbox 2064 2997 2105 3030; x_wconf 88' lang='lat' dir='ltr'>ad</span> 
     </span>
     <span class='ocr_line' id='line_1_132' title="bbox 1230 3044 2107 3089; baseline 0.003 -12"><span class='ocrx_word' id='word_1_857' title='bbox 1230 3044 1437 3079; x_wconf 89' lang='lat' dir='ltr'>Ludovicum</span> <span class='ocrx_word' id='word_1_858' title='bbox 1452 3044 1661 3078; x_wconf 77' lang='lat' dir='ltr'>undecimum</span> <span class='ocrx_word' id='word_1_859' title='bbox 1674 3068 1684 3084; x_wconf 89' lang='lat'>,</span> <span class='ocrx_word' id='word_1_860' title='bbox 1710 3046 1764 3087; x_wconf 84' lang='lat' dir='ltr'>qui</span> <span class='ocrx_word' id='word_1_861' title='bbox 1779 3046 1898 3088; x_wconf 84' lang='lat' dir='ltr'>primus</span> <span class='ocrx_word' id='word_1_862' title='bbox 1911 3048 2008 3089; x_wconf 86' lang='lat' dir='ltr'>ipsam</span> <span class='ocrx_word' id='word_1_863' title='bbox 2020 3047 2107 3080; x_wconf 85' lang='lat' dir='ltr'>clau-</span> 
     </span>
    </p>

    <p class='ocr_par' dir='ltr' id='par_1_25' title="bbox 1230 3094 2106 3138">
     <span class='ocr_line' id='line_1_133' title="bbox 1230 3094 2106 3138; baseline 0.003 -11"><span class='ocrx_word' id='word_1_864' title='bbox 1230 3095 1267 3127; x_wconf 84' lang='lat' dir='ltr'>fit</span> <span class='ocrx_word' id='word_1_865' title='bbox 1283 3118 1294 3134; x_wconf 85' lang='lat'>,</span> <span class='ocrx_word' id='word_1_866' title='bbox 1310 3106 1431 3129; x_wconf 87' lang='lat' dir='ltr'>corona</span> <span class='ocrx_word' id='word_1_867' title='bbox 1454 3094 1564 3138; x_wconf 87' lang='lat' dir='ltr'>Regni</span> <span class='ocrx_word' id='word_1_868' title='bbox 1587 3094 1814 3136; x_wconf 64' lang='lat' dir='ltr'>subjectionem</span> <span class='ocrx_word' id='word_1_869' title='bbox 1825 3096 1869 3129; x_wconf 91' lang='lat' dir='ltr'>est</span> <span class='ocrx_word' id='word_1_870' title='bbox 1882 3097 1986 3138; x_wconf 85' lang='lat' dir='ltr'>palam</span> <span class='ocrx_word' id='word_1_871' title='bbox 1996 3107 2106 3130; x_wconf 89' lang='lat' dir='ltr'>conte-</span> 
     </span>
    </p>

    <p class='ocr_par' dir='ltr' id='par_1_26' title="bbox 1232 3144 2105 3188">
     <span class='ocr_line' id='line_1_134' title="bbox 1232 3144 2105 3188; baseline 0.001 -11"><span class='ocrx_word' id='word_1_872' title='bbox 1232 3144 1329 3177; x_wconf 86' lang='lat' dir='ltr'>stata.</span> <span class='ocrx_word' id='word_1_873' title='bbox 1360 3146 1479 3188; x_wconf 84' lang='lat' dir='ltr'>Aperta</span> <span class='ocrx_word' id='word_1_874' title='bbox 1496 3145 1584 3177; x_wconf 86' lang='lat' dir='ltr'>enim</span> <span class='ocrx_word' id='word_1_875' title='bbox 1608 3144 1835 3186; x_wconf 70' lang='lat' dir='ltr'>subjeecionis‚</span> <span class='ocrx_word' id='word_1_876' title='bbox 1861 3146 1963 3179; x_wconf 81' lang='lat' dir='ltr'>clausa</span> <span class='ocrx_word' id='word_1_877' title='bbox 1985 3157 2105 3178; x_wconf 82' lang='lat' dir='ltr'>corona</span> 
     </span>
    </p>

    <p class='ocr_par' dir='ltr' id='par_1_27' title="bbox 1229 3193 2106 3242">
     <span class='ocr_line' id='line_1_135' title="bbox 1229 3193 2106 3242; baseline 0.002 -15"><span class='ocrx_word' id='word_1_878' title='bbox 1229 3195 1272 3227; x_wconf 84' lang='lat' dir='ltr'>est</span> <span class='ocrx_word' id='word_1_879' title='bbox 1298 3193 1457 3228; x_wconf 66' lang='lat' dir='ltr'>char-aeter</span> <span class='ocrx_word' id='word_1_880' title='bbox 1479 3195 1630 3236; x_wconf 87' lang='lat' dir='ltr'>supremae</span> <span class='ocrx_word' id='word_1_881' title='bbox 1653 3195 1845 3236; x_wconf 70' lang='lat' dir='ltr'>Maiestatis.</span> <span class='ocrx_word' id='word_1_882' title='bbox 1875 3196 1956 3242; x_wconf 82' lang='lat' dir='ltr'>Qae</span> <span class='ocrx_word' id='word_1_883' title='bbox 1966 3196 2079 3229; x_wconf 88' lang='lat' dir='ltr'>omnia</span> <span class='ocrx_word' id='word_1_884' title='bbox 2095 3220 2106 3235; x_wconf 90' lang='lat'>,</span> 
     </span>
    </p>

    <p class='ocr_par' dir='ltr' id='par_1_28' title="bbox 1230 3242 2108 3336">
     <span class='ocr_line' id='line_1_136' title="bbox 1231 3242 2106 3287; baseline 0.002 -11"><span class='ocrx_word' id='word_1_885' title='bbox 1231 3242 1344 3286; x_wconf 85' lang='lat' dir='ltr'>quibus</span> <span class='ocrx_word' id='word_1_886' title='bbox 1368 3245 1510 3277; x_wconf 86' lang='lat' dir='ltr'>eruditus</span> <span class='ocrx_word' id='word_1_887' title='bbox 1532 3246 1671 3287; x_wconf 73' lang='lat' dir='ltr'>joannes</span> <span class='ocrx_word' id='word_1_888' title='bbox 1693 3243 1829 3286; x_wconf 85' lang='lat' dir='ltr'>Jacobus</span> <span class='ocrx_word' id='word_1_889' title='bbox 1862 3244 2049 3278; x_wconf 85' lang='lat' dir='ltr'>Chiffletius</span> <span class='ocrx_word' id='word_1_890' title='bbox 2071 3246 2106 3278; x_wconf 87' lang='lat' dir='ltr'>in</span> 
     </span>
     <span class='ocr_line' id='line_1_137' title="bbox 1230 3293 2108 3336; baseline 0.003 -11"><span class='ocrx_word' id='word_1_891' title='bbox 1230 3293 1380 3327; x_wconf 86' lang='lat' dir='ltr'>vindiciis</span> <span class='ocrx_word' id='word_1_892' title='bbox 1401 3294 1586 3336; x_wconf 85' lang='lat' dir='ltr'>Hispanicis</span> <span class='ocrx_word' id='word_1_893' title='bbox 1600 3293 1689 3335; x_wconf 85' lang='lat' dir='ltr'>plura</span> <span class='ocrx_word' id='word_1_894' title='bbox 1710 3294 1820 3332; x_wconf 88' lang='lat' dir='ltr'>addit,</span> <span class='ocrx_word' id='word_1_895' title='bbox 1846 3293 1953 3327; x_wconf 76' lang='lat' dir='ltr'>lucide</span> <span class='ocrx_word' id='word_1_896' title='bbox 1973 3294 2108 3328; x_wconf 87' lang='lat' dir='ltr'>demon·</span> 
     </span>
    </p>
   </div>
   <div class='ocr_carea' id='block_1_18' title="bbox 297 3340 2107 3442">
    <p class='ocr_par' dir='ltr' id='par_1_29' title="bbox 297 3340 2107 3442">
     <span class='ocr_line' id='line_1_138' title="bbox 297 3340 2107 3385; baseline -0.002 -4"><span class='ocrx_word' id='word_1_897' title='bbox 297 3345 398 3381; x_wconf 88' lang='lat' dir='ltr'>modo</span> <span class='ocrx_word' id='word_1_898' title='bbox 420 3345 566 3379; x_wconf 85' lang='lat' dir='ltr'>adversus</span> <span class='ocrx_word' id='word_1_899' title='bbox 595 3342 706 3375; x_wconf 89' lang='lat' dir='ltr'>Caroli</span> <span class='ocrx_word' id='word_1_900' title='bbox 729 3340 795 3374; x_wconf 86' lang='lat' dir='ltr'>fine</span> <span class='ocrx_word' id='word_1_901' title='bbox 825 3342 882 3374; x_wconf 89' lang='lat' dir='ltr'>suo</span> <span class='ocrx_word' id='word_1_902' title='bbox 904 3341 1028 3374; x_wconf 86' lang='lat' dir='ltr'>assensu</span> <span class='ocrx_word' id='word_1_903' title='bbox 1054 3342 1167 3374; x_wconf 67' lang='lat' dir='ltr'>fastam</span> <span class='ocrx_word' id='word_1_904' title='bbox 1229 3343 1326 3376; x_wconf 88' lang='lat' dir='ltr'>strant</span> <span class='ocrx_word' id='word_1_905' title='bbox 1346 3344 1542 3376; x_wconf 87' lang='lat' dir='ltr'>Francorum</span> <span class='ocrx_word' id='word_1_906' title='bbox 1579 3344 1612 3376; x_wconf 91' lang='lat' dir='ltr'>in</span> <span class='ocrx_word' id='word_1_907' title='bbox 1633 3343 1740 3377; x_wconf 89' lang='lat' dir='ltr'>Gallia</span> <span class='ocrx_word' id='word_1_908' title='bbox 1762 3344 1916 3385; x_wconf 86' lang='lat' dir='ltr'>Regnum</span> <span class='ocrx_word' id='word_1_909' title='bbox 1951 3344 2107 3377; x_wconf 84' lang='lat' dir='ltr'>Romano</span> 
     </span>
     <span class='ocr_line' id='line_1_139' title="bbox 297 3390 2103 3442; baseline -0.001 -14"><span class='ocrx_word' id='word_1_910' title='bbox 297 3396 537 3442; x_wconf 70' lang='lat' dir='ltr'>promotionem</span> <span class='ocrx_word' id='word_1_911' title='bbox 556 3391 654 3427; x_wconf 86' lang='lat' dir='ltr'>fuerit</span> <span class='ocrx_word' id='word_1_912' title='bbox 685 3391 874 3434; x_wconf 87' lang='lat' dir='ltr'>protestatus</span> <span class='ocrx_word' id='word_1_913' title='bbox 894 3413 903 3430; x_wconf 82' lang='grc'>,</span> <span class='ocrx_word' id='word_1_914' title='bbox 932 3390 966 3424; x_wconf 73' lang='grc'>8(</span> <span class='ocrx_word' id='word_1_915' title='bbox 998 3391 1166 3435; x_wconf 83' lang='lat' dir='ltr'>quomodo</span> <span class='ocrx_word' id='word_1_916' title='bbox 1228 3392 1461 3428; x_wconf 86' lang='lat' dir='ltr'>Germanorum</span> <span class='ocrx_word' id='word_1_917' title='bbox 1483 3392 1622 3437; x_wconf 87' lang='lat' dir='ltr'>Imperio</span> <span class='ocrx_word' id='word_1_918' title='bbox 1644 3392 1725 3427; x_wconf 86' lang='lat' dir='ltr'>olim</span> <span class='ocrx_word' id='word_1_919' title='bbox 1746 3391 1912 3426; x_wconf 68' lang='lat' dir='ltr'>subfuisse.</span> <span class='ocrx_word' id='word_1_920' title='bbox 1955 3394 2103 3427; x_wconf 82' lang='lat' dir='ltr'>Eandem</span> 
     </span>
    </p>
   </div>
   <div class='ocr_carea' id='block_1_19' title="bbox 1983 3443 2037 3476">
    <p class='ocr_par' dir='ltr' id='par_1_30' title="bbox 1983 3443 2037 3476">
     <span class='ocr_line' id='line_1_140' title="bbox 1983 3443 2037 3476; baseline 0 0"><span class='ocrx_word' id='word_1_921' title='bbox 1983 3443 2037 3476; x_wconf 72' lang='lat' dir='ltr'>ad·</span> 
     </span>
    </p>
   </div>
  </div>
 </body>
</html>
