2366 3756
947 97 1433 143 D1crArus.
1953 112 2048 156 259

280 184 403 232 primus
417 181 600 227 iniquitatis
611 184 724 218 auctor
734 197 745 217 .-
772 182 915 218 Videtur
941 182 1060 226 primus
1072 181 1171 225 Papa·
1212 181 1217 208 l
1225 181 1347 222 judicet
1357 205 1364 212 .
1387 177 1489 227 Quod
1503 189 1572 215 non
1584 179 1603 215 a
1616 179 1686 215 solo
1699 179 1883 222 Pontifice,
1896 180 1950 216 sed
1964 181 1982 215 ὲ
1995 182 2117 226 plenio-

281 236 313 269 le
335 232 528 268 mandatum
550 235 645 269 fuisse
669 243 807 268 conatus
831 245 888 277 per
915 232 1171 276 appellationem
1213 231 1259 273 {ri
1288 230 1427 273 Synodo
1452 232 1581 266 causam
1608 232 1699 266 suam
1722 231 1883 266 retradiari
1899 232 2118 276 vpostulaverit

280 283 489 328 suspendere.
521 284 656 319 Etenim
667 283 862 322 Nestorius,
893 281 986 326 quod
997 282 1104 326 gratia
1117 283 1172 316 sci·
1214 280 1217 327 Ἰ
1235 280 1410 314 Flavianus
1422 305 1433 321 ‚
1462 281 1598 324 probare
1607 290 1748 317 conatur
1759 293 1800 316 ex
1812 282 1947 322 litteris,
1973 293 2028 327 per
2039 293 2118 327 quas

280 344 329 369 ret
342 335 404 368 effe
418 345 501 379 opus
513 360 524 376 ,
535 336 684 379 &ipsam
694 332 898 376 desperareta
910 332 1079 366 Pontifice
1092 357 1102 374 ,
1130 331 1169 366 ad
1214 329 1218 379 ξ
1235 331 1335 365 etiam
1348 330 1445 365 Galla
1466 330 1612 366 Placidia
1635 331 1786 377 Augusta
1806 333 1840 366 δε
1862 332 2117 368 Valentinianus

282 383 434 430 Augusta
446 385 538 420 Laici
559 383 722 429 Principis
744 382 913 427 Rescripta
934 383 1088 428 confugit
1101 407 1111 423 ‚
1137 383 1172 417 ἀ
1236 381 1418 424 Imperator
1435 381 1549 415 tertius
1570 382 1674 425 ipsam
1695 383 1779 418 intra
1800 382 1929 417 Italiam
1940 382 2118 427 fieriexpo-

282 434 391 470 Sancti
405 434 495 471 Petri
508 435 663 482 Apostoli
674 433 879 478 Maiestatem
890 432 1062 479 dupliciter
1074 433 1148 468 laefit
1164 458 1171 465 .

319 669 383 713 An
406 661 434 713 a)
465 663 636 733 generali
655 663 800 729 Synodo
808 660 925 733 poffit
950 662 1137 733 appellari

562 734 616 783 ad
648 732 866 799 Pontificem
879 770 893 783 .

366 888 399 922 X
421 885 538 922 iisdem
557 886 727 932 principiis
758 886 916 922 evertitur
941 893 1011 921 tota
1036 881 1176 929 Joan-nis

295 954 297 956 ·
391 937 537 972 Launoii
575 938 616 972 ad
635 936 793 982 Iacobum
812 937 970 972 Boetium
996 933 1037 969 de
1058 933 1176 969 Sansto

283 988 422 1023 Victore
443 986 611 1031 Epistola,
635 987 760 1022 docens
769 985 810 1021 ad
823 983 1176 1029 Papamquidempro-

284 1038 393 1074 vocari
408 1039 495 1083 posse
506 1038 523 1071 ὲ
535 1036 795 1071 Provincialium
807 1044 862 1070 aut
885 1035 1154 1069 Dioecesanarum
1166 1054 1177 1070 ‚

285 1099 354 1123 non
380 1098 491 1123 tamen
516 1087 534 1121 a
554 1085 687 1131 judiciis
709 1085 924 1129 synodorum
951 1084 1172 1129 generalium.

284 1139 370 1183 Agit
388 1138 423 1173 in
450 1138 640 1173 Dominum
661 1136 877 1172 Cardinalem
898 1134 1086 1168 Robertum
1105 1132 1178 1167 Bel-

282 1189 460 1223 lai-minum
481 1213 492 1230 ,
532 1188 591 1232 qui
618 1200 661 1222 ex
694 1185 884 1229 hujusmodi
905 1182 1180 1229 appellationibus

282 1239 391 1273 firmat
414 1238 614 1273 Pontificem
634 1238 697 1270 effe
721 1236 817 1270 omni
839 1234 978 1278 Synodo
1000 1233 1177 1278 majorem.

284 1289 339 1323 Ex
372 1288 482 1322 Sancti
515 1286 666 1320 Flaviani
706 1284 1074 1329 Constantinopolitani
1097 1308 1110 1324 ,
1145 1283 1180 1317 &

284 1337 496 1374 Theodoreti
523 1335 672 1380 Cyrenlis
683 1335 718 1370 in
734 1334 944 1379 Euphratesia
953 1334 1128 1369 Provincia
1141 1332 1189 1366 Ea

284 1389 410 1433 piscopi
433 1386 655 1432 appellatione
676 1384 718 1421 ab
744 1384 900 1431 Ephefini
914 1385 1083 1420 latrocinii
1096 1383 1182 1427 judi-

284 1439 340 1472 cio
357 1438 398 1472 ad
422 1438 577 1472 Sannum
602 1437 753 1470 Leonem
777 1446 957 1480 magnum.
983 1436 1016 1470 A
1031 1435 1180 1480 legitima

283 1489 319 1522 ὅ(
330 1488 426 1531 plena
438 1510 451 1527 ,
475 1487 530 1521 cui
549 1486 721 1520 Romanus
735 1485 895 1519 Pontifex
909 1483 1095 1529 praesedit&
1108 1484 1191 1518 reli?

283 1547 350 1582 qua
372 1538 435 1572 suae
461 1537 664 1573 auctoritatis
682 1534 827 1579 explevit
854 1535 990 1576 officia,
1023 1532 1180 1577 appellari

284 1587 375 1631 posse
403 1599 474 1622 non
493 1586 579 1620 dixit
591 1584 980 1620 DominusCat-dinalis:
1005 1582 1182 1624 Numquis

282 1636 319 1670 id
332 1637 442 1670 dicat?
469 1635 569 1669 Dixit
579 1635 622 1668 ab
642 1632 799 1676 acephala
811 1657 823 1672 ,
849 1642 907 1666 aut
924 1631 1075 1677 legitima
1097 1631 1181 1665 'citra

284 1685 439 1730 Papalem
463 1684 628 1718 influxum
646 1681 812 1725 judicante
823 1681 963 1725 Synodo
975 1682 1064 1725 posse
1074 1681 1181 1725 appel·

285 1736 346 1771 lari
361 1749 372 1769 .·
393 1736 426 1769 δε
447 1732 573 1778 optime
582 1731 685 1767 dixit·
712 1732 804 1766 Nam
815 1732 877 1766 &a
889 1731 985 1774 plena
998 1730 1182 1766 Chalcedo-

286 1784 378 1819 nenfi
391 1809 402 1825 ,
430 1785 464 1818 ὅ(
477 1782 729 1827 peripsamcitra
741 1781 897 1825 Papalem
923 1780 1092 1816 influxum
1112 1779 1182 1816 edi‘-

286 1845 324 1869 to
335 1834 492 1879 vigesimo
504 1835 621 1868 ostavo
633 1831 776 1867 Canone
786 1830 827 1867 ad
854 1831 1009 1866 Sanctum
1030 1832 1179 1866 Leonem

286 1884 478 1929 provocavit
496 1883 566 1926 ejus
586 1883 729 1928 Legatio
741 1905 754 1923 ,
790 1883 988 1926 causamque
1007 1879 1177 1916 obtinuit.

288 1935 445 1968 Pontifex
465 1933 555 1967 enim
581 1931 708 1967 admisit
729 1933 986 1977 appellationem
1009 1954 1020 1972 ,
1055 1931 1090 1965 δε
1118 1930 1182 1965 Ca·

287 1995 411 2019 nonem
430 1982 654 2018 circumduxit
667 2007 676 2016 .
703 1982 878 2027 lnfigniter
897 1982 967 2018 haee
988 1982 1128 2026 exponit
1142 1981 1176 2016 in

285 2034 372 2069 libro
392 2033 433 2068 de
455 2031 667 2068 anathemate
686 2031 820 2067 Sanetus
834 2032 1005 2069 Gelafius:
1030 2035 1135 2066 Totum
1147 2037 1179 2064 in

287 2083 455 2128 apostolica
476 2085 561 2117 sedis
582 2080 706 2125 pisttum
728 2082 767 2123 est
778 2082 944 2124 potestate.
970 2087 1023 2115 Ita
1043 2082 1123 2123 quod
1127 2080 1180 2122 fir-

288 2141 390 2169 mavit
400 2140 432 2167 in
445 2134 553 2172 synodo
561 2135 581 2164 5
581 2133 650 2165 edes
662 2131 822 2172 apostolica
835 2153 846 2170 ‚
871 2130 923 2163 hoc
933 2130 1022 2162 robur
1031 2130 1175 2170 obtinuit3

287 2185 368 2225 quod
391 2182 564 2223 refutavit,
589 2179 700 2213 habere
724 2190 783 2212 non
798 2183 894 2220 potuit
900 2177 1084 2220 firmitatem
1098 2203 1105 2211 .
1133 2181 1179 2212 Et

284 2231 348 2275 sola
367 2229 484 2274 rescidit
505 2229 585 2272 quod
599 2237 715 2272 praeter
736 2230 868 2262 ordinem
886 2234 1070 2273 congregatio
1098 2230 1180 2268 syno—

288 2283 358 2315 dica
369 2287 542 2323 'putaverat
562 2277 767 2322 usurpandum
777 2304 784 2312 .
813 2279 898 2326 Qae
909 2279 1023 2312 omnia
1036 2278 1111 2312 altis
1124 2289 1181 2312 vo·

287 2329 379 2366 cibus
397 2330 542 2364 clamant
568 2339 638 2363 non
660 2327 785 2372 Papam
805 2326 945 2371 Synodo
957 2352 970 2369 ,
998 2327 1054 2362 sed
1078 2328 1176 2372 Papae

289 2380 466 2425 Synodum
487 2378 623 2414 subesse.

341 2430 527 2465 Audiamus
537 2427 617 2472 quid
630 2427 798 2462 adversum
809 2426 946 2462 adducta
958 2425 1027 2476 hanc
1040 2437 1095 2471 per
1104 2427 1177 2462 Do·

289 2482 420 2516 minum
442 2478 654 2514 Cardinalem
675 2477 825 2521 exempla
857 2486 1005 2521 opponat
1037 2478 1178 2521 Joannes

291 2531 464 2565 Launoius
478 2554 485 2561 .
514 2526 664 2562 Adducit
678 2527 840 2572 integram
851 2549 863 2566 ,
888 2538 951 2571 qua
962 2527 1096 2562 Sanctus
1106 2527 1178 2562 Leo

290 2580 387 2614 Beati
408 2578 559 2613 Flaviani
584 2576 840 2621 appellationem
860 2577 1051 2620 Imperatori
1065 2574 1178 2612 Theo·

291 2630 384 2665 dolio
404 2627 562 2672 exponit,
586 2628 620 2660 dc
637 2626 876 2661 admittendam
888 2626 1022 2667 suadet,
1046 2626 1178 2671 Episto-

293 2681 360 2714 lam
372 2703 383 2720 ,
409 2691 447 2713 ac
470 2677 576 2723 pergit
587 2690 599 2711 .-
626 2677 704 2709 Cum
713 2682 746 2710 in
757 2678 937 2711 Bellarmini
946 2686 1153 2720 argumentum
1166 2702 1176 2718 ,

294 2732 329 2764 Θ
353 2734 386 2762 tn
411 2733 517 2762 Leonis
544 2727 709 2770 Epistolam
724 2726 868 2770 inspicio,
894 2728 1025 2761 adducor
1038 2727 1136 2769 facile*
1144 2737 1176 2760 ut

293 2780 415 2814 credam
446 2779 677 2811 Bellarminium
699 2781 807 2811 Leonis
828 2775 991 2818 epistolam
1014 2788 1073 2810 non
1098 2776 1176 2824 legis:

290 2829 326 2874 se
337 2852 348 2869 ‚
368 2827 426 2872 sed
436 2829 589 2869 deceptum
602 2827 691 2871 fuisse
713 2827 752 2860 ab
778 2826 954 2867 Amanuenfi
960 2825 1035 2870 suo,
1060 2832 1114 2870 qui
1131 2829 1176 2861 illi

296 2882 379 2913 dixit
390 2878 577 2912 Flavianum
587 2877 630 2909 ad
641 2881 768 2912 Leonem
781 2877 936 2920 appellaffe
946 2902 953 2909 .
977 2881 1063 2911 Nam
1074 2880 1176 2911 Ponti-

288 2930 352 2973 fex
363 2929 414 2962 boc
425 2933 457 2961 ln
469 2926 601 2970 Epistola
614 2924 672 2969 sua
691 2939 749 2961 non
765 2926 887 2971 scribit.
914 2928 1103 2961 Flavianum
1124 2937 1176 2970 ap·

291 2979 466 3023 pellationts
476 2977 607 3012 libellum
617 2977 833 3021 dedffl‘efitribtt
842 3003 852 3019 ,
874 2975 932 3021 sed
938 2978 985 3010 ad
992 2989 1078 3021 quem
1090 2979 1171 3012 dede·

295 3035 340 3062 rit
353 3052 363 3068 ,
391 3040 448 3061 non
452 3026 557 3071 scribit
567 3052 574 3060 .
602 3027 753 3061 Credibile
765 3028 803 3069 est
816 3031 999 3062 Flavianum
1017 3027 1176 3072 provocas-

293 3077 327 3123 se
351 3079 395 3110 ad
413 3079 577 3118 synodum,
602 3088 671 3120 quae
698 3078 811 3112 liberior
829 3078 909 3121 foret
934 3080 969 3113 (9·
988 3078 1172 3120 numerofior.

298 3134 387 3162 Nam
400 3131 459 3162 Leo
470 3128 505 3161 Gt
515 3130 650 3161 Romana
657 3128 781 3166 synodus
791 3139 881 3162 unum
891 3130 924 3161 id
935 3137 1028 3173 agunt
1036 3153 1047 3170 ,
1072 3138 1106 3162 ut
1117 3133 1174 3162 Im-

296 3187 418 3222 perator
434 3178 604 3221 generalem
625 3178 768 3216 synodum
791 3183 875 3213 intra
897 3182 1018 3214 Italiam
1036 3178 1175 3213 celebrari

295 3229 407 3272 jubeat
420 3252 431 3269 ‚
455 3238 522 3270 quae
561 3232 699 3261 excitatis
727 3229 898 3263 tumultibus
921 3231 956 3264 (9
975 3228 1174 3272 controverfiis

1236 431 1358 465 stulant
1372 430 1414 465 ab
1436 431 1635 474 Imperatore
1656 430 1869 475 Theodofio,
1900 443 1998 478 atque
2014 434 2117 478 prose·

1236 481 1345 523 quitur
1356 505 1364 513 .
1393 480 1564 514 Flavianus
1574 483 1619 514 ad
1628 484 1753 515 Leonem
1766 491 1913 525 provocat
1922 507 1933 524 ,
1957 492 1992 517 ut
2001 494 2069 526 quae
2079 484 2118 518 de

1232 530 1292 572 fide
1307 533 1341 565 (ν’
1354 531 1563 565 Sacerdotibus
1573 533 1678 566 θέοντα
1687 540 1753 566 erat
1775 535 1861 575 apud
1876 533 2030 578 Ephesum
2052 544 2119 567 eon·

1240 580 1379 621 troversia
1391 605 1402 621 ,
1427 587 1460 613 in
1465 583 1597 625 generali
1607 583 1712 621 synodo
1721 587 1948 616 terminaretur.
1978 584 2071 617 Aliud
2077 582 2117 624 est

1237 635 1328 674 igitur
1341 634 1508 664 Romanum
1522 632 1692 674 Pontificem
1710 634 1881 675 appellare,
1906 633 1993 666 aliud
2011 637 2118 667 Roma-

1237 692 1308 714 num
1322 679 1494 722 Pontificem
1502 680 1600 724 solum
1610 683 1647 716 de
1657 684 1855 724 appellatione
1856 684 1999 725 judicare
2008 708 2016 715 .
2046 684 2119 717 Flo-

1237 735 1351 764 vianus
1363 732 1447 773 apud
1454 733 1700 771 Valentinianum
1719 734 1827 767 dicitur
1845 737 1972 768 Leonem
1990 734 2024 767 ὑ·
2046 736 2120 777 Apo-

1231 779 1364 821 stolicam
1373 782 1478 815 Sedem
1488 782 1661 824 appellare,
1683 784 1718 816 Θ
1734 791 1834 815 tamen
1856 793 1914 816 non
1934 787 2060 817 Leonem
2076 781 2121 827 so·

1238 832 1298 864 lum
1309 833 1361 865 vel
1373 831 1690 874 apostolicams’edem,
1712 830 1868 875 sedetiam
1889 833 2016 875 reliquos
2038 837 2121 866 occi-

1239 882 1338 915 dentis
1350 880 1509 926 Episcopos
1523 883 1657 926 appellat
1668 906 1680 924 ,
1689 891 1722 916 ut
1737 887 1770 915 in
1780 885 1886 916 Leonis
1895 883 1930 917 &
1941 884 2041 916 Gallae
2050 883 2121 916 Pla-

1239 933 1327 964 cidiae
1350 935 1463 966 litteris
1484 932 1630 968 habetur.
1659 935 1730 977 ,Quo
1738 938 1830 967 ettam
1842 932 2073 967 Valentinianus
2088 937 2121 964 in

1241 980 1439 1024 Epistolasua
1447 982 1567 1026 spec‘lot
1581 1009 1588 1016 .
1615 988 1690 1018 Haec
1699 991 1798 1018 autem
1812 988 1912 1017 omnia
1932 984 2008 1026 quid
2023 980 2123 1025 quaeso

1242 1031 1422 1063 Bellarmtni
1433 1032 1554 1076 causam
1567 1035 1746 1076 adjuvant?
1777 1034 1867 1078 ‚Quid
1884 1034 1930 1066 ad
1947 1030 2123 1075 prOPOfiWm

1242 1078 1280 1112 ab
1289 1090 1320 1112 eo
1333 1084 1457 1113 Lemma
1479 1085 1665 1126 conducunt,
1690 1092 1723 1118 ut
1745 1086 1865 1129 Papam
1885 1081 2014 1128 absblute'
2027 1079 2124 1126 supra

1242 1133 1412 1165 Concilium
1423 1132 1475 1174 effe
1481 1132 1608 1174 probent
1622 1135 1639 1165 ἓ

1293 1180 1367 1225 Ego
1380 1181 1523 1216 Domini
1546 1182 1733 1219 Cardinalis
1757 1183 1947 1219 Bellarmini
1968 1195 2038 1219 non
2061 1192 2127 1228 ago

1244 1230 1438 1275 Apologum
1451 1255 1459 1264 .
1486 1230 1543 1266 An
1556 1231 1722 1268 laudatam
1733 1235 1843 1268 Sansti
1855 1233 1976 1269 Leonis
1999 1233 2128 1278 Episto-

1246 1281 1310 1315 lam
1321 1281 1435 1326 legerit
1444 1306 1455 1323 ‚
1481 1290 1606 1317 certent
1614 1281 1669 1317 alii
1680 1310 1688 1317 .
1714 1284 1760 1318 Eu
1770 1284 1792 1318 fi
1805 1284 1879 1329 quis
1891 1283 2025 1319 istorum
2037 1282 2128 1318 dicat

1246 1331 1346 1375 ipsam
1358 1343 1425 1366 non
1434 1332 1584 1378 *intelligi
1595 1332 1614 1366 a
1624 1333 1752 1376 Joann'e
1762 1333 1916 1369 Launoio
1927 1334 1945 1367 ἓ
1969 1333 2061 1368 Huic
2082 1333 2129 1367 in-

1245 1381 1339 1416 terim
1350 1381 1581 1426 gratulandum
1594 1382 1642 1416 est
1652 1407 1664 1423 ,
1690 1382 1781 1427 quod
1792 1382 1928 1418 dimiffis
1948 1382 2131 1428 tergiversa-

1244 1431 1393 1466 tionibus
1404 1432 1536 1467 tandem
1550 1432 1689 1467 fateatur
1708 1434 1862 1468 Sannum
1881 1433 2078 1468 Flavianum
2088 1432 2131 1468 ad

1245 1482 1412 1525 Magnum
1427 1481 1576 1515 Leonem
1602 1493 1641 1516 ac
1660 1482 1729 1524 ejus
1754 1482 1986 1526 Apostolicam
2009 1482 2130 1517 Cathe-

1243 1531 1337 1564 dram
1348 1532 1554 1572 provocasse.
1580 1530 1710 1564 Diserte
1730 1532 1822 1566 enim
1845 1533 1879 1566 id
1900 1532 2012 1566 scribit
2031 1533 2131 1567 Galia

1244 1577 1392 1613 Placidia
1404 1592 1416 1613 .·
1444 1580 1539 1612 Fides
1559 1579 1743 1621 perturbata
1765 1580 1804 1622 est
1814 1583 1859 1615 ad
1870 1581 2029 1615 arbitrium
2042 1587 2132 1615 unius

1239 1628 1372 1662 ‘bominis
1380 1652 1392 1669 ,
1418 1633 1514 1672 quiin
1526 1630 1636 1669 synodo
1651 1629 1809 1673 prefinae
1824 1637 1971 1666 Civitatis
1983 1633 2083 1667 odium
2097 1634 2132 1667 ὦ·

1242 1684 1438 1713 contentiones
1444 1681 1548 1722 potius
1560 1681 1712 1724 exercuisse
1724 1690 1869 1716 narratur
1878 1707 1890 1723 ‚
1915 1685 2047 1717 militum
2054 1690 2135 1725 prae-

1239 1727 1386 1772 J‘emia&
1407 1738 1487 1764 metu
1509 1734 1654 1772 impetens
1677 1731 2035 1775 constantinopolitanum
2057 1736 2136 1776 Epi-

1238 1778 1359 1822 scopum
1380 1782 1594 1823 Flavianum,
1621 1792 1651 1816 eo
1671 1783 1753 1825 quod
1774 1782 1905 1817 libellum
1929 1785 1976 1817 ad
1999 1783 2135 1826 Apostoli-

1241 1840 1308 1863 cam
1331 1830 1436 1865 §edem
1460 1829 1594 1875 miserit,
1620 1834 1655 1867 ὑ*
1674 1833 1718 1866 ad
1739 1844 1840 1867 omnes
1852 1832 2014 1877 Episcopos
2026 1833 2135 1868 barum

1238 1885 1399 1922 partium,
1419 1889 1477 1923 per
1495 1893 1548 1916 eos
1566 1887 1618 1925 qui
1641 1883 1879 1927 direc'lificerunt
1901 1886 1922 1917 ἃ
1934 1883 2140 1928 Reverendis-

1236 1928 1307 1970 fimo
1341 1929 1487 1974 Episcopo
1511 1935 1613 1966 Romae
1633 1957 1644 1974 ,
1678 1940 1731 1976 qut
1751 1932 1915 1977 sec-undum
1943 1934 2134 1977 definitiones

1242 1985 1366 2014 Nicaeni
1380 1981 1637 2026 Conciliiconsueti
1656 1982 1730 2027 sunt
1754 1986 1901 2027 interesse.
1926 1984 2058 2020 ‘Lucide
2081 1985 2136 2020 ad-

1242 2032 1350 2065 firmat
1373 2032 1527 2068 sanctum
1550 2033 1745 2069 Flavianum
1758 2045 1827 2070 non
1842 2033 2015 2069 dumtaxat
2027 2036 2134 2079 appel-

1241 2079 1317 2113 {affe
1336 2080 1378 2114 ad
1397 2081 1515 2115 Sedem
1538 2081 1769 2125 Apostolicam
1783 2110 1794 2125 ‚
1821 2085 1875 2120 sed
1898 2085 2133 2130 insuperistam

1239 2127 1286 2162 ob
1313 2129 1442 2162 causam
1466 2129 1560 2162 fuisse
1581 2131 1599 2163 a
1623 2132 1781 2166 Dioscori
1802 2135 1909 2168 milite
1930 2135 1965 2169 ἃ
1986 2135 2132 2170 calcibus

1240 2178 1423 2220 percussum
1434 2202 1442 2210 .
1471 2178 1605 2212 Etenim
1620 2179 1660 2213 ad
1673 2180 1827 2215 Sanctum
1842 2182 1991 2217 Leonem
2003 2208 2014 2225 ,
2030 2178 2132 2228 quem*

1241 2227 1283 2261 ab
1306 2226 1468 2269 interjecta
1493 2227 1689 2271 Eutychetis
1703 2230 1922 2275 appellatione
1933 2233 2064 2269 volebat
2076 2233 2133 2270 de-

1241 2285 1406 2311 mutatum
1430 2287 1471 2311 ex
1491 2278 1606 2321 Judice
1630 2279 1665 2313 in
1686 2291 1778 2314 reum
1802 2292 1859 2316 aut
1882 2284 2128 2326 accusatorem,

1240 2328 1273 2361 &
1295 2338 1394 2371 quem
1416 2325 1480 2361 hoc
1503 2326 1601 2362 titulo
1621 2328 1640 2362 ὲ
1664 2330 1791 2371 Synodi
1815 2330 2021 2369 Praefidentia
2059 2336 2128 2370 vio-

1241 2376 1346 2412 lenter
1362 2378 1539 2412 extruserat
1559 2401 1571 2418 ,
1599 2378 1779 2414 Dioscorus
1790 2380 1892 2426 longe
1912 2383 2023 2418 minus
2041 2386 2127 2420 vole·

1241 2426 1297 2461 bat
1319 2427 1338 2461 a
1364 2427 1423 2460 suo
1453 2425 1613 2471 synodali
1636 2428 1761 2472 judicio
1785 2433 1956 2474 provocari
1976 2459 1983 2466 .
2021 2434 2125 2481 Qod

1242 2476 1347 2519 ipsum
1370 2476 1481 2511 scribit
1505 2476 1762 2514 Valentinianus
1781 2481 1913 2516 tertius:
1939 2485 2125 2524 Beatiffsmus

1241 2529 1384 2560 Romame
1393 2529 1544 2560 Civitatis
1555 2526 1742 2572 Episcopus,
1769 2536 1815 2565 cui
1840 2535 2050 2576 Principatum
2071 2537 2126 2567 Sa-

1238 2575 1452 2620 cerdottificper
1473 2588 1572 2611 omnes
1592 2583 1760 2622 antiquitas
1780 2583 1905 2616 contulit
1921 2607 1933 2623 ,
1958 2585 2049 2617 locum
2071 2584 2123 2618 ho-

1238 2625 1308 2660 beat
1319 2638 1353 2660 ac
1354 2626 1535 2668 facultatem
1545 2629 1582 2661 de
1597 2628 1660 2671 fide
1682 2642 1717 2664 ac
1738 2632 1946 2667 Sacerdotibus
1960 2635 2123 2675 judicare.

1237 2679 1335 2718 Hujus
1346 2685 1426 2710 emm
1439 2683 1482 2711 rei
1489 2683 1592 2722 gratia
1605 2677 1767 2722 secundum
1780 2680 1998 2725 solemnitatem
2019 2687 2124 2718 Conci-

1237 2727 1343 2760 liorum
1368 2728 1403 2762 &
1428 2727 1766 2771 constantinopolitanus
1795 2730 1957 2775 Episcopus
1985 2745 2051 2768 eum
2068 2742 2124 2776 per

1237 2776 1365 2811 libellum
1375 2778 1546 2821 appellavit
1560 2802 1568 2812 .
1598 2782 1725 2822 Propter
1734 2789 1947 2817 contentionem
1969 2795 2037 2827 quae
2057 2792 2123 2817 orta

1236 2826 1275 2868 est
1289 2828 1326 2862 de
1332 2827 1394 2871 fide
1405 2853 1413 2861 .
1441 2829 1537 2877 Qin
1549 2828 1626 2864 &id
1638 2830 1743 2874 ipsum
1754 2831 1863 2866 scribit
1882 2833 1916 2866 in
1927 2833 2058 2869 laudata
2070 2845 2123 2877 per

1236 2876 1398 2920 Ioannem
1409 2880 1600 2914 Launoium
1614 2880 1761 2924 Epistola
1774 2882 1922 2928 Magnus
1932 2883 2003 2919 Leo
2013 2909 2024 2925 ,
2036 2884 2124 2919 ideo-

1239 2938 1303 2971 que
1315 2929 1484 2964 Dominus
1495 2929 1683 2965 cardinalis
1695 2931 1911 2968 Bellarminus
1921 2934 1988 2968 sine
2006 2934 2122 2969 funda·

1235 2981 1617 3024 mentoarguituripsam
1630 2992 1700 3015 non
1714 2982 1840 3026 legisse.
1858 2982 2006 3027 Epistola
2025 2983 2118 3018 enim

1234 3027 1346 3064 laudat
1355 3029 1375 3062 a
1385 3030 1505 3065 Sancto
1517 3031 1677 3066 Flaviano
1687 3033 1867 3075 petredium
1887 3033 2118 3076 appellationis

1235 3076 1384 3113 libellum
1393 3104 1405 3120 ,
1430 3080 1464 3115 ὅ(
1476 3081 1698 3124 prosequitur:
1721 3084 1827 3125 ,Quam
1837 3092 1937 3116 autem
1943 3083 2007 3125 post
2016 3083 2117 3125 appel-

1234 3128 1374 3161 lationem
1386 3130 1584 3172 interpositam
1608 3129 1659 3164 boc
1680 3132 1830 3175 necessario
1851 3132 2027 3174 postuletur,
2053 3137 2116 3166 Ca-

1234 3188 1343 3212 nonum
1353 3182 1388 3211 N
1390 3185 1471 3214 icaeae
1482 3181 1650 3214 habitorum
1662 3184 1789 3215 Decreta
1808 3183 1950 3222 testantur
1962 3206 1973 3222 ,
1999 3193 2067 3224 quae
2092 3185 2115 3216 ὰ

1234 3235 1325 3261 totius
1349 3231 1454 3264 mundi
1473 3229 1547 3273 sunt
1566 3232 1767 3267 sacerdotibus
1792 3231 1963 3273 constituta,
1990 3242 2116 3275 quaque

297 3279 389 3322 finem
411 3283 548 3321 imponat
569 3302 576 3309 .
612 3278 720 3311 Verum
738 3279 784 3311 ad
803 3282 926 3313 Leonem
941 3281 1175 3322 provocaverit?
1229 3276 1332 3321 subter
1353 3281 1474 3314 adnexa
1482 3280 1554 3324 fient
1568 3307 1576 3313 .
1601 3282 1737 3317 Adnexi
1758 3291 1868 3317 autem
1890 3292 1982 3317 erant
2008 3283 2113 3317 Sardi-

303 3335 376 3363 Non
387 3330 450 3362 ideo
470 3333 670 3370 provocavit,
694 3337 727 3361 ut
748 3328 898 3364 Flaviani
915 3329 1034 3374 causam
1056 3334 1114 3365 Leo
1131 3328 1176 3373 so·
1235 3330 1342 3363 censes
1352 3330 1527 3373 Canones,
1555 3342 1637 3377 quos
1650 3333 1794 3367 Nicaenis
1814 3333 1937 3376 semper
1960 3330 2113 3367 adnume-

297 3380 350 3414 -lus
363 3380 483 3422 judicet
503 3403 515 3422 ,
545 3376 604 3423 sed
620 3385 654 3413 ut
670 3379 823 3422 generalis
844 3381 970 3419 synodus
992 3392 1059 3416 cum
1079 3385 1173 3415 Leone
1235 3379 1318 3413 ravit
1326 3380 1435 3416 omnis
1461 3382 1581 3418 Latina
1600 3382 1766 3424 Ecclesia,
1790 3382 1824 3417 δε
1842 3383 1900 3427 qui
1920 3380 2112 3428 degradatos

1986 3431 2064 3476 Epi-
