2366 3756
57 828 119 862 Lib.
129 838 153 865 7.
162 835 216 862 οε.

204 936 205 939 ,
230 902 352 935 tantam
368 904 502 940 potuerit
523 900 562 933 de
581 897 881 938 administrationibus
904 898 938 930 Θ
956 897 1104 939 guberna-

199 1715 202 1717 *
233 1699 315 1727 enim
327 1691 480 1734 Episcopis
493 1692 553 1723 illis
565 1696 711 1733 irrogatas
723 1691 773 1731 esse
796 1691 927 1730 injurias
950 1689 984 1722 ob
995 1687 1114 1731 causam

857 163 1375 210 iDICTATus.
1884 179 1976 223 329

423 366 804 479 Exponitur
863 363 1192 473 quoddam
1249 367 1489 444 horum
1544 373 1846 446 errorum

824 504 1418 589 temperamentum
1437 544 1450 559 .

1166 694 1322 739 posterior
1357 692 1509 736 Synod'us
1544 693 1712 728 manifeste
1738 695 1801 730 fuit
1836 695 1877 730 de
1903 693 2008 729 haerefi
2027 718 2039 735 ‚

1167 745 1312 789 adeoque
1351 744 1409 778 ista
1445 744 1542 778 fac'tio
1578 755 1646 777 non
1684 743 1749 779 sola
1786 745 1870 780 circa
1897 743 2043 788 discipli-

1156 800 1269 836 nam,
1297 793 1351 828 scd
1376 794 1476 828 etiam
1503 793 1587 827 circa
1613 793 1712 827 fidem
1737 794 1970 829 Patriarchalia
1996 794 2042 837 ju-

1167 845 1251 879 dicia
1278 844 1403 879 nemini
1424 845 1529 878 voluit
1555 841 1691 877 subesse.

328 698 471 736 Ominus
494 697 768 742 Archiepiscopus
794 696 878 732 vidit
906 695 973 731 haec
993 697 1104 730 omnia

318 772 320 775 .
348 750 519 795 ‘insigniter
538 749 663 784 deviare
685 772 695 788 ‚
721 748 861 791 ideoque
888 745 1013 781 addidit
1039 746 1102 780 hoc

230 808 526 844 temperamentum
543 813 554 832 .·
590 799 755 831 Audloritas
780 796 973 831 conciliorum
998 801 1103 830 Orien-

232 852 340 885 talium
360 850 408 883 his
419 850 561 883 limitibus
572 847 859 891 circumscribidebet
871 859 891 888 ‚·
908 856 940 880 ut
950 849 1102 880 decernere

1216 894 1264 928 At
1277 895 1354 928 veto
1377 893 1560 929 orthodoxa
1572 893 1750 928 orientalis
1761 893 1901 929 Ecclesia
1923 895 2045 937 semper

1167 943 1305 980 credidit
1329 954 1461 988 utraque
1493 943 1613 978 subesse
1638 943 1802 978 Romanis
1825 941 2047 988 appellationi-

1149 1006 1155 1056 ς
1168 995 1228 1029 bus
1240 1019 1246 1025 .
1274 993 1377 1027 Lucet
1389 1006 1429 1027 ex
1441 993 1714 1038 appellationibus
1727 995 1847 1040 Magni
1863 992 2048 1032 Athanafii,

1169 1042 1263 1077 Pauli
1286 1043 1671 1087 constantinopolitani,
1697 1043 1842 1087 Asclepae
1874 1036 2048 1082 Gazenfi's‚

233 1094 332 1143 quoad
352 1096 456 1141 causas
466 1108 534 1140 quae
543 1095 633 1138 fidem
639 1094 796 1139 speciant,
824 1104 878 1127 aut
894 1095 1012 1137 regulas
1019 1104 1105 1136 gene·
1171 1092 1267 1127 Lucii
1292 1091 1578 1135 Adrianopolitani
1591 1119 1601 1135 ,
1627 1095 1661 1127 &
1676 1094 1816 1137 plurium
1839 1104 1918 1128 tunc
1931 1093 2050 1129 Orien-

231 1151 314 1183 rales
325 1147 458 1189 Ecclefiae
479 1145 652 1189 universae,
676 1153 785 1177 certum
796 1143 833 1182 est
855 1155 906 1176 eas
918 1143 1035 1184 definiri
1047 1153 1104 1175 non
1170 1142 1286 1177 talium
1309 1141 1545 1184 Episcoporum
1569 1166 1579 1180 ,
1605 1143 1646 1176 de
1672 1144 1790 1186 quibus
1808 1146 1851 1178 D.
1879 1143 2052 1185 Archiepi-

220 1198 349 1241 'potuiffi’
371 1195 479 1240 absque
502 1202 677 1230 interventu
698 1193 882 1226 auci'oritatis
901 1191 1040 1236 Episcopi
1051 1196 1106 1224 Ro·
1154 1188 1287 1879 xscopus
1332 1193 1483 1233 ‚Quoniam
1496 1190 1676 1233 conservatio
1686 1204 1768 1225 verae
1781 1194 1929 1235 religionis
1941 1194 2052 1226 adver-

218 949 358 985 ⁴tionibus
381 950 609 982 Provinciarum
623 973 633 987 ,
659 957 691 981 ut
711 949 1025 991 loquuntur-canones
1038 970 1048 986 ‚
1074 944 1108 976 id

231 1000 291 1042 est,
316 1000 353 1032 de
373 996 567 1039 controversiis
579 1011 646 1040 quae
674 1000 810 1031 incidunt
821 1002 853 1029 in
870 1002 1037 1029 executione
1047 997 1107 1025 Ca-

232 1045 342 1085 'nonum
367 1049 404 1081 de
424 1046 582 1090 disciplina
606 1045 800 1086 Ecclefiastica
829 1047 958 1077 latorum
980 1070 986 1075 .
1016 1048 1102 1076 Nam

220 1254 334 1283 ·mani.
363 1247 452 1280 Audi
466 1247 608 1279 rationes
619 1243 862 1286 temperamenti
875 1256 885 1276 .-
903 1240 1105 1285 Neceffarium
1171 1243 1238 1275 siam
1258 1239 1382 1282 baereses
1394 1243 1544 1283 praecipue
1566 1240 1723 1283 spectabat
1745 1243 1790 1274 ad
1801 1243 1905 1275 sedem
1919 1241 2055 1283 Apostoli·

232 1297 331 1339 visum
353 1295 390 1335 est
411 1295 473 1328 haec
480 1292 751 1336 per-transennam
773 1293 916 1325 adnotare
930 1317 939 1331 ‚
967 1302 1000 1325 ut
1016 1291 1045 1334 fi
1050 1302 1108 1334 qua
1171 1303 1236 1325 cam
1247 1289 1331 1324 urbis
1342 1294 1443 1322 Romae
1458 1315 1468 1330 ‚
1494 1291 1562 1323 hinc
1569 1289 1689 1331 fac‘lum
1703 1314 1713 1330 ‚
1740 1300 1774 1324 ut
1784 1297 1896 1333 quoties·
1911 1289 2053 1333 Episcopi

226 1348 314 1392 forte*
317 1343 440 1389 suspicio
450 1350 482 1377 in
495 1345 690 1386 quorumdam
716 1348 826 1376 animis
831 1341 955 1386 suborta
974 1342 1040 1385 esset
1052 1343 1107 1374 ad·
1171 1342 1214 1375 illi
1239 1343 1355 1374 litteras
1370 1339 1509 1382 Epist-opi
1523 1344 1650 1373 Romani
1671 1345 1702 1372 in
1716 1344 1867 1374 Orientem
1879 1341 2031 1382 deferrent
2043 1365 2054 1380 ,

233 1397 340 1430 versas
363 1407 397 1429 ea
408 1407 473 1437 quae
479 1392 613 1437 superias
634 1393 714 1426 dicia
722 1392 793 1435 sunt
806 1418 816 1433 ,
844 1391 927 1434 quasi
933 1393 985 1425 illa
997 1392 1111 1425 convel-
1173 1397 1205 1424 in
1216 1391 1322 1432 quibus
1345 1397 1537 1424 contineretur
1549 1401 1594 1423 eos
1617 1396 1650 1423 in
1661 1396 1886 1424 communionem
1895 1393 1959 1430 ejus
1966 1390 2054 1433 fuisse

233 1448 328 1480 lerent
348 1450 547 1479 reverentiam
561 1468 572 1484 ,
598 1456 665 1487 quae
685 1444 751 1476 sedi
775 1442 939 1485 apostolica
965 1442 1108 1482 debetur,
1176 1449 1301 1483 receptos
1327 1465 1338 1481 ,
1363 1440 1482 1485 sevdibus
1502 1439 1566 1482 suis
1588 1441 1804 1481 restituerentur
1824 1442 1862 1474 ab
1896 1439 2052 1483 Episcopis

231 1502 272 1530 iis
294 1494 452 1538 scrupulus
470 1498 566 1527 omnis
588 1500 738 1528 eximatur
751 1518 761 1533 ,
787 1503 852 1526 tum
877 1499 967 1526 etiam
987 1500 1020 1525 ut
1043 1491 1112 1524 hinc

232 1545 402 1587 occasionem
434 1552 599 1587 peteremus
636 1543 682 1576 hic
707 1545 817 1588 agendi
855 1543 892 1575 de
917 1543 1111 1585 quorumdam

234 1597 431 1629 orientalium
453 1593 664 1637 Episcoporum
697 1597 729 1626 In
750 1591 815 1636 suis
837 1594 956 1630 synodis
981 1589 1115 1632 depofito-

229 1655 302 1679 'rum
323 1645 572 1685 appellationibus
590 1645 635 1676 ad
653 1643 757 1675 sedem
780 1646 946 1674 Romanam
959 1664 966 1671 .
993 1637 1112 1676 Constat

1178 1491 1338 1525 Catholicis
1350 1517 1357 1523 .
1374 1494 1473 1531 Cujus
1486 1497 1528 1522 rei
1540 1490 1655 1529 exstant
1667 1490 1791 1533 illustria
1801 1492 1950 1533 exempla.
1980 1495 2055 1523 Non

1175 1545 1274 1582 loquor
1297 1541 1333 1572 de
1357 1538 1518 1577 Athanafio
1537 1552 1551 1578 ‚⁷
1576 1538 1698 1581 aliisque
1724 1534 1851 1573 orientii
1874 1539 2030 1583 Episcopi:
2045 1564 2056 1580 ‚

1177 1600 1298 1631 quorum
1316 1586 1410 1629 fitpra
1430 1592 1604 1620 mentionem
1617 1587 1703 1634 feci:
1731 1591 1884 1632 ‚Quoniam
1905 1589 1993 1633 causa
2014 1602 2058 1623 ee-

1182 1650 1250 1672 rum
1260 1643 1433 1671 examinata
1448 1638 1534 1679 fuit,
1562 1646 1713 1680 tamquam
1736 1641 1779 1672 ad
1788 1639 1975 1682 disciplinam
1990 1648 2061 1683 per·

1180 1694 1306 1721 tineret.
1333 1687 1461 1728 Tametsi
1474 1686 1635 1728 fatendum
1653 1688 1691 1728 est
1704 1687 1840 1722 habitam
1852 1702 1963 1731 quoque
1966 1691 2056 1733 fuisse

1180 1738 1218 1771 ab
1230 1737 1465 1770 Occidentaiibus
1491 1743 1635 1771 rationem
1645 1740 1845 1780 oppreffionir,¹
1870 1750 1961 1781 quam
1979 1743 2059 1782 Epr-

1175 1787 1254 1831 scopi
1272 1789 1316 1820 i1li
1343 1787 1541 1830 patiebantur
1563 1788 1597 1821 ob
1616 1788 1736 1832 causam
1759 1790 1849 1831 fidei.
1883 1790 2060 1825 Profitetur

231 1743 324 1787 fidei.
354 1742 517 1776 Adfirmat
537 1740 695 1773 &multis
719 1737 850 1779 probare
874 1738 980 1771 studet
994 1737 1026 1770 in
1047 1737 1113 1770 sola

236 1792 315 1826 fidei
341 1792 435 1824 causa
461 1789 598 1833 potuisse
624 1787 666 1821 ab
694 1786 918 1820 Orientalibus
945 1786 1115 1830 Episcopis

236 1839 575 1886 degradatisinvocari
589 1836 811 1881 Apostolicam
825 1836 939 1870 Sedern
964 1848 1001 1870 ac
1012 1838 1116 1880 appel·
1180 1838 1240 1872 hos
1253 1838 1449 1881 Episcopos‚
1480 1850 1546 1872 non
1561 1838 1605 1872 ob
1626 1838 1700 1872 fidei
1716 1863 1726 1878 ‚
1755 1840 1806 1874 sed
1820 1839 1865 1873 ob
1892 1851 2061 1883 praetextas

238 1893 297 1925 lari
311 1905 321 1924 .·
351 1887 394 1923 Et
413 1887 478 1923 hoc
490 1888 632 1921 sufficere
656 1888 694 1920 ad
709 1887 900 1920 Romanum
913 1886 1114 1920 Primatum.
1182 1888 1359 1930 disciplinae
1381 1889 1652 1931 praevaricationes
1679 1888 1771 1923 fuisse
1798 1890 1993 1934 degradatos
2019 1890 2060 1924 ab

237 1942 297 1975 Est
322 1939 464 1984 aliquid.
492 1938 626 1972 Etenim
650 1938 671 1970 s1
685 1947 743 1970 nec
764 1937 799 1971 in
816 1936 894 1970 fidei
915 1936 1116 1970 causaliceat
1182 1938 1405 1971 Orientalibus
1427 1939 1590 1980 Synodis.
1619 1935 1661 1973 E't
1683 1950 1792 1974 tamen
1817 1940 1890 1974 data
1915 1942 1948 1973 in
1974 1942 2061 1984 ipsos

238 1990 393 2025 Romana
417 1988 592 2031 appellatio
618 2011 629 2027 ‚
666 1985 859 2029 Apostolica
883 1984 978 2020 Sedes
1011 1985 1115 2020 revera
1179 1986 1299 2030 judicia
1321 1988 1500 2021 retractavit
1519 1988 1748 2023 &exsufflavit
1761 1990 1865 2032 Julius
1879 1991 2036 2025 Pontifex
2051 2015 2062 2030 ,

236 2040 369 2075 nullum
393 2037 490 2072 habet
504 2037 685 2072 Primatum
699 2060 707 2068 .
720 2054 722 2056 v
737 2035 793 2070 Est
813 2036 886 2070 solo
903 2036 980 2070 loco
993 2037 1116 2080 prima,
1179 2037 1308 2078 ejusque
1329 2038 1440 2070 omnia
1463 2036 1546 2070 Acta
1567 2038 1775 2071 confirmavit
1798 2040 1832 2072 &
1855 2050 1921 2076 rata
1947 2040 2062 2075 habuit

232 2101 309 2126 >non
325 2088 501 2133 potestate.
1180 2084 1364 2118 Sardicense
1387 2086 1578 2118 Concilium
1602 2110 1612 2124 ,
1640 2087 1867 2129 probatum'&
1887 2090 2061 2125 admissum

290 2136 521 2173 Nihilominus
540 2136 586 2170 est
609 2137 764 2170 frivolum
785 2147 822 2169 ac
835 2135 995 2169 erroribus
1012 2134 1120 2167 obno·
1180 2134 1221 2167 ab
1231 2134 1324 2167 omni
1337 2131 1526 2167 orthodoxo
1549 2133 1646 2166 etiam
1660 2137 1816 2169 Oriente.
1846 2139 1988 2173 Proinde
1999 2141 2061 2174 alia

239 2191 337 2224 xium
358 2196 646 2229 temperamentum
668 2210 673 2217 .
701 2185 905 2219 Orientalem
941 2185 1117 2218 Ecclesiam
1179 2184 1261 2218 circa
1273 2183 1357 2216 hanc
1369 2193 1435 2216 rem
1447 2183 1698 2217 fuitOrientalis
1721 2185 1869 2219 Ecclesiae
1882 2212 1891 2228 ,
1918 2189 1981 2222 alia
1995 2184 2063 2223 sen-

235 2249 321 2272 ·cum
335 2236 514 2270 Eusebiana
539 2236 698 2275 factione,
723 2232 932 2277 &utriusque
955 2234 1118 2268 diverfiffi-
1180 2234 1281 2268 tentia
1305 2232 1667 2266 Eusebianae-fastionis
1689 2259 1695 2265 .
1724 2234 1812 2277 Ipsas
1835 2246 1963 2272 truncat
1989 2263 2000 2278 ,
2026 2240 2061 2273 δε

240 2299 336 2322 mum
347 2297 384 2320 ac
396 2285 645 2320 adverfiffimum
661 2285 788 2319 sensum
801 2285 914 2322 miscet
929 2282 1038 2318 denuo
1050 2309 1060 2324 ,
1086 2284 1119 2317 &
1179 2292 1342 2318 truncatas
1362 2283 1552 2316 commiscet
1572 2283 1739 2317 Dominus
1763 2284 2036 2332 Archiepiscopus
2048 2313 2059 2329 ‚

241 2336 438 2372 confundit.
467 2334 599 2375 Etenim
622 2334 802 2368 Eusebiana
821 2335 940 2374 faffio,
966 2336 1014 2368 uti
1027 2334 1062 2366 in
1072 2333 1119 2367 di·
1155 2361 1158 2365 ,
1179 2343 1276 2377 atque
1290 2333 1334 2366 ita
1348 2332 1471 2366 conflat
1495 2333 1700 2374 monstrum,
1728 2335 1816 2377 quod
1831 2347 1936 2381 neque
1949 2337 2063 2372 ortho-

241 2388 380 2429 sciplina
396 2410 406 2426 ,
431 2385 475 2418 ita
495 2385 573 2417 &in
587 2384 660 2418 fidei
676 2384 805 2427 judiciis
825 2384 960 2429 garrivit
982 2383 1121 2419 Patriar-
1178 2382 1302 2417 doxum
1324 2383 1361 2417 fit
1374 2406 1385 2423 ,
1410 2393 1516 2425 neque
1526 2382 1766 2418 Eusebianum.

243 2436 353 2472 thales
370 2436 405 2468 in
428 2434 565 2468 Oriente
583 2434 734 2476 Synodos
754 2435 817 2468 esse
838 2436 1000 2477 supremas
1023 2443 1119 2476 atque
1230 2431 1332 2479 Qod
1346 2434 1400 2466 sua
1423 2432 1553 2467 &circa
1579 2433 1679 2467 fidem
1700 2435 1828 2470 &circa
1852 2437 2060 2482 disciplinam

241 2484 491 2530 :inappellabiles
511 2508 522 2525 ,
548 2482 731 2518 orthodoxa
758 2493 868 2517 autern
885 2483 1039 2517 >Orientis
1059 2484 1120 2517 Ec·
1181 2481 1359 2526 Synodalia
1379 2482 1499 2525 judicia
1523 2483 1564 2517 ad
1590 2483 1776 2521 Romanam
1805 2487 1981 2522 Ecclesiam
2009 2490 2063 2523 de-

237 2536 334 2571 .c1efia
356 2536 395 2569 de
415 2534 556 2577 utrisque
569 2533 696 2576 judiciis
707 2534 892 2568 constanter
915 2533 1010 2567 sensit
1021 2543 1122 2576 oppo·
1183 2534 1279 2572 ferri,
1307 2544 1364 2576 per
1387 2533 1488 2575 ipsam
1513 2535 1692 2575 retractari,
1719 2547 1757 2570 ac
1780 2537 1879 2570 etiam
1890 2538 2059 2573 reformari

234 2587 338 2619 {itum
353 2610 359 2616 .
387 2584 536 2617 Primum
551 2584 636 2617 lucet
648 2595 689 2617 ex
700 2583 889 2618 contumaci
908 2583 1001 2616 diaae
1012 2583 1121 2616 factio·
1182 2582 1380 2627 permiserint
1391 2594 1505 2617 ornnes
1517 2582 1707 2618 Orthodoxi
1724 2586 1910 2621 orientales
1926 2588 2058 2631 Episco-

235 2634 299 2670 ·:nis
319 2634 359 2667 ad
380 2633 500 2676 Iulium
513 2633 710 2666 Pontificem
736 2631 880 2674 Epistola
895 2657 905 2672 ‚
931 2632 1021 2675 cujus
1032 2644 1122 2666 com·
1184 2635 1239 2675 pi,
1266 2633 1433 2676 insigniter
1451 2632 1650 2669 demonstrat
1661 2635 1781 2680 Magni
1803 2637 1882 2671 item
1897 2638 2005 2672 Bafilii
2017 2637 2059 2672 ad

247 2684 404 2728 pendium
417 2682 573 2716 habemus
593 2681 678 2725 apud
690 2682 860 2716 Hermiam
873 2683 1120 2716 Zozomenum:
1181 2682 1412 2717 Occidentales
1441 2681 1615 2718 Antistites
1650 2685 1796 2727 Epistola
1823 2711 1830 2718 .
1872 2687 2059 2721 Eustatium

249 2733 399 2767 Dicebant
421 2731 577 2775 Episcopos
605 2736 735 2765 Orientis
756 2756 766 2771 ‚
800 2737 850 2773 qui
873 2731 949 2774 ipsos
976 2732 1124 2775 antegreffl
1183 2732 1398 2767 Sebastensem
1426 2733 1641 2776 Episcopum,
1673 2736 1783 2777 primae
1806 2736 1970 2771 Armeniae
1986 2737 2059 2771 Me-

246 2783 374 2826 fuerant
386 2806 395 2821 ,
423 2784 542 2815 minime*
552 2781 717 2826 refragatos
740 2782 791 2823 effe
801 2785 933 2820 Romano
953 2782 1098 2824 Episcopo
1111 2807 1121 2822 ,
1182 2783 1371 2826 tropolitam
1384 2807 1394 2822 ‚
1420 2782 1568 2817 adfirmat
1581 2785 1614 2818 δε
1627 2785 1719 2827 ipsius
1732 2784 1955 2821 Haerefiarchae
1968 2785 2058 2826 Arii,

249 2835 316 2867 ciem
336 2836 534 2864 Novatianus
551 2832 588 2863 ab
601 2842 630 2863 eo
652 2841 718 2864 erat
731 2830 856 2872 Ecclefia
875 2831 984 2873 ejecitis
995 2857 1002 2864 .
1032 2831 1075 2864 Et
1087 2833 1119 2864 in
1182 2835 1213 2866 &
1227 2831 1357 2867 Eusebii
1370 2856 1381 2872 ‚
1407 2832 1425 2865 a
1440 2844 1505 2876 quo
1520 2833 1719 2869 Arianorum
1742 2836 1892 2880 signifero
1906 2834 2059 2870 Eusebia-

251 2882 332 2927 Julii
358 2881 530 2923 Rescripto
543 2893 553 2912 .·
580 2882 672 2923 ‚Quod
683 2880 728 2922 fi,
756 2882 1000 2923 quemadmodum
1016 2879 1121 2924 scribi·
1183 2882 1231 2916 na'
1244 2881 1342 2917 famo
1363 2884 1461 2917 traxit
1482 2883 1644 2927 originem
1665 2885 1697 2918 ὅ(
1722 2897 1842 2920 nomen
1861 2911 1872 2927 ,
1899 2885 2056 2919 Nicome-

251 2938 297 2966 τίς
310 2956 320 2972 ,
343 2939 399 2972 pro
408 2930 549 2971 exemplis
564 2934 596 2961 in
607 2934 815 2964 Novatianum
837 2933 871 2965 (τ
889 2932 1120 2964 Paulumsamo-
1174 2933 1297 2967 -dienfis
1311 2944 1364 2977 per
1374 2930 1564 2977 Bithyniam
1578 2934 1800 2978 Metropolitae
1814 2935 1967 2978 Episcopi
1979 2933 2056 2968 fuis-

251 2979 398 3024 satensem
411 2982 496 3013 editis
509 2983 632 3012 Decreta
641 2979 809 3018 &nodorum
821 2979 972 3023 observari
986 2989 1095 3022 oportet
1110 3004 1120 3020 ‚
1182 2985 1212 3016 se
1233 2983 1424 3026 discipulum
1439 3008 1448 3024 ‚
1477 2985 1510 3017 in
1535 2983 1714 3026 Ancyrana
1736 3009 1747 3024 ‚
1769 2984 1960 3019 Seleucienfi
1983 3007 1994 3025 ‚
2020 2985 2054 3018 δε

254 3033 312 3064 &a
340 3028 515 3066 Adsere-bat
526 3029 645 3069 fafflo,
669 3031 717 3064 uti
730 3031 914 3065 Romanam
928 3056 937 3072 ,
965 3041 1033 3074 quae
1050 3030 1120 3064 No·
1181 3031 1550 3075 constantinopolitana
1576 3033 1712 3074 Synodo
1734 3034 1870 3068 actitasse
1882 3034 2054 3076 haeretica‚

253 3080 425 3115 vatianum
449 3079 637 3118 damnarat,
665 3078 706 3112 ab
725 3081 911 3120 Orientali,
939 3081 984 3114 ita
1007 3081 1122 3114 &An-
1181 3094 1217 3115 ac
1229 3085 1453 3125 prosequitur:
1482 3087 1575 3124 Atque
1587 3090 1632 3115 ita
1643 3081 1822 3126 Episcopatu
1833 3084 1963 3127 delius,
1985 3093 2054 3126 pro-

251 3128 462 3167 tiochenam,
491 3139 560 3171 quae
572 3127 710 3161 Paulum
722 3130 972 3164 Samosatensem
990 3130 1120 3164 damna·
1177 3135 1282 3173 ptereci
1306 3135 1386 3175 quod
1398 3137 1467 3173 jam
1492 3133 1637 3166 Melitinae
1673 3133 1814 3176 depositus
1841 3134 1906 3178 esset
1930 3158 1941 3174 ‚
1967 3140 2052 3167 viam

250 3189 302 3214 rat
312 3205 322 3221 ,
347 3179 517 3222 Synodum
529 3178 571 3211 ab
583 3179 789 3213 occidentali
802 3181 939 3215 Ecclesia
952 3192 1021 3215 non
1030 3180 1121 3214 fuisse
1175 3179 1227 3222 fibi
1240 3181 1296 3223 ipsi
1300 3205 1310 3220 ‚
1332 3191 1388 3224 per
1398 3194 1488 3225 quam
1501 3183 1695 3223 restitueretur
1708 3193 1729 3223 ,ϊ
1743 3189 1942 3227 excogitavit.
1970 3185 2053 3217 Eam

254 3230 452 3264 retractatam
466 3251 476 3267 ‚
504 3238 562 3260 nec
584 3228 720 3270 potuisse
741 3232 895 3264 reti-astari
909 3243 920 3263 .·
948 3230 990 3264 Et
1012 3242 1051 3263 ex
1075 3228 1120 3262 hi·
1183 3232 1322 3264 videlicet
1336 3256 1346 3272 ‚
1373 3242 1406 3266 ut
1421 3235 1465 3266 ad
1483 3245 1535 3266 vor
1543 3232 1785 3275 proficisceretur.
1813 3235 1892 3276 ‚Quae
1915 3232 2053 3275 verdfint

255 3281 306 3313 sce
318 3278 473 3320 exemplis
495 3277 708 3320 praetendebat
720 3277 945 3314 Patriatchalia
961 3281 1121 3323 utriusque
1182 3281 1226 3313 illi
1248 3283 1268 3313 ἃ
1289 3281 1437 3322 heattffimo
1449 3282 1566 3316 Liberio
1590 3282 1754 3324 propofita,
1781 3285 1816 3316 (a
1839 3285 1884 3315 ad
1902 3294 1969 3325 quae
1990 3294 2052 3316 con-

255 3329 403 3363 Ecclefiae
414 3327 534 3369 judicia
545 3328 606 3362 effe
626 3329 769 3370 suprema
783 3352 794 3369 ‚
819 3330 960 3364 &nullis
976 3329 1121 3363 obnoxia
1180 3329 1320 3373 senserit,
1346 3333 1427 3365 nobis
1437 3334 1512 3365 clam
1524 3333 1582 3372 est:
1612 3331 1771 3374 Nifiquod
1791 3332 1952 3374 Epistolam
1971 3341 2052 3365 attu-

255 3377 542 3424 provocationibus
570 3402 576 3409 .
613 3376 715 3410 Porro
751 3378 837 3422 prior
863 3380 903 3414 de
930 3380 1142 3427 schismate„
1183 3382 1250 3422 lit,
1283 3388 1337 3423 per
1371 3393 1458 3429 quam
1492 3379 1684 3423 restitueretur
1711 3407 1716 3413 .
1756 3385 1836 3416 Eam
1861 3383 1910 3417 ubi
1943 3382 2050 3418 synodo

352 3426 755 3472 christ.Lupiopcr.Tom.V.
1136 3429 1146 3450 ¹
1600 3431 1627 3464 E
1653 3442 1670 3465 e
1724 3442 1742 3479 3
1913 3429 2002 3471 Thya·

2071 3107 2118 3143 Ep.
2142 3116 2191 3143 74.-
