2366 3756
532 138 1066 190 CO‘NC'I'zrtiM
1135 142 1780 192 TnoLosANtiM.

243 227 323 265 ῐεᾶὲ
341 226 425 263 dixit
445 227 481 262 in
493 228 587 262 tertia
600 228 793 263 Collatione
802 225 913 262 Abbas
922 225 1118 262 Pafnutius:

242 282 381 315 Necdum
391 280 605 323 Evangelicum
615 280 716 320 implet
727 279 904 312 mandatum
913 302 926 319 ,
951 283 1003 321 qui
1027 282 1118 311 omni-

242 329 342 373 nofibi
368 329 467 364 adbuc
475 340 513 363 ex
519 327 583 373 suis
600 326 801 371 facultatibus
822 329 942 371 aliquid
965 326 1116 371 reservat.

242 380 288 414 Et
314 380 463 426 adjungit
480 393 490 413 ι
514 382 594 414 sicut
619 379 754 412 nonnulli
789 378 953 420 tepidorum
971 377 1115 420 faciunt.

243 430 403 475 Utroque
427 427 615 472 enim-pede
650 426 836 463 claudicant
858 440 867 462 ι
901 428 975 463 Nec
999 428 1121 462 Mona-

242 478 341 516 chum
350 480 504 520 induunt,
517 489 576 511 nec
588 477 781 512 Saecularem
795 477 967 522 deponunt
980 502 987 510 .
1014 476 1120 512 Unde

242 527 649 574 adversusSyncleticum
674 537 716 561 ex
742 529 895 563 Senatore
912 525 1119 563 Monachum

241 581 422 624 ejusmodi,
447 577 569 622 scripsit
588 577 736 622 Magnus
758 578 919 612 Bafiiius:
947 581 993 611 Et
1003 580 1121 612 Senato-

241 643 304 665 rem
322 627 477 673 perdidisti
498 652 509 668 ‚
536 629 570 662 Θ
595 627 772 661 Monachum
792 639 851 662 non
863 626 962 670 fecisti
979 654 988 662 .
1015 628 1118 676 Qiod

246 682 368 715 ditium
404 678 555 723 praedicat
580 702 593 718 ,
618 678 653 712 ὃς
686 676 755 720 ejus
791 679 920 713 causam
947 677 1120 713 nobiscum

242 730 352 765 laudat
365 729 549 764 Cassianus:
577 727 792 771 ‚Quadamsibi
811 730 849 763 de
868 734 1001 771 propriis
1017 727 1119 770 facul.

240 781 354 815 tatibus
375 780 547 819 syncleticus
567 775 739 820 reservarat
753 804 760 811 .
788 779 887 813 Reae
908 778 1016 813 asserit
1041 778 1120 812 istos

240 832 286 864 ad
292 830 510 873 Evangelicam
523 827 735 870 perfetJionem
754 840 918 872 numquam
937 833 1099 871 pervenire
1112 854 1119 863 v

241 881 375 924 Captivi
397 878 487 912 enim
508 888 643 913 manent
663 877 723 912 sub
738 876 941 925 Phylargia,
968 879 1120 912 omnium

239 930 396 964 vitiorum
419 938 527 963 matre·
547 939 586 963 ac
604 927 751 969 nutrice,
780 940 880 973 quam
905 928 1039 973 quidam
1066 939 1120 972 ap·

239 989 382 1023 petentes
403 978 502 1014 etiam
521 978 541 1012 a
563 977 629 1012 fide
655 988 861 1014 erraverunt.
888 980 940 1012 Ex
955 980 1019 1022 ipsa
1044 989 1118 1022 pau-

238 1041 327 1073 peres
346 1030 458 1064 fratres
478 1027 681 1071 despiciunt,
707 1039 786 1063 cum
808 1029 903 1073 plena
929 1026 1118 1063 humilitate

238 1091 308 1113 non
329 1078 493 1123 subjacent
514 1076 695 1122 Praepofitis
715 1104 727 1120 ,
761 1079 889 1114 Divina
919 1079 1042 1113 Officia
1073 1080 1116 1113 fa-

237 1129 375 1165 stidiunt
398 1155 410 1171 ,
435 1129 562 1173 operari
582 1128 702 1164 nolunt
721 1153 733 1170 ,
758 1129 801 1163 ad
831 1128 1040 1163 licentiosum
1062 1129 1118 1163 ali-

237 1179 327 1221 cujus
337 1179 501 1224 privilegii
527 1188 584 1212 aut
596 1179 891 1223 praeeminentiazin
914 1179 1117 1214 Monasterio

237 1229 349 1263 locum
375 1229 490 1273 quavis
515 1236 583 1263 arte
604 1228 768 1272 adspirant
794 1240 832 1264 ac
858 1230 890 1264 se
917 1229 1118 1269 intrudunt,

237 1281 408 1313 communi
420 1278 653 1314 alimentorum
665 1290 703 1314 ac
714 1279 855 1314 vestium
867 1280 954 1314 sorte
965 1279 1118 1314 contenti

238 1341 307 1364 non
326 1329 401 1363 sunt
419 1354 430 1370 ,
457 1339 554 1372 atque
575 1328 621 1363 ita
643 1329 811 1372 Coenobia
833 1332 889 1365 sua
918 1329 1119 1374 pedetentim

237 1380 455 1414 transvertunt
485 1378 521 1412 in
544 1377 637 1413 illam
659 1378 853 1414 Coludenfis
877 1379 963 1422 apud
987 1379 1121 1424 Anglos

237 1428 434 1462 Monasterii
457 1426 674 1460 miserabilem
695 1426 862 1467 formam,
887 1438 984 1470 quam
1005 1428 1040 1461 in
1053 1430 1120 1462 An-

237 1477 365 1522 glicana
375 1473 583 1510 Venerabilis
594 1474 691 1507 Bedae
702 1473 836 1508 historia
860 1475 1012 1508 describit
1029 1477 1120 1514 Reli-

67 1533 128 1566 fib,
140 1544 203 1571 ‘cc-
235 1525 346 1570 giosus
380 1521 552 1562 Presbyter
588 1520 807 1555 Adamannus
846 1533 854 1552 :
892 1522 1085 1554 Domunculae
1106 1546 1118 1563 ‚

68 1585 115 1609 24·
236 1584 303 1617 quae
323 1572 368 1605 ad
389 1570 533 1603 orandum
559 1569 610 1602 vel
628 1569 780 1613 legendum
792 1569 891 1611 faffae
902 1580 1014 1611 erant,
1038 1582 1117 1606 nunc

235 1630 269 1657 in
293 1621 555 1664 commeffationum
575 1642 588 1659 ,
619 1624 809 1661 potationum
837 1644 850 1660 ,
870 1619 1118 1662 fabulationum,

235 1675 270 1708 ὁ*
295 1680 469 1706 caeterarum
489 1667 564 1713 sunt
590 1668 791 1703 illecebrarum
816 1668 922 1703 cubilia
945 1669 1115 1714 conversa.

236 1720 421 1771 Qiomodo
445 1720 633 1764 speluncam
659 1717 746 1754 hanc
783 1719 944 1755 immissus
963 1720 1007 1756 ab
1030 1721 1117 1755 irato

237 1775 316 1808 Deo
336 1770 422 1818 ignis
441 1769 653 1805 eradicaverit
669 1793 680 1811 ‚
710 1769 857 1814 pluribus
876 1781 983 1805 narrat
1009 1769 1117 1806 lauda-

239 1832 292 1857 tus
310 1821 423 1862 Beda,
449 1821 568 1856 facium
591 1820 697 1855 asieri:
716 1820 763 1855 ob
783 1823 927 1856 excessus
944 1821 1117 1866 praesertim

240 1873 396 1912 illorum,
420 1871 477 1913 qui
487 1871 617 1911 majores
628 1869 680 1914 effe
699 1870 904 1914 videbantur,
928 1871 963 1906 δε
985 1871 1120 1906 conclu·

240 1923 290 1957 dit
303 1937 314 1956 :
339 1925 409 1957 Haec
414 1921 480 1955 ideo
490 1919 593 1960 nostra·
604 1919 729 1961 historia
739 1920 898 1965 instrenda
910 1923 1093 1956 credidimus
1106 1946 1118 1963 ,

239 1981 272 2006 ut
293 1973 515 2006 admoneremus
542 1970 693 2006 tenorem
716 1981 834 2014 operum
858 1975 1000 2015 Domini,
1025 1974 1119 2017 quam

238 2021 382 2057 terribilis
414 2020 454 2064 fit
485 2026 518 2055 in
552 2019 674 2063 confilils
704 2021 797 2066 super
826 2023 907 2067 filios
933 2024 1083 2059 bominum
1106 2048 1118 2065 ,

239 2083 276 2106 ne
293 2072 376 2114 forie
402 2083 455 2106 nos
480 2079 609 2114 tempore
633 2073 731 2115 aliquo
755 2079 857 2108 carnis
897 2074 1039 2109 illecebris
1058 2073 1118 2119 ser-

237 2127 376 2163 vientes,
402 2120 554 2166 minusque
579 2125 638 2157 Dei
651 2124 801 2164 judicium
818 2124 1046 2166 formidantes,
1073 2136 1115 2159 re-

235 2179 361 2213 pentina
370 2178 418 2206 ira
431 2174 496 2214 ejus
504 2177 669 2215 corripiat,
697 2174 793 2207 &vel
802 2175 1012 2215 temporalibus
1034 2175 1120 2210 dam·

239 2227 286 2253 nis
294 2220 507 2262 justisoeviens
518 2222 638 2264 affligat
651 2244 663 2260 ‚
687 2223 740 2253 vel
746 2223 790 2252 ad
793 2229 971 2263 perpetuam
991 2219 1119 2255 damna·

239 2274 347 2303 tionem
356 2268 515 2310 distridius
523 2275 706 2303 examinans
717 2270 807 2302 tollar
816 2293 824 2300 .
852 2270 1022 2303 Grandem
1030 2269 1117 2311 apud

238 2320 314 2352 suos
324 2316 535 2351 Monachum
544 2317 590 2351 ob
598 2316 719 2350 similes
731 2316 889 2351 vanitates
900 2318 993 2352 fuisse
1011 2317 1118 2352 vifibi·

239 2367 310 2402 liter
321 2367 528 2410 deportatum
547 2364 723 2399 adinferos
735 2390 746 2406 ,
770 2366 966 2410 &Cayphae
990 2379 1028 2402 ac
1042 2367 1116 2402 aliis

70 277 145 315 Cap.
162 283 190 309 7.

70 734 124 767 Lib
142 745 168 770 7.

76 784 102 805 c.
117 785 163 811 19.

236 2417 379 2452 Domini
389 2414 593 2452 occisoribus
603 2414 793 2459 adjunitum
802 2442 813 2458 ,
840 2427 946 2454 narrat
959 2418 994 2452 in
1002 2418 1115 2453 eadem

69 2478 130 2512 Li·
139 2484 163 2507 c.
176 2483 218 2511 ις.
237 2466 374 2501 historia
386 2490 398 2506 ‚
422 2467 455 2500 &
470 2463 582 2499 denuo
591 2465 762 2500 concludit
775 2467 789 2498 :'
811 2466 939 2500 Panum
949 2466 986 2508 est
999 2467 1050 2502 hoc
1060 2480 1114 2501 nu-

233 2524 290 2559 per
300 2522 333 2549 in
344 2518 506 2549 Provincia
516 2517 718 2549 Berniciorum
729 2539 741 2556 ,
757 2526 793 2548 ac
803 2517 886 2560 longe
895 2518 1016 2561 late'que
1027 2517 1117 2558 diffa-

237 2574 351 2600 matum
362 2590 373 2606 ‚
399 2565 504 2599 multos
514 2566 560 2598 ad
565 2566 714 2609 agendam
725 2567 759 2600 ό*
775 2577 833 2600 non
846 2567 1046 2608 differendam
1052 2576 1116 2610 poe·

239 2617 405 2650 nieudinem
429 2620 624 2658 provocavit.
650 2617 744 2659 ‚Quod
756 2622 875 2651 utinam
896 2617 1005 2652 exhinc
1023 2623 1116 2652 etiam

240 2666 400 2706 nostrarum
419 2665 542 2700 temone
561 2666 732 2699 litterarum
748 2666 827 2708 fiat.
851 2667 1019 2713 roirca
1029 2667 1116 2702 hisce

239 2715 436 2760 pensionatis
456 2714 637 2750 Monachis
656 2715 798 2759 Ioannes
809 2716 976 2752 Cassianus
995 2718 1117 2753 merito

239 2765 379 2809 applicat
390 2764 493 2800 hocce
501 2765 761 2801 Deuteronomii
771 2767 937 2802 statutum
950 2780 957 2800 ε
985 2771 1066 2812 ‚Quis
1078 2767 1116 2808 est

239 2815 323 2850 homo
325 2814 535 2859 formidolosus
544 2841 556 2857 ,
580 2818 615 2851 Θ
624 2817 709 2851 corde
716 2818 835 2858 pavido
845 2819 858 2851 ?
883 2822 957 2851 Non
978 2821 1114 2863 egredia-

239 2874 289 2900 tur
301 2866 345 2898 ad
353 2865 455 2899 bellum
464 2891 471 2898 .
497 2867 600 2899 Vadat
611 2868 646 2901 ά·
655 2874 825 2901 revertatur
835 2873 868 2901 in
878 2868 997 2902 domum
1008 2867 1035 2912 s
1029 2881 1112 2909 uam,

242 2926 280 2950 ne
286 2923 400 2957 pavere
402 2916 504 2957 faciat
515 2916 603 2950 corda
606 2915 743 2958 fratrum
747 2915 871 2960 suorum
881 2943 891 2959 ,
908 2917 983 2960 ficut
1006 2920 1041 2953 <a
1053 2917 1115 2962 ipse

238 2971 343 2999 timore
363 2970 539 3007 perterritus
560 2965 615 3007 est.
643 2967 731 3011 Ipsos
742 2965 783 3001 ad
794 2967 1017 3004 Monasticam
1030 2969 1119 3004 mili-

239 3016 322 3049 tiam
331 3015 625 3060 affirmatineptos.
651 3017 847 3062 Semetipsos
869 3019 959 3053 enim
979 3019 1118 3065 praecipi·

239 3073 313 3100 tant
336 3064 372 3098 in
393 3064 619 3107 Monasteriis,
644 3067 680 3101 &
700 3066 784 3102 alios
796 3068 928 3109 secum,
954 3068 1030 3104 licet
1042 3080 1112 3104 non

239 3116 276 3148 in
297 3114 419 3158 lapsum
433 3135 444 3152 ‚
471 3121 580 3150 tamen
604 3117 638 3150 in
661 3115 892 3154 titubationem
918 3118 1112 3155 circumscri-

238 3163 322 3199 bunt
345 3188 354 3197 .
383 3163 495 3210 Quare
513 3164 756 3212 qualiscumque
776 3169 966 3211 proseffioni
991 3170 1113 3215 adjecta

237 3212 402 3258 pensionis
419 3212 589 3248 reservatio
609 3216 656 3250 est
675 3216 804 3253 adversa
823 3217 1031 3261 substantiae,
1055 3229 1113 3256 aut

238 3262 328 3299 certe
345 3262 434 3297 foeda.
452 3262 606 3299 conditio
616 3288 629 3305 ‚
653 3265 796 3312 ideoque
805 3266 957 3304 habenda
971 3281 1032 3313 pro
1043 3281 1113 3305 non

237 3313 389 3358 apposita.
416 3312 500 3348 Eam
512 3311 654 3349 Praefeffi
662 3316 852 3363 obligantur
859 3318 1114 3359 circumducere,

237 3363 275 3398 ὃς
297 3362 331 3397 in
344 3372 554 3399 communem
576 3362 787 3402 substantiam
805 3367 985 3406 devocare.
1009 3370 1112 3405 Nulla

239 3410 295 3449 hic
306 3412 427 3449 dotalis
437 3412 644 3457 eleemosyna
656 3439 668 3455 ,
692 3426 754 3451 nec
762 3418 874 3455 similis
883 3417 955 3466 quis
964 3419 1113 3457 humanae

331 3460 447 3505 christ.
459 3466 539 3506 Lupi
549 3466 636 3508 oper.
648 3467 765 3501 romi<

70 2781 145 2821 Cap-
156 2790 202 2813 20-

1938 165 2002 203 29

1181 227 1383 262 infirmitatis
1402 228 1502 272 palpo
1513 230 1608 264 fucus
1626 229 1731 264 valeat
1752 229 1966 274 patrocinari.
1994 231 2068 267 Ele·

1184 278 1339 321 emosyna
1349 280 1440 313 enim
1451 277 1549 314 debet
1569 280 1632 314 esse
1643 280 1787 324 gratuita
1801 306 1812 321 ‚
1839 292 1908 316 non
1920 280 2040 315 dotalis
2056 300 2065 309 ·

1182 327 1224 362 Et
1239 327 1329 362 hunc
1340 330 1402 362 effe
1412 328 1620 364 Tridentinae
1644 329 1887 366 reformationis
1910 333 2060 376 scopum,

1181 379 1254 411 suus
1266 377 1358 411 locus
1382 377 1638 414 demonstrabit,

1230 426 1330 461 Circa
1367 427 1529 470 praescntis
1555 427 1681 468 synodi
1722 439 1869 475 tempora
1897 430 2064 466 Monachi

1181 477 1291 520 paffim
1317 486 1408 511 erant
1434 476 1613 510 enormiter
1637 476 1811 514 deformati
1827 506 1835 513 .
1861 478 1996 515 Etenim
2022 479 2066 515 de

1181 526 1378 572 Anglicanis
1396 550 1408 567 ,
1434 526 1535 560 etiam
1557 524 1809 563 Cathedralibus
1834 541 1872 564 ae
1893 530 2067 566 primatia-

1182 576 1265 611 libus
1297 576 1581 611 Cantuarienfibus
1608 599 1619 616 ,
1660 575 1771 610 scribit
1810 578 1846 610 in
1874 576 2068 623 Anglorum

1179 625 1381 661 Pontificum
1404 624 1540 661 historia
1568 625 1769 661 Guilielmus
1793 627 2062 664 Malmesberien-

1181 677 1240 711 fis:
1268 675 1406 710 Monacbi
1416 674 1668 719 cantuarienses,
1697 675 1767 718 ficut
1778 688 1878 712 omnes
1907 687 1976 711 tunc
1994 685 2074 713 tem·
2086 692 2224 726 Pol-214·

1177 733 1259 770 poris
1284 732 1315 759 in
1330 728 1455 770 anglia,
1476 725 1672 770 sacularibus
1694 726 1779 760 baud
1800 725 1945 769 absimiles
1968 738 2068 770 erant,

1181 775 1237 818 nisi
1251 778 1332 819 quod
1345 777 1524 819 pudicitiam
1547 787 1605 810 non
1619 775 1717 818 facile
1733 778 1909 818 proderent.
1947 784 2069 814 eanum

1181 826 1306 869 curfibus
1330 832 1451 861 avocari
1471 851 1482 868 ,
1519 833 1625 861 avium
1645 828 1788 869 predam
1825 835 1917 871 raptu
1936 830 2072 864 aliarum

1181 878 1332 912 volucrum
1361 885 1416 920 per
1442 882 1533 911 inane
1554 875 1640 920 sequi
1665 901 1677 917 ,
1713 875 1890 920 spumantis
1916 884 1984 920 equi
2010 887 2073 913 ter·

1176 940 1249 973 gum
1264 936 1423 970 premere,
1448 927 1569 971 tefferas
1578 938 1735 971 quaerere,
1758 928 1882 970 potibus
1894 928 2074 971 indulgere,

1181 980 1344 1011 delicatiori
1369 978 1450 1011 viiia
1476 979 1511 1012 (ν
1535 982 1710 1013 accuratiori
1745 979 1824 1012 cultu
1855 977 2074 1023 frugalitatem

1182 1027 1309 1071 nescire,
1329 1032 1546 1069 parcimoniam
1557 1027 1706 1067 abnuere,
1730 1029 1886 1064 &catera
1901 1029 1936 1061 id
1952 1039 2076 1072 genus,

1182 1090 1214 1114 ut
1226 1084 1321 1122 magis
1335 1078 1402 1111 illos
1413 1076 1574 1120 Consules,
1598 1081 1692 1121 quam
1703 1078 1863 1113 Monachos
1883 1087 1952 1122 prae
1967 1078 2078 1120 famu·

1180 1128 1438 1171 lantifrequentia
1451 1128 1563 1162 diceres
1579 1154 1586 1159 .
1613 1128 1718 1171 Cujus
1730 1129 1984 1164 deformationis
2001 1130 2075 1164 fon-

1183 1189 1248 1213 tem
1259 1180 1331 1221 quis
1343 1189 1410 1212 non
1425 1178 1536 1212 videat
1556 1177 1652 1212 fuisse
1676 1180 1910 1222 proprietatem
1924 1181 1941 1211 ,ἒ
1968 1178 2012 1212 Et
2038 1178 2076 1212 in

1181 1229 1340 1274 opusculo
1359 1227 1401 1263 de
1424 1228 1540 1263 mundi
1566 1238 1761 1272 contemptu
1786 1229 1921 1263 Sanctus
1958 1228 2075 1263 Petrus

1182 1279 1363 1313 Damiani:
1391 1279 1440 1311 Ad
1453 1287 1574 1312 tantam
1576 1278 1688 1321 faecem
1699 1279 1827 1322 quotidie
1837 1276 2001 1323 semetipso
2024 1279 2076 1313 de·
2092 1275 2251 1315 OPUsC·1²·

1181 1334 1269 1363 terior
1277 1330 1408 1363 mundus
1418 1328 1468 1368 iste
1479 1329 1675 1370 devolvitur,
1700 1337 1735 1363 ut
1759 1340 1818 1363 non
1836 1328 1931 1375 solum
1955 1330 2077 1370 cujusli·
2093 1318 2166 1355 cap·
2181 1328 2206 1347 ¹·

1182 1379 1246 1416 bet,
1271 1378 1494 1420 fivesaecularis
1514 1377 1580 1419 five
1591 1378 1797 1419 Ecclefiasticae
1813 1381 1993 1414 conditionis
2005 1379 2078 1413 ordo

1183 1429 1202 1459 ci
1207 1426 1288 1467 statu
1298 1426 1350 1469 suo
1362 1425 1502 1469 collapsus
1507 1428 1611 1468 jaceat
1623 1451 1633 1467 ,
1655 1425 1815 1468 sedetiam
1830 1427 1897 1471 ipsa
1910 1427 2076 1468 Monostica

1183 1474 1339 1515 dist-ipli'na
1353 1475 1414 1514 fhlo
1434 1484 1525 1506 tenus
1552 1498 1564 1513 ,
1583 1484 1618 1506 ut
1641 1482 1687 1506 ita
1707 1477 1840 1508 dixerim
1860 1501 1873 1516 ,
1897 1479 2044 1510 reclinata
2063 1502 2078 1520 ,

1183 1522 1221 1554 ab
1231 1522 1340 1563 assueta
1350 1522 1404 1554 illa
1417 1520 1594 1561 celst'tudinis
1600 1520 1668 1563 suae
1675 1522 1858 1563 perfec‘lione
1881 1525 2052 1568 languescat
2067 1550 2077 1558 .

1183 1572 1228 1604 Et
1254 1570 1344 1605 addit
1370 1571 1535 1604 causamn:
1571 1574 1682 1604 Omnes
1707 1576 1787 1605 enim
1833 1583 1901 1614 quae
1923 1573 1980 1616 sua
2000 1573 2075 1617 sunt

1180 1630 1319 1664 quierunt
1342 1645 1353 1661 ,
1379 1622 1412 1654 &
1433 1627 1596 1662 contempto
1617 1620 1719 1661 coelesti
1755 1621 1896 1664 desiderio
1918 1649 1929 1664 ,
1955 1635 2072 1658 terram

1182 1670 1394 1714 insatiabiliter
1413 1669 1636 1714 concupiscunt.
1661 1671 1746 1718 Qae
1770 1673 1883 1709 omnia
1894 1675 2010 1718 repetit
2038 1675 2076 1709 in

1181 1721 1340 1766 opusculo
1351 1721 1392 1756 de
1403 1723 1599 1763 perfectione
1631 1720 1900 1759 Monachorum.
1927 1724 1967 1758 In
1996 1724 2078 1759 Ger.

1182 1772 1293 1806 mania
1329 1772 1421 1806 fuisse
1451 1779 1578 1805 tantam
1619 1771 1783 1808 bonorum
1824 1773 2077 1810 Monachorum

1172 1822 1331 1865 'inopiam
1344 1844 1355 1859 ,
1383 1831 1420 1855 ut
1441 1821 1482 1855 ad
1502 1822 1590 1865 ipsos
1608 1823 1834 1858 reformandos
1860 1825 1990 1860 evocari
2017 1824 2077 1860 de-

1181 1870 1310 1907 buerint
1332 1871 1423 1905 Scoti
1450 1872 1503 1906 seu
1524 1870 1668 1906 Hiberni
1695 1873 1862 1917 primum,
1889 1886 1926 1911 ac
1954 1874 2076 1910 deinde

1181 1921 1277 1964 Itali,
1302 1922 1462 1956 testantur
1482 1922 1654 1958 Marianus
1675 1924 1791 1960 Scotus
1815 1950 1827 1967 ,
1852 1938 1891 1961 ac
1920 1925 2077 1960 Lamber-

1181 1983 1232 2008 tus
1266 1970 1575 2018 schafnaburgensis
1600 1999 1607 2006 .
1635 1973 1680 2008 Et
1706 1974 1763 2010 hic
1790 1975 1891 2012 edicit
1918 1977 2132 2014 causamzA.
2149 1992 2212 2020 135-

1180 2025 1301 2058 Revera
1311 2034 1369 2058 non
1380 2027 1526 2058 immerito
1540 2027 1688 2059 Dominus
1711 2024 1804 2069 super
1813 2027 1955 2069 nostrates
1968 2030 2079 2062 Mona·
2097 2027 2130 2057 Α·
2146 2034 2227 2058 1071·

1179 2074 1244 2110 cbos
1266 2073 1480 2117 despec‘lionem
1500 2074 1652 2116 effundere
1675 2077 1838 2112 videbatur
1854 2104 1862 2111 .
1889 2083 1980 2113 Nam
2000 2089 2072 2123 quo·⁴

1180 2127 1320 2159 rumdam
1342 2124 1664 2168 Pseudomonacborum
1683 2133 1814 2169 privata
1838 2135 2000 2173 ignominia
2022 2141 2079 2164 no·

1180 2185 1245 2206 men
1270 2174 1477 2206 Monachorum
1504 2174 1696 2209 vehementer
1735 2178 1952 2218 infamaverat
1977 2205 1990 2220 ,
2016 2185 2072 2223 qui

1179 2221 1372 2264 omifflistudio
1391 2224 1578 2254 Divinarum
1588 2234 1709 2264 rerum,
1736 2232 1831 2259 totam
1859 2235 1980 2269 operam
1989 2235 2076 2269 pecu-

1180 2275 1239 2304 niis
1256 2268 1457 2310 &quastibus
1477 2268 1666 2312 insumebant
1696 2298 1703 2304 .
1732 2276 1775 2308 Hi
1788 2283 1847 2316 pro
1878 2277 2016 2310 Abbatiis
2034 2279 2071 2313 &-

1180 2317 1409 2362 Episcopatibus
1430 2330 1522 2353 aures
1547 2321 1722 2362 Principum
1743 2327 1911 2366 importune
1925 2326 2069 2361 obtunde-

1177 2369 1252 2402 bant
1261 2394 1271 2409 ,
1297 2370 1332 2403 (9
1341 2370 1385 2402 ad
1392 2367 1515 2404 bonores
1526 2369 1735 2413 Ecclesi'asticos
1749 2385 1807 2407 non
1822 2379 1876 2408 via
1887 2381 2044 2411 virtutum
2060 2381 2077 2421 ‚'

1174 2418 1232 2463 sed
1245 2428 1303 2460 per
1323 2419 1497 2454 ambitionis
1514 2427 1708 2464 praeruptum
1727 2448 1739 2464 ,
1763 2425 1887 2460 &male
1909 2435 2071 2470 partarum

1174 2475 1368 2513 pecuniarum
1387 2467 1584 2512 profufionem
1601 2473 1815 2516 grassabantur
1846 2500 1853 2508 .
1877 2477 2010 2520 Denique
2034 2484 2070 2512 in

1177 2525 1380 2561 coemptionem
1399 2526 1499 2563 exigui
1518 2519 1637 2556 honoris
1657 2534 1758 2557 aureos
1781 2535 1898 2560 montes
1940 2529 2072 2570 quotidie

1175 2569 1413 2612 promittebant,
1435 2569 1647 2615 saecularesque
1658 2582 1810 2616 emptores
1820 2576 1993 2621 largitionis
2004 2576 2071 2621 fiiae

1178 2621 1406 2653 immoderantia
1429 2620 1630 2656 excludebant
1652 2649 1661 2656 .
1687 2629 1753 2659 Nec
1777 2627 1919 2660 venditor
1946 2636 2070 2662 tantum

1178 2669 1311 2704 audebat
1329 2668 1481 2712 expoliere
1507 2695 1519 2711 ,
1544 2683 1693 2715 quantum
1711 2683 1825 2717 emptor
1847 2685 1981 2719 paratus
2003 2684 2071 2712 erat

1180 2719 1345 2763 exsolvere.
1369 2719 1541 2754 Mirabatur
1565 2724 1695 2756 mundus
1718 2747 1731 2764 ‚
1757 2725 1837 2758 unde
1857 2734 1967 2760 tantus
1982 2730 2073 2768 pccud

1179 2777 1294 2804 niarum
1308 2769 1472 2814 scaturiret
1488 2770 1602 2811 fluvius
1623 2796 1635 2813 ,
1663 2774 1745 2806 unde
1770 2772 1866 2815 Croefi
1889 2777 1924 2810 ὦ·
1946 2777 2071 2810 Tantali

1177 2829 1245 2863 opes
1269 2825 1301 2854 in
1319 2826 1462 2864 privatos
1489 2819 1620 2856 homines
1646 2822 1784 2867 congestae
1802 2823 1948 2867 fuiffent,
1975 2827 2071 2860 &eos

1172 2871 1344 2915 potffmum
1363 2871 1494 2905 homines
1513 2894 1526 2913 ,
1551 2877 1604 2914 qui
1628 2878 1721 2907 crucis
1740 2871 1918 2917 scandalum
1942 2877 2072 2919 &pau-

1174 2928 1304 2964 pertatis
1314 2923 1432 2955 titulum
1450 2919 1687 2964 praeseferrent
1698 2946 1709 2962 ‚
1733 2925 1892 2967 &preter
1900 2924 2065 2969 simplicem

1176 2971 1288 3005 vidum
1300 2982 1334 3005 ac
1345 2971 1482 3012 vestitum
1493 2970 1571 3004 nibil
1580 2978 1623 3006 rei
1624 2973 1798 3014 familiaris
1810 2973 1844 3017 se
1857 2973 1970 3010 habere
1978 2988 2065 3010 men·

1175 3027 1318 3056 tirentur.
1347 3023 1391 3057 Et
1406 3020 1473 3056 haec
1493 3021 1667 3056 Dominici
1688 3024 1759 3068 agri
1771 3024 1906 3060 Zizania
1919 3050 1930 3066 ,
1956 3026 2067 3061 &Di-

1177 3072 1259 3106 vinae
1279 3073 1381 3106 vineae
1402 3071 1493 3106 arida
1517 3073 1673 3107 sarmenta
1696 3071 1916 3110 &Gallicanis
1943 3075 2066 3112 Mona·

1177 3121 1277 3156 steriis
1294 3122 1432 3157 evellere
1451 3132 1507 3165 per
1518 3124 1706 3168 praesentem
1717 3124 1892 3162 Cononem
1908 3125 1952 3162 est
1965 3137 2064 3162 cona·

1181 3182 1214 3206 ta
1226 3172 1333 3207 nostra
1344 3171 1500 3217 Synodus
1512 3195 1522 3205 .
1798 3216 1801 3221 ἱ

1225 3221 1299 3257 Nec
1322 3222 1390 3257 fine
1411 3223 1537 3257 stustu.
1562 3222 1630 3260 Isto
1641 3225 1732 3259 enim
1757 3225 1876 3261 saeculo
1890 3224 2064 3262 Gallicana

1177 3270 1314 3308 Ecclesia
1327 3274 1465 3318 protulit
1486 3272 1758 3316 praestantiffimos
1771 3274 1916 3311 Abbates
1937 3276 1971 3311 ὰ
1984 3277 2063 3312 Μο-

1178 3319 1302 3356 nachos
1323 3346 1336 3363 ,
1359 3323 1394 3357 δε
1419 3323 1653 3368 praestantiores
1680 3336 1720 3360 ex
1747 3324 1819 3370 ipfis
1853 3325 2060 3370 Epistopos,

1178 3382 1238 3406 nec
1250 3382 1317 3405 non
1327 3373 1538 3409 sanctissimos
1561 3385 1668 3410 novos
1677 3375 1844 3417 Ordines,
1869 3375 2061 3412 cistertien-

1180 3423 1247 3458 sem
1279 3446 1294 3463 .
1329 3421 1591 3460 Carthufiensem
1626 3448 1640 3466 ,
1684 3424 2025 3463 Praemonstratensem
2047 3446 2062 3470 ³,

1656 3474 1688 3508 C
1738 3485 1760 3522 3
1975 3483 2016 3515 ac
