2366 3756
449 186 545 231 334

367 254 508 292 'bitatum
524 252 650 293 plurimi
669 253 898 284 communionem
921 251 1038 293 quidem
1042 251 1191 293 facinoris
1204 258 1249 287 vr·-

375 310 480 339 rarunt
503 325 513 340 ,
541 299 672 341 Ecclefiae
692 309 794 335 tamen
814 309 917 342 corpus
939 313 997 334 non
1028 301 1246 342 distraxerunt.

370 353 433 392 ,sed
453 351 634 393 &diffundo
655 351 733 385 orbi!
761 360 908 384 terrarum
926 351 1084 395 Magistro,
1111 351 1251 396 Epistopi

371 402 575 436 occidentales
597 412 654 435 non
683 402 771 443 priur
795 399 1005 444 Episcoporum
1031 404 1159 445 AEgypei
1180 427 1191 443 ‚
1217 405 1250 437 ei

359 456 504 488 Orientis
516 475 526 491 ,
553 453 588 486 Θ·
612 449 757 494 Bosphori
774 476 784 492 ‚
811 453 846 485 (9·
866 451 1003 485 Thraciae
1023 457 1251 487 communionem

368 501 580 545 admiserunt,
609 504 699 544 quam
721 504 829 535 Divim'
849 507 911 534 viri
924 513 1027 535 nomen
1045 508 1122 536 inter
1145 503 1251 545 defun-

368 552 430 589 Bos
444 550 603 594 Episcopos
615 554 701 585 retuli
723 561 774 584 ent
786 575 793 582 .
820 554 866 583 Et
878 550 1027 595 Arsacium
1038 554 1156 594 quidem
1166 578 1176 594 ,
1195 559 1248 596 qui

369 601 649 646 sisuffba‘lusfuerat
663 625 674 641 ,
701 612 753 634 nec
758 600 939 644 salutariam
951 601 1147 647 dignatificnr
1164 628 1170 636 .
1198 607 1249 636 Αι-

366 658 457 692 ticum
476 654 546 688 vero
569 649 681 695 Arsacii
698 649 881 695 suocefforem
897 652 959 694 post
980 654 1091 686 multas
1115 657 1247 696 Legatio-

368 715 422 736 nes
448 704 482 736 (²7
487 706 572 744 pacis
578 707 737 744 petitiones
750 704 874 737 tandem
896 709 1062 745 recipiunt,
1089 714 1153 736 cum
1163 703 1248 738 tabu-

366 754 405 788 lis
419 764 524 785 nomen
536 750 732 795 inscripsisset.
758 752 875 787 Infelix
896 753 929 789 δι
942 754 1127 797 portentosa
1147 752 1247 797 Impe-

366 803 493 836 ratricis
505 827 515 842 ‚
541 803 576 843 ὅ(
588 802 739 836 omnium
752 803 915 837 malorum
927 804 1076 837 austricis
1090 803 1247 838 Eudoxiae

365 863 453 886 mors
480 853 513 891 ὃς
535 852 680 887 Arcadio
700 851 862 887 &Attico
887 853 1012 896 aperuit
1039 853 1176 894 oculos,
1202 863 1246 888 at-

363 914 429 946 que
443 903 487 938 ita
501 913 555 946 per
566 903 684 937 multas
696 913 803 945 preces
819 902 952 937 tandem
964 903 1123 938 Romanae
1137 904 1244 939 Eccle-

363 954 411 988 1}ae
438 965 550 996 pacem
574 962 800 996 recuperarunt
822 978 828 984 .
856 952 904 989 Ea
926 949 999 999 lege
1024 963 1060 989 ut
1083 954 1242 997 Joannem

362 1003 466 1042 Sacris
480 1001 629 1039 Ecclefiae
640 1002 759 1037 tabulis
769 1001 948 1037 redderent.
974 1003 1055 1038 Non
1068 1004 1242 1038 Laicorum

361 1052 482 1089 tabulis
499 1077 509 1093 ,
531 1052 584 1087 sed
606 1052 833 1087 defunctorum
853 1053 1109 1098 Episcoporum.
1141 1055 1184 1089 Et
1206 1066 1242 1090 ut

358 1101 486 1142 Arsacii
506 1113 629 1137 nornen
643 1102 798 1148 perpetuo
825 1104 990 1139 raderent.
1018 1104 1096 1137 Hoc
1108 1103 1153 1137 est
1167 1128 1178 1143 ,
1205 1116 1241 1139 ut

358 1153 520 1196 Joannem
536 1154 698 1197 perpetuis
711 1153 828 1189 futuris
842 1152 1041 1197 temporibus
1053 1154 1241 1196 profiteren-

355 1212 410 1240 tur
421 1203 514 1237 fuisse
528 1203 714 1247 legitimum
734 1203 931 1247 Episcopum
961 1202 1238 1246 Constantinopo-

355 1252 466 1292 litanae
487 1252 656 1294 Eeclefiae,
687 1253 858 1288 Arsacium
877 1261 987 1285 autem
1013 1251 1237 1287 fuisseadulte-

356 1313 428 1336 rum
440 1302 618 1338 invasorem
635 1326 645 1341 ,
673 1310 786 1335 contra
800 1301 1129 1336 Canonesintrusum
1145 1328 1152 1336 .
1182 1303 1236 1338 Ut

353 1353 584 1394 profiterentur
610 1351 770 1394 loannem
807 1351 955 1394 legitime
990 1353 1162 1396 appellasse
1197 1353 1237 1387 ad

351 1400 544 1435 Romanam
569 1400 744 1435 Ecclesiam
761 1426 771 1440 ‚
798 1399 816 1438 ἐι
836 1400 1131 1445 Papalnnocentio
1144 1403 1236 1438 fuisse

349 1450 500 1496 legitime
520 1461 701 1495 reparatum
714 1474 724 1491 ‚
752 1448 848 1494 hujus
866 1451 907 1485 de
934 1450 993 1486 illo
1006 1452 1163 1496 judicium
1182 1465 1235 1489 ex·

347 1501 462 1536 ssitiffe
485 1502 718 1542 Canonicum‚
745 1501 778 1538 ἃς,
792 1512 843 1544 per
854 1500 1038 1545 Theophili
1060 1503 1233 1538 fadiionem

347 1551 464 1595 inique
483 1551 524 1586 ab
547 1551 758 1586 exsecutione
782 1552 987 1593 suspensum.
1017 1553 1127 1600 Qare
1148 1555 1233 1596 apud

348 1599 467 1635 Photii
505 1600 745 1641 Bibliothecam
782 1610 922 1635 errorem
959 1611 1134 1636 continent
1166 1601 1233 1637 haec

346 1651 489 1695 Georgii
514 1650 713 1686 Patriarchae
744 1648 962 1684 Alexandrini
998 1651 1094 1686 verba
1117 1665 1130 1684 a
1150 1654 1234 1686 Tan—

345 1702 416 1739 dem
438 1700 573 1743 Arsacias
592 1704 734 1746 Joannis
759 1710 863 1734 namen
886 1705 919 1732 in
946 1699 1091 1742 Dypticba
1114 1703 1231 1735 retulit.

345 1750 485 1787 Certum
506 1750 551 1784 est
574 1749 668 1785 fuisse
689 1749 808 1786 factum
831 1748 872 1788 ab
897 1748 1031 1786 Attico.
1060 1750 1171 1786 Etiam
1191 1750 1233 1786 de

345 1801 538 1840 Alexandro
559 1799 752 1836 Antiochiae
776 1798 962 1834 patriarcha
984 1800 1095 1835 scribit
1117 1799 1234 1837 Theo-

166 1848 230 1885 Ub-
243 1854 268 1882 8-
280 1859 305 1883 c·
345 1853 497 1891 doretus:
526 1857 583 1889 1-11'c
605 1855 859 1897 MagniJoannls
879 1862 982 1885 nomen
999 1856 1118 1893 primus
1132 1852 1235 1886 Eccle-

167 1900 215 1933 35.

336 1902 461 1948 fiasticIs
474 1902 624 1945 Dyptichis
646 1901 800 1946 adscripsit
826 1928 834 1935 .
861 1901 964 1950 Qod
984 1902 1051 1945 ipse
1071 1902 1171 1937 etiam
1193 1902 1230 1936 in

342 1956 404 1993 suae
427 1954 542 1989 mortis
566 1955 650 1990 lecto
664 1950 880 1997 Theophilus
899 1950 1034 1996 Ioannis
1049 1951 1230 1995 imaginem

342 2004 534 2049 sibijusserit
547 2002 690 2044 adferri,
716 2003 749 2035 &
767 2002 931 2044 poenitens
951 2000 992 2035 ab
1015 2001 1086 2044 ipso
1097 2001 1227 2034 veniam

341 2055 553 2100 supplicarit,
578 2064 620 2087 ex
641 2050 839 2086 authenticis
850 2050 1059 2085 documentis
1078 2050 1228 2084 adfirmat

340 2106 477 2142 Sanstus
502 2104 644 2146 Ioannes
679 2101 907 2134 Damascenus
932 2123 940 2131 .
977 2098 1074 2141 Ipsius
1107 2107 1225 2133 tamen

340 2156 497 2192 successor
518 2153 665 2194 &nepos
689 2149 835 2192 Cyrillus
861 2158 982 2183 nomen
1006 2146 1146 2183 necdum
1167 2149 1226 2183 sta-

340 2205 404 2239 tim
426 2202 567 2238 reddidit
580 2199 814 2238 Ecclesiasticis
837 2199 975 2234 tabulis.
1007 2200 1051 2232 Et
1062 2208 1141 2233 tunc
1156 2211 1226 2242 pro-

337 2254 404 2289 diit
415 2253 472 2288 hic
484 2250 753 2296 Carthaginenfis
765 2251 884 2285 Canon
903 2263 909 2282 :
937 2253 983 2283 De
995 2250 1157 2292 disfenfione
1168 2254 1226 2282 Ro-

339 2317 441 2345 mana·
458 2313 549 2345 atque
571 2303 784 2334 Alexandrina-2
796 2298 932 2341 Ecclefiae
954 2300 999 2332 ad
1013 2298 1154 2342 sanc‘lum
1167 2302 1225 2332 Pa-

335 2363 414 2399 pam
437 2357 641 2390 Innocentium
661 2350 809 2395 scribatur
834 2375 845 2390 ‚
869 2361 925 2392 quo
947 2359 1076 2392 utraque
1098 2349 1241 2391 Ecclefia;

334 2414 442 2451 pacem
465 2428 476 2444 ,
502 2414 592 2446 quam
608 2408 751 2444 praecepit
779 2404 924 2433 Dominus
946 2424 957 2441 ‚
984 2407 1084 2433 teneat
1104 2422 1112 2433 .
1140 2399 1224 2444 Agit

340 2456 384 2489 de
408 2454 474 2489 sola
509 2452 736 2487 Alexandrina
759 2451 901 2487 Ecclesia
926 2463 934 2485 ε
973 2449 1077 2497 Qod
1107 2450 1240 2501 nempe5

342 2506 378 2541 δε
405 2502 620 2538 Antiochena
649 2526 660 2543 ,
693 2503 728 2537 &
756 2499 1127 2543 Constantinopolitana
1152 2523 1163 2540 ‚
1188 2500 1239 2534 &¹

342 2555 454 2590 omnis
477 2553 540 2588 alia
563 2552 744 2587 Orientalis
766 2551 921 2587 Dioecefis
943 2560 1041 2594 atque
1063 2548 1223 2587 Parochia

343 2615 468 2640 nomen
490 2602 575 2637 istud
597 2603 711 2646 jamin
732 2600 858 2637 tabulas
870 2600 1059 2636 admisisset.
1089 2600 1133 2634 Et
1157 2609 1228 2634 tan-

342 2656 420 2690 dem
445 2654 548 2688 etiam
569 2652 718 2696 Cyrillus
744 2651 871 2686 admisit
893 2676 900 2684 .
930 2650 1030 2694 Ipsius
1065 2650 1098 2684 &
1122 2649 1225 2685 Attici

343 2715 474 2742 mutuas
497 2703 559 2738 hac
579 2702 620 2737 de
641 2714 674 2737 re
699 2702 824 2737 litteras
846 2701 987 2746 integras
1020 2699 1118 2734 habes
1142 2700 1226 2744 apud

344 2754 575 2798 Nicephorum
585 2753 760 2788 Calixtum
775 2777 786 2794 ,
797 2752 935 2795 ipsarum
949 2752 1129 2796 fragmenta
1140 2749 1226 2794 apud

345 2802 539 2842 facundum
565 2803 764 2847 Episcopum
788 2802 1061 2836 Hermianensem
1086 2826 1094 2837 .
1132 2801 1227 2848 Qin

345 2855 381 2889 &
406 2855 537 2888 Sanctus
563 2852 699 2886 Procius
734 2851 1125 2894 Constantinopolitanus
1153 2851 1228 2894 Epi-

344 2905 461 2948 scopus
484 2902 619 2946 Joannis
643 2912 760 2945 corpus
781 2900 893 2937 retulit
917 2901 951 2934 in
965 2901 1107 2944 Regiam
1119 2900 1230 2935 civita-

344 2963 436 2995 tem,
461 2953 591 2996 magnis
612 2949 730 2985 adfecit
747 2949 951 2989 honoribus,
971 2951 1003 2986 &
1026 2950 1231 2986 pontificali·

346 3014 396 3039 ter
418 3012 571 3037 ornatum
594 3001 703 3045 posuit
736 3001 769 3034 in
796 2998 1007 3035 Patriarchali
1044 2999 1228 3035 Cathedra:

721 170 764 214 S.
801 164 1128 216 Giteeoan
1164 159 1396 216 seorim->1
1429 167 1807 216 Po'uvrtrxcrs

1318 250 1442 285 Divina
1462 250 1617 295 Majestas
1632 248 1706 284 'haec
1715 250 1829 284 omnia
1849 249 2008 286 miraculo
2018 253 2191 291 confirma-

1316 302 1380 343 rit,
1405 301 1561 336 testantur
1582 300 1758 346 graviffimi
1777 299 1969 344 Scriptores.
1997 301 2101 338 Graeei
2115 303 2192 348 Epi-

1316 352 1429 396 scopos
1452 351 1572 386 suosin
1591 349 1779 395 Episcopali
1791 348 1953 385 Cathedra
1966 350 2109 387 sedentes
2121 378 2132 395 ‚
2156 354 2191 387 &

1317 402 1553 445 Episcopaliter
1583 411 1720 436 ornatos
1756 401 1915 444 sepeliunt
1941 413 1953 434 .·
1991 400 2190 447 Exemplum

1315 451 1400 486 istud
1419 450 1622 486 demonstrat
1641 461 1764 485 morem
1784 451 1850 484 esse
1872 452 2044 494 antiquum
2058 475 2066 483 .
2091 452 2138 486 Et
2147 465 2190 488 ex

1313 500 1470 541 omnibus
1492 500 1542 535 his
1552 500 1743 536 lucidissime
1766 510 1854 545 patet
1864 501 2019 536 Sanctum
2029 501 2190 546 Joannem

1315 563 1382 586 non
1406 551 1446 587 ad
1467 551 1703 587 oecumenicam
1718 551 1914 594 Synodum,
1942 551 1998 586 sed
2019 551 2191 595 appellasse

1313 601 1353 635 ad
1375 602 1476 637 solam
1498 602 1687 638 Romanam
1721 601 1898 637 Ecclesiam
1920 625 1931 642 ,
1957 600 1999 636 ab
2029 601 2096 646 ipsa
2122 601 2190 636 sola

1313 651 1404 686 fuisse
1426 662 1631 697 reparatum,
1657 652 1703 686 ita
1727 649 1859 686 tandem
1881 651 2037 686 censuisse
2052 657 2190 687 omnem

1311 702 1515 737 Orientalem
1539 702 1714 737 Ecclesiam
1728 725 1739 742 ,
1763 701 1994 736 &solemniter
2011 701 2105 739 fuisse
2118 713 2191 745 pro-

1311 752 1420 787 ferram
1433 778 1440 785 .
1467 753 1562 801 Qin
1583 751 1696 787 &haec
1722 753 1845 796 semper
1867 753 1913 787 ita
1935 751 2060 787 censuit
2080 752 2190 795 &creq

1310 801 1414 839 didit,
1442 802 1575 838 Etenim
1597 801 1785 846 Theophili
1809 803 1909 841 factio
1930 812 1999 837 non
2018 814 2063 836 ex
2091 801 2192 837 Euse-

1310 851 1411 888 biano
1422 864 1528 888 errore
1539 877 1550 894 ,
1577 852 1631 888 sed
1644 865 1684 888 ex
1701 852 1811 888 Caino
1829 852 1910 887 odio
1921 852 2056 896 Joannis
2069 862 2190 895 repara»

1309 902 1434 938 tionem
1457 903 1665 948 impugnavit
1686 925 1699 944 ,
1724 903 1759 937 ὅ(
1780 913 1837 947 per
1856 903 1970 947 Regiae
1990 900 2190 937 aucioritatis

1308 952 1500 988 violentiam
1511 953 1552 988 ab
1566 953 1779 988 exsecutione
1794 953 1958 997 suspendit
1971 978 1978 984 .
2178 985 2181 988 .

1355 1003 1399 1041 Et
1424 1003 1501 1038 hinc
1523 1003 1635 1038 tertius
1665 1004 1710 1039 D.
1736 1001 1988 1047 Arcbiepiscopi
2007 1012 2094 1037 error
2119 1001 2188 1043 est,

1306 1052 1394 1096 quod
1415 1052 1552 1096 Joanuis
1563 1052 1603 1087 ad
1614 1052 1800 1096 generalem
1812 1052 1985 1095 Synodum
2007 1051 2188 1096 appellatio

1306 1103 1404 1135 fuerit
1416 1112 1475 1144 pro
1485 1118 1488 1122 ·
1497 1102 1587 1135 istius
1597 1103 1754 1145 temporis
1765 1113 1855 1136 more
1867 1103 2010 1145 suscepta
2033 1102 2075 1136 ab
2085 1102 2189 1145 Impe-

1306 1161 1411 1185 ratore
1421 1174 1432 1191 ,
1458 1150 1493 1185 δε
1508 1148 1598 1194 quod
1610 1150 1666 1193 ipfi
1677 1149 1764 1194 Papa
1774 1164 1812 1186 ac
1827 1152 1930 1189 ltaliae
1940 1151 2097 1196 Episcopi
2107 1162 2187 1186 con-

1305 1200 1481 1239 senserint,
1507 1200 1564 1243 qui
1576 1210 1652 1234 cura
1678 1200 1733 1233 sua
1746 1201 1779 1234 id
1790 1202 1867 1236 dein
1886 1203 2014 1247 egerint
2027 1200 2113 1245 apud
2125 1201 2191 1235 Im·

1309 1260 1488 1294 potatores,
1516 1259 1552 1283 ut
1564 1248 1757 1286 Concilium
1768 1260 2017 1285 convocaretur.
2050 1250 2187 1288 Etenim

1307 1301 1408 1346 longe
1431 1298 1519 1340 aliud
1528 1298 1645 1334 adserit
1666 1299 1700 1335 in
1715 1297 1848 1334 laudato
1864 1299 2013 1345 Dialogo
2024 1298 2188 1336 Theodo-

1305 1362 1358 1384 rus
1382 1350 1573 1388 Diaconus:
1600 1354 1674 1384 Non
1694 1349 1766 1384 tulit
1785 1351 1867 1384 ultra
1878 1353 2064 1385 Innocentius
2082 1353 2187 1389 Ponti·

1300 1400 1359 1443 fix
1372 1425 1384 1440 ‚
1411 1402 1593 1444 indignitate
1607 1399 1727 1444 summa
1744 1408 1899 1442 permotus
1919 1424 1930 1439 ,
1950 1399 2124 1443 siripfirque
2141 1401 2188 1435 aa

1307 1457 1471 1486 Hortarium
1495 1454 1707 1494 Imperatorem
1732 1475 1740 1483 .
1768 1453 1870 1485 Motus
1900 1451 2010 1484 litteris
2041 1453 2188 1493 Princeps

1301 1506 1448 1544 pracepit
1468 1503 1609 1541 synodum
1636 1502 1868 1538 Occidentalium
1885 1499 2099 1544 Episcoporum
2123 1511 2189 1534 con-

1300 1558 1422 1594 gregari
1432 1576 1443 1592 ,
1469 1554 1504 1587 ὑ
1516 1564 1580 1586 cum
1590 1556 1624 1585 in
1634 1549 1916 1594 unumst-niensium
1925 1551 2119 1594 convenffl'et,
2142 1550 2188 1584 ad

1299 1597 1333 1640 se
1346 1600 1475 1644 referre.
1504 1607 1684 1648 Congregati
1704 1602 1805 1639 Italia
1814 1600 1955 1645 Episcopi
1975 1604 2186 1643 Imperatorem

1302 1658 1412 1691 orant,
1438 1659 1472 1683 ut
1494 1650 1635 1694 firiberet
1660 1654 1788 1692 Arcadio
1802 1651 1901 1692 fratri
1916 1650 1992 1692 fico,
2018 1648 2184 1690 utjab‘eree

1302 1698 1506 1742 Theffalonicae
1516 1699 1754 1742 Conciliumfieri
1764 1723 1773 1732 .
1801 1699 1839 1736 N
1839 1710 1885 1735 on
1898 1699 2010 1743 itaque
2019 1699 2183 1742 Joannes.

1303 1745 1357 1780 sed
1381 1747 1598 1782 Innocentius
1616 1746 1774 1784 Pontifex
1793 1747 1812 1780 ὲ
1824 1747 1979 1790 Principe
2003 1747 2183 1793 postulavit

1302 1795 1476 1840 Synodum
1491 1821 1499 1829 .
1525 1797 1571 1834 Et
1590 1796 1674 1832 circa
1695 1793 1782 1830 hanc
1804 1802 1873 1829 non
1886 1795 1986 1831 Italiae
2006 1794 2182 1832 Antistites

1303 1846 1493 1891 Imperatori
1520 1847 1753 1889 consenserunt
1775 1870 1787 1887 ‚
1822 1845 1878 1881 sed
1901 1846 2081 1889 Imperator
2113 1843 2182 1881 istis

1302 1897 1489 1941 Episcopis.
1522 1898 1565 1932 Et
1579 1898 1721 1942 Ioannes
1736 1907 1804 1931 non
1818 1895 1859 1932 ab
1869 1895 2053 1945 Honorio,
2075 1894 2128 1931 sed
2138 1895 2181 1931 ab

1300 1945 1447 1982 Arcadio
1457 1947 1596 1984 debebat
1618 1947 1797 1994 supplicare
1807 1946 2000 1990 Synodum:
2027 1947 2182 1993 Quino-

1297 1993 1342 2031 do
1364 1995 1468 2040 ipsam
1485 1997 1503 2031 a
1525 1998 1584 2033 suae
1603 1997 1826 2031 damnationis
1849 1997 1996 2036 auctore,
2023 1994 2178 2030 autcerte

1297 2056 1443 2094 patronos
1457 2048 1674 2090 impetrasset?
1701 2046 1744 2082 Et
1762 2046 1835 2089 quis
1856 2045 1975 2079 Canon
1988 2067 1998 2083 ,
2023 2056 2079 2080 aut
2099 2046 2174 2089 quis

1297 2094 1487 2131 Canonicus
1508 2107 1580 2132 mos
1592 2096 1823 2131 damnatorum
1833 2095 1851 2129 a
1863 2095 1926 2129 suis
1938 2094 2083 2137 Synodis
2094 2095 2174 2138 Epi-

1295 2144 1468 2187 scoporum
1488 2144 1722 2188 appellationes
1741 2153 1820 2178 tunc
1841 2145 1946 2179 sanxit
1955 2153 2011 2178 aut
2028 2144 2172 2188 permisit

1292 2195 1399 2238 excipi
1413 2195 1431 2229 a
1444 2195 1552 2230 ›Laico
1563 2194 1733 2238 Principe,
1759 2193 1794 2228 δι’
1804 2194 1888 2229 circa
1899 2193 1980 2236 ipsas
1998 2193 2175 2229 almannus

1292 2244 1360 2278 fieri
1395 2246 1414 2280 a
1439 2245 1596 2279 Romano
1623 2244 1813 2289 Episcopo,
1842 2243 1941 2287 quim
1972 2242 2177 2279 consentiri?

1290 2295 1463 2341 Figmenta
1482 2294 1549 2329 haec
1562 2297 1633 2331 sunt
1644 2295 1709 2337 jam
1721 2292 1851 2328 abunde
1868 2294 2024 2328 destructa
2037 2318 2045 2326 .
2072 2292 2174 2328 Simi-.

1291 2344 1374 2379 libus
1396 2344 1607 2388 antiquorum
1620 2344 1798 2379 Canonum
1822 2343 1856 2376 &
1869 2353 1998 2377 morum
2014 2342 2171 2386 deprava·

1289 2394 1435 2431 tionibus
1460 2396 1559 2430 scatet
1583 2394 1669 2430 istud
1689 2404 1772 2437 opus
1785 2418 1792 2425 .
1821 2393 2001 2427 Praesertim
2011 2393 2085 2428 odit
2097 2392 2170 2428 Ro-

1288 2455 1400 2479 manas
1421 2445 1583 2479 inferioris
1596 2444 1684 2478 Cleri
1705 2442 1958 2487 appellationes.
1986 2442 2080 2477 Hinc
2090 2442 2170 2479 scri-¹

1288 2493 1359 2529 bit:
1403 2496 1530 2528 Adriani
1549 2493 1669 2537 secundi
1697 2496 1732 2529 Θ
1746 2495 1886 2537 Joannts
1907 2493 2007 2526 oblavi
2026 2492 2164 2536 Succeffo-

1286 2556 1352 2584 rer,
1376 2551 1478 2587 ruptis
1491 2551 1646 2578 canonum
1670 2546 1826 2584 cancellis,
1852 2543 2062 2586 appellationes
2077 2540 2169 2586 Pus*

1287 2595 1446 2634 byterorum
1466 2594 1670 2637 admiserunt,
1691 2595 1762 2626 adeo
1783 2602 1817 2626 ut
1839 2597 1997 2637 Gregorius
2014 2590 2163 2634 septimus·

1287 2653 1320 2678 in
1330 2647 1461 2678 Decretis
1472 2643 1537 2688 sm's
1546 2669 1557 2685 ‚
1583 2655 1650 2685 quae
1660 2642 1749 2686 vulgo
1762 2641 1898 2674 Dic‘Iatus
1910 2644 2004 2682 Papae
2013 2642 2170 2683 dicuntur,-

1287 2695 1337 2729 hoc
1359 2706 1468 2737 quoque
1486 2699 1645 2736 praecipiat
1655 2705 1668 2735 ;
1698 2692 1754 2727 Ut
1772 2702 1872 2726 nemo
1892 2691 2009 2725 audeat
2042 2689 2170 2727 conde·

1287 2756 1397 2779 muare
1422 2743 1536 2779 Sedem
1559 2742 1783 2787 Apostolicam
1795 2741 2014 2784 appellantem
2029 2766 2036 2773 .
2063 2741 2162 2784 ,Quod

1286 2797 1378 2836 injus
1406 2805 1482 2828 nunc
1503 2792 1623 2837 versum
1643 2793 1726 2834 estin
1739 2794 1859 2826 Decreto
1881 2794 2044 2832 Gratiani,
2069 2791 2169 2826 &Li-

1288 2845 1350 2879 bris
1378 2846 1573 2879 Decratalium
1595 2869 1602 2877 .
1630 2842 1795 2877 Adfirmat
1828 2841 1982 2886 antiquos
2014 2839 2164 2876 Ecclesiae

1289 2895 1443 2930 Canones
1463 2894 1642 2929 &Dictatus
1652 2890 1833 2926 subversos.
1859 2891 1944 2938 Qiae
1961 2890 2075 2925 omnia
2085 2889 2165 2925 hor·

1289 2945 1387 2980 rende
1422 2944 1549 2979 deviare
1571 2967 1581 2983 ‚
1606 2945 1663 2978 suo
1690 2941 1766 2976 loco
1791 2940 2064 2975 demonstrabitur
2088 2965 2095 2970 .
2120 2939 2164 2974 In

1289 2995 1475 3040 Apostolici
1493 2994 1627 3028 Distatu
1655 2992 1792 3038 gratiam
1815 2992 1946 3025 fuerunt
1985 2986 2041 3023 hic
2060 2999 2162 3033 pauca

348 3053 431 3099 Qo
442 3052 631 3087 solemniter
643 3050 959 3095 profitereturipsum
972 3050 990 3084 ὲ
1002 3050 1154 3085 Romana
1170 3052 1231 3086 Ec·
1282 3044 1424 3081 dicenda
1439 3072 1449 3089 ‚
1469 3053 1564 3090 atque
1574 3044 1620 3080 ita
1640 3039 1892 3079 demonstranda
1914 3039 1988 3077 libri
2000 3038 2090 3077 istius
2104 3048 2165 3074 au-

346 3103 440 3141 clefia
462 3103 553 3136 fuisse
576 3101 724 3145 legitime
747 3109 927 3146 reparatum
943 3126 951 3133 .
979 3100 1082 3148 Qiod
1105 3101 1228 3145 populo

347 3151 577 3203 Episcopalem
598 3150 861 3190 benedictionem
883 3151 1008 3188 dederit
1028 3175 1040 3192 ‚
1065 3160 1163 3196 atque
1182 3153 1228 3186 ita

660 3300 915 3376 &m

1288 3097 1418 3134 &oritas
1433 3122 1441 3132 .

1589 3293 1853 3370 {effi

1935 3438 2108 3477 cANoN
2161 3418 2164 3424 ’
