2366 3756
380 171 444 219 68
516 168 925 218 Νιεοι-Λι
994 168 1386 239 SECUNDJ
1456 170 2008 219 Pon-rirlcrs

655 322 733 408 C
850 322 935 410 A
1051 325 1149 406 N
1264 325 1353 409 O
1471 326 1567 409 N
1737 325 1793 412 I.

560 486 680 572 De
741 491 811 572 E
812 439 1076 579 leffliohe
1133 492 1433 582 Romani
1490 485 1887 601 PontzficiS.

313 671 651 903 PRimo
685 692 875 742 namque
908 673 1148 744 inspeAEtore
1186 679 1291 731 Deo
1316 712 1330 738 ,
1367 675 1572 734 statutum
1608 676 1670 735 est
1706 713 1719 737 ‚
1755 690 1804 724 ut
1839 677 2006 732 ,Elefflo
2040 682 2136 732 Ro-

551 748 670 803 mani
706 744 932 803 Pontificis
977 750 1023 795 in
1072 746 1287 814 potestate
1337 746 1640 804 Cardinalium
1678 744 1992 815 Episcoporum
2029 749 2082 802 fit
2120 774 2131 796 .-

551 819 621 865 Ita
656 831 704 867 ut
740 815 772 865 fi
797 818 896 883 quis
933 816 1197 887 Apostolicae
1232 814 1329 874 Sedi
1365 817 1451 866 fine
1490 816 1693 885 praemiffa
1726 816 1934 870 concordi
1969 822 2012 866 &
2046 823 2136 868 Ca-

551 888 709 945 nonica
759 886 990 944 Eleffione*
1023 904 1171 945 eorum
1206 923 1219 948 ‚
1270 904 1322 944 ac
1355 886 1513 944 deinde
1563 886 1834 955 sequentium
1871 888 2137 943 ordinum-2

307 952 625 1017 Religiosorum
650 993 665 1018 ,
701 957 973 1014 Clericorum
1008 961 1052 1016 &
1087 952 1316 1015 Laicorum
1354 956 1557 1015 consensu
1592 958 1939 1020 inthronizatur,
1974 961 2011 1008 is
2046 975 2135 1012 non

305 1025 424 1098 Papa
445 1060 459 1086 ,
496 1027 568 1083 vel
602 1026 881 1097 Apostolicus
906 1063 920 1096 2
956 1025 1027 1086 sed
1062 1027 1344 1098 Apostatieus
1378 1027 1587 1086 habeatur
1607 1065 1620 1086 ,
1927 1023 1930 1026 ’

375 1215 1087 1309 DECRETUM
1144 1218 1300 1338 DE
1357 1218 1775 1308 EADEM
1835 1216 2018 1307 RE

398 1384 479 1434 'N
512 1384 686 1436 nornine
723 1383 912 1436 Domini.
947 1381 1078 1435 nostri
1113 1384 1156 1437 &
1180 1383 1414 1435 Salvatoris
1447 1387 1641 1441 JEsv
1674 1385 2008 1443 CHRISTI.
2043 1388 2137 1434 An..

463 1467 522 1498 no
555 1449 613 1503 ab
649 1453 953 1504 Incarnatione
978 1449 1168 1520 eJ‘usdem
1194 1450 1422 1504 millesimo
1447 1451 1808 1519 quinquagesimo
1830 1469 1979 1513 «nono,
2015 1468 2137 1502 men-

464 1517 505 1566 se
540 1519 683 1586 Aprili
712 1554 725 1578 ‚
773 1518 1008 1572 indiCtione
1042 1518 1302 1586 duodecima
1321 1554 1334 1580 ,
1388 1520 1618 1587 propositis
1652 1519 1952 1573 Sacro-sanctis
1988 1523 2135 1569 Evan-

371 1600 374 1603 ’
463 1588 587 1650 geliis
615 1625 635 1648 .‚
671 1587 919 1658 praesidente
955 1606 1135 1657 quoque
1169 1587 1535 1644 Reverendiffimo
1568 1606 1620 1638 ac
1656 1589 1903 1645 Beatissimo
1937 1590 2139 1644 Nicolao

304 1657 561 1723 Apostolico
597 1662 716 1726 Papa
750 1695 763 1722 ,
798 1661 846 1711 in
882 1659 1061 1713 Basilica
1097 1654 1393 1714 Lateranenfis
1429 1660 1684 1713 Patriarchii
1717 1698 1731 1722 ‚
1775 1679 1873 1730 quae
1908 1661 2135 1723 cognomi·

305 1742 434 1777 natur
471 1727 831 1783 Constantiniana
866 1766 879 1789 ‚
918 1727 1242 1782 confidentibus
1276 1732 1412 1782 etiam
1458 1730 1838 1784 Reverendiffimis
1883 1729 2134 1799 Episcopis‚

305 1797 559 1851 Abbatibus
595 1835 630 1857 ‚.
652 1799 920 1867 Presbyteris
957 1836 970 1861 ,
1020 1802 1232 1853 Diaconis
1269 1836 1282 1859 ,
1331 1799 1446 1849 idem
1466 1801 1756 1855 -Venerabilis
1798 1799 2007 1853 Pontifex
2057 1816 2135 1853 au-

306 1869 508 1921 &oritate
544 1868 799 1935 Apostolica
835 1868 1072 1925 decernens
1109 1868 1163 1923 de
1194 1871 1418 1923 Eledtione,
1459 1873 1622 1924 Summi
1651 1869 1881 1922 Pontificis
1903 1907 1916 1931 ‚
1957 1871 2133 1937 inquit:

305 1939 454 1991 Novit
503 1936 739 1992 Beatitudo
774 1939 910 1992 vestra
954 1976 967 2003 ,
1004 1938 1276 1992 ΒίΙεᾶἰΠὶιῃί
1313 1943 1479 1992 Fratres
1524 1940 1788 2010 Coepiscopi
1824 1976 1838 2000 ‚
1890 1939 2136 1991 inferiora...

307 2025 487 2074 quoque
527 2009 722 2060 membra
764 2009 925 2061 Christi
966 2026 1052 2063 non
1091 2011 1221 2061 latuit
1259 2046 1272 2071 ‚
1307 2008 1510 2062 defuncto
1549 2010 1633 2082 piae
1675 2012 1891 2063 memoriae
1931 2010 2134 2061 Domino

306 2079 530 2146 Stephano
569 2076 875 2132 Praedecessore
911 2078 1056 2127 nostro
1093 2115 1107 2142 2
1150 2079 1240 2130 haec
1285 2080 1538 2150 Apostolica
1594 2078 1723 2132 Sedes
1756 2115 1771 2145 ‚
1801 2081 1887 2145 ‚cui
1926 2083 2133 2145 auctore„

307 2151 410 2200 Deo
447 2146 648 2197 deservio
688 2182 702 2206 ,
743 2162 855 2210 quot
893 2145 1077 2196 adversa
1111 2148 1340 2210 pertulerit
1379 2182 1394 2209 2
1430 2163 1546 2213 quot
1571 2149 1761 2219 denique
1805 2167 1882 2215 per
1921 2150 2134 2200 Simonia-

307 2234 368 2265 cae
407 2212 624 2266 Haereseos
665 2215 905 2281 trapezitas
949 2215 1148 2280 repetitis
1184 2215 1350 2263 malleis
1394 2250 1407 2277 ,
1447 2215 1693 2286 crebrisque
1730 2217 2001 2269 tunsionibus
2041 2215 2139 2267 sub-

307 2286 488 2355 jacuerit
531 2320 544 2344 ,
582 2282 693 2337 adeo
736 2298 784 2337 ut
818 2283 1022 2335 columna
1060 2285 1149 2334 Dei
1174 2285 1377 2334 Viventis
1400 2287 1489 2351 jam
1525 2289 1614 2352 jam
1645 2285 1868 2338 videretur
1891 2285 2004 2353 pene
2031 2302 2138 2337 con.-

308 2352 423 2408 'cuffa
463 2369 615 2403 nutare
640 2391 653 2416 ,
688 2357 731 2402 &
770 2351 925 2416 sagena
964 2353 1128 2406 Summi
1168 2351 1441 2415 Piscatoris‚
1484 2354 1690 2418 procellis
1728 2352 2138 2417 intumescentibus,

310 2440 536 2488 cogeretur
575 2426 621 2476 in
665 2423 879 2486 naufragii
917 2420 1132 2491 profunda
1170 2420 1363 2483 demergi
1400 2456 1413 2471 0
1461 2420 1593 2473 Unde
1615 2459 1629 2484 ,
1665 2422 1697 2475 fi
1735 2424 1878 2490 placet
1921 2426 2137 2476 Fraterni-

312 2498 397 2549 tati
445 2493 588 2548 vestrae
627 2531 641 2555 ,
694 2492 947 2553 debemus,
991 2493 1221 2545 auxiliante
1272 2496 1374 2541 Deo
1415 2528 1430 2552 ‚
1487 2490 1642 2546 futuris
1688 2492 1853 2552 casibus
1891 2492 2137 2564 prudenter

312 2582 536 2628 occurrere
573 2601 588 2627 ,
628 2568 671 2617 &
710 2563 1010 2615 Ecclefiastico
1047 2562 1172 2613 statui
1209 2598 1223 2622 ,
1266 2579 1323 2614 ne
1360 2559 1550 2614 recidiva
1590 2598 1603 2622 ‚
1641 2561 1763 2629 quod
1804 2561 1916 2615 absit
1951 2599 1965 2626 ,
2019 2564 2145 2615 mala-

312 2637 577 2710 praevaleant
615 2671 630 2695 ,
667 2651 905 2706 praecavere
938 2661 955 2681 ι
1026 2637 1305 2706 Qapropter
1348 2631 1539 2684 instruoti
1577 2630 1929 2695 Praedecefforum
1972 2633 2135 2685 nostro*

315 2726 411 2760 rum
450 2745 465 2769 ‚
505 2706 779 2775 aliorumque
815 2707 1063 2756 Sanctorum
1103 2707 1281 2755 Patrum
1325 2703 1580 2754 auctoritate
1617 2738 1631 2767 ,
1678 2702 1949 2754 decernimus
1997 2719 2134 2770 atque

316 2778 542 2828 statuimus
589 2811 602 2835 ‚
645 2790 694 2823 ut
745 2774 936 2826 obeunte
975 2773 1098 2838 hujus
1137 2777 1343 2826 Romanae
1379 2770 1629 2836 universalis
1666 2772 1864 2825 Ecclefiae
1903 2772 2135 2837 pontifice,

317 2846 533 2916 imprimis
568 2843 821 2894 cardinales
857 2842 1061 2914 Episcopi
1095 2842 1415 2907 diligentiffime
1453 2842 1576 2895 simul
1614 2840 1670 2894 de
1694 2844 1904 2895 electione
1946 2848 2133 2896 tradim-

320 2933 389 2974 tes
431 2952 445 2977 ‚
499 2932 601 2966 mox
639 2914 801 2965 Christi
843 2916 1044 2965 Clericos
1094 2913 1346 2971 cardinales
1394 2911 1629 2964 adhibeant
1669 2949 1683 2975 ‚
1736 2913 1881 2983 sicque
1941 2914 2133 2980 reliquus

321 2988 477 3053 Clerus
502 2989 556 3037 ’δι
594 2985 786 3055 Populus
822 2982 878 3035 ad
912 2982 1162 3035 consensum
1209 2999 1330 3035 novae
1368 2984 1588 3035 electionis
1651 2982 1830 3035 accedat
1864 3020 1877 3046 ,
1925 2983 2133 3035 nimirum
2214 2988 2217 2991 “

323 3070 615 3126 praecaventes
652 3091 666 3116 ,
710 3073 763 3105 ne
798 3056 1048 3106 venalitatis
1095 3054 1264 3121 morbus
1309 3053 1459 3120 aliqua
1500 3052 1722 3105 occasione
1765 3053 1962 3121 subrepat
1987 3090 2000 3105 .
2072 3056 2133 3104 Et

325 3126 430 3179 ideo
468 3125 787 3187 Religiofiffimi
832 3127 931 3177 Viri
969 3123 1186 3175 Praeduces
1226 3123 1305 3177 sint
1345 3126 1392 3174 in
1429 3122 1724 3194 promovenda
1779 3123 2000 3176 Pontificis
2045 3122 2134 3173 ele-

326 3199 469 3248 &ione
502 3231 516 3256 ,
551 3195 707 3263 reliqui
747 3196 850 3244 vero
889 3193 1089 3262 sequaces
1134 3233 1148 3246 .
1175 3221 1177 3223 ·
1220 3193 1376 3246 Certus
1397 3192 1502 3242 vero
1539 3209 1673 3260 atque
1710 3194 1925 3258 legitimus
1959 3191 2133 3244 electio-

327 3269 396 3316 nis
431 3264 540 3317 ordo
577 3264 860 3333 perpenditur
899 3301 913 3326 ,
950 3265 981 3316 fi
1017 3264 1241 3335 perspedtis
1283 3261 1547 3314 diversorum
1592 3267 1768 3316 Parrum
1816 3262 1994 3325 Regulis
2045 3260 2135 3313 five

329 3336 476 3385 Gestis
510 3371 524 3397 ‚
577 3337 712 3385 etiam
755 3336 831 3383 illa
874 3337 999 3385 Beati
1031 3338 1188 3386 Leonis
1236 3332 1551 3385 Praedecefforis
1590 3335 1722 3385 nostri
1764 3332 1977 3383 sententia
2013 3347 2134 3381 reco-

328 3406 442 3458 latur
475 3424 488 3455 :
524 3403 669 3469 Nulla
701 3409 800 3453 ratio
823 3405 919 3471 finit
951 3441 964 3467 ,
998 3422 1040 3453 ut
1073 3410 1166 3456 inter
1200 3403 1398 3476 Epifiopos
1432 3402 1636 3454 habeantur
1669 3441 1684 3467 ,
1733 3406 1796 3470 qui
1828 3420 1890 3450 nec
1925 3400 1952 3451 οὶ
1985 3399 2134 3451 Clerici5

1972 3466 2068 3538 Jimt
