2366 3756
112 243 150 273 C.

174 246 201 271 6.

369 133 462 172 190

289 201 332 234 ab
349 199 539 241 Ecclefiarum
549 197 786 240 infestationibus
797 201 945 231 removeri
958 202 1161 239 praecipimus
1171 201 1194 230 ,1

291 250 415 294 ,Quodfi
424 254 489 291 quis
500 258 602 282 contra
613 247 874 290 hancftnteneiam
896 248 934 280 de
954 256 1058 280 caetero
1072 256 1176 282 aeten-

290 310 357 334 tare
367 297 592 341 praesumpserit
604 324 616 339 ,
641 296 875 336 christianorum
887 306 986 330 careat
994 295 1151 340 sepultura
1162 322 1170 331 .

292 348 456 382 Censebat
477 350 606 393 Regem
628 346 822 381 Advocatiae
841 347 965 390 juribus
1002 348 1179 390 excidisse,

290 399 433 441 ideoque
455 398 496 432 ad
517 397 796 442 exstinguendum
829 397 1070 433 Monasterium
1109 410 1178 433 non

290 449 353 484 esse
366 459 449 491 opus
470 447 537 491 ejus
552 449 676 483 assensu
699 473 706 480 .
732 447 859 482 Verum
882 449 1009 493 integra
1034 448 1094 484 fibi
1117 449 1180 483 esse

291 498 378 532 avita
401 498 470 541 jura
490 498 707 543 praetendebat
730 496 902 543 Philippus
923 525 934 540 ,
962 498 1103 543 ideoque
1127 511 1180 533 ex·

292 548 500 583 ssinstionem
524 549 617 584 istam
642 549 711 584 fine
730 550 761 584 se
772 560 841 583 non
855 550 993 593 potuisse
1005 550 1182 588 attentari,

292 610 353 633 nec
374 599 393 631 ὲ
421 600 452 633 se
474 599 644 644 permitti.
673 597 868 634 Advocatus
894 600 985 634 enim
1007 600 1098 634 aliud
1111 611 1180 633 non

290 649 336 683 cst
363 673 374 690 ,
411 650 510 692 quam
536 648 732 688 Monasterii
756 649 906 684 adversus
926 650 1075 694 quamvis
1098 650 1182 693 inju-

292 700 375 733 riam
399 722 409 738 ,
447 699 698 734 exstinctionem
722 701 895 743 praesertim
916 726 927 742 ,
966 701 1119 735 constans
1144 710 1181 733 ae

293 748 475 792 intrepidus
498 750 649 785 defensor
670 775 677 782 .
705 750 788 786 Non
816 749 895 795 ergo
917 751 958 785 de
979 750 1103 794 Regis,
1128 748 1182 784 sed

291 799 333 835 de
357 798 546 843 Apostolici
575 800 740 835 Advocati
763 800 832 843 jure
860 800 922 834 fuit
947 799 1016 834 haec
1027 800 1180 844 quaestio.

293 848 467 896 Qidquid
478 853 517 887 sit
526 876 537 893 ,
565 849 711 895 Philippi
725 850 860 885 Pulchri
874 853 909 883 in
921 852 1074 886 octavum
1083 851 1182 885 Boni-

291 901 417 937 facium
438 903 616 937 insolentia
640 901 754 944 nequit
779 911 899 944 ponere
915 901 1042 945 legem.
1071 901 1181 936 Etiam

293 950 487 996 Angiorum
501 953 608 998 Reges
634 964 671 986 ac
694 953 935 986 Germanorum
957 951 1102 997 Augusti
1124 949 1182 986 du-

291 1001 373 1035 dum
401 1003 646 1038 recalcitrarunt
659 1001 810 1036 adversus
820 1003 1004 1045 praesentem
1027 1002 1181 1047 Gregorii

292 1052 461 1087 Distatum
477 1077 488 1093 ,
515 1053 648 1087 tandem
667 1062 776 1086 tamen
800 1052 878 1086 vicit
889 1051 1083 1096 Apostolica
1095 1063 1182 1097 pote-

290 1100 354 1136 stas
370 1126 382 1143 ‚
406 1104 441 1139 δε
462 1101 527 1147 jam
542 1104 666 1147 pridem
690 1101 812 1146 ubique
823 1103 932 1146 viget.

341 1153 455 1188 Etiam
479 1153 634 1197 Episcopi
658 1177 669 1193 ,
695 1153 715 1186 ὲ
739 1152 830 1196 quus
850 1152 1012 1188 Parochia
1033 1152 1182 1189 deciden-

290 1303 426 1338 Canoni
452 1315 520 1338 non
539 1303 585 1338 est
609 1301 810 1338 adversatus.
839 1304 973 1338 Etenim
1000 1306 1096 1338 novis
1107 1304 1182 1347 Epi-

290 1352 481 1396 scopatibus
503 1353 667 1397 erigendis
689 1353 828 1387 modum
853 1352 1059 1396 praescribens
1080 1355 1182 1389 Sardi-

292 1404 396 1438 censis
410 1403 531 1438 Canon
560 1414 619 1437 nec
631 1404 758 1447 apicem
771 1400 870 1438 habet
885 1402 926 1438 de
940 1404 1092 1447 Episcopi
1107 1416 1182 1438 con—

289 1454 383 1487 sensu
397 1480 404 1486 .
432 1453 476 1489 Et
502 1454 682 1497 Sylvanum
695 1453 969 1498 calaguritanum
985 1454 1180 1498 Episcopum

289 1505 400 1548 arguit
412 1503 549 1540 Hilarus
562 1503 721 1536 Pontifex
732 1527 743 1542 ,
756 1513 825 1534 non
839 1502 930 1545 quod
943 1503 1010 1536 sine
1025 1504 1180 1537 Caesarau-

290 1554 421 1598 gustani
451 1552 607 1596 Episcopi
619 1553 742 1586 assensu
753 1574 764 1590 ‚
791 1550 844 1585 sed
861 1552 1071 1586 solummodo
1091 1554 1178 1596 quod

289 1606 359 1638 fine
370 1602 506 1639 Ascanii
515 1601 771 1636 Tarraconensis
779 1601 999 1643 Metropolitae
1011 1603 1181 1637 auctorita-

290 1666 324 1688 te
338 1664 458 1688 novam
485 1653 521 1687 in
549 1652 637 1688 illius
655 1650 816 1685 Parochia
828 1650 1029 1685 Cathedram
1041 1652 1159 1686 fixisset
1174 1677 1180 1684 .

291 1705 336 1738 Et
349 1712 489 1747 magnus
507 1702 640 1736 Basilius
652 1700 693 1737 de
704 1700 909 1734 reformanda
922 1700 1108 1734 Isaurorum
1123 1702 1178 1735 Ec-

292 1753 385 1789 clesia
407 1750 526 1795 scripsit
544 1751 584 1788 ad
597 1751 750 1786 Sanitum
765 1747 1044 1793 Amphilochium
1058 1751 1182 1785 Metro-

292 1803 430 1848 politam
443 1801 647 1839 Iconiensern
662 1814 669 1832 :
698 1804 843 1842 Inprimis
857 1801 893 1834 id
902 1812 1028 1844 agamus
1039 1825 1049 1840 ‚
1075 1811 1109 1835 ut
1121 1807 1181 1834 exi-

123 1864 249 1908 Epeos.
288 1865 360 1898 guae
371 1858 514 1888 civitates
539 1853 572 1887 (9⁸
585 1856 729 1885 tenuiores
739 1851 854 1890 viculi,
881 1850 989 1893 quibus
1012 1852 1079 1884 olim
1106 1854 1181 1893 Epi·

289 1904 372 1949 ftopi
389 1901 594 1944 praefidebant
614 1926 624 1942 ,
667 1898 840 1942 Praepofitos
860 1898 928 1942 suos
951 1899 1180 1942 nanctfiantur.

295 1959 322 1988 T
323 1967 372 1989 um
382 1951 560 1996 Episcopum
566 1950 696 1994 profedlb
720 1951 809 1984 Urbis
825 1951 1020 1984 excitabimus
1033 1973 1044 1989 ‚
1070 1961 1107 1984 ne
1130 1957 1182 1993 qui

295 2004 482 2045 constituetur
496 2001 535 2045 fit
561 2004 769 2044 impedimento
798 2000 879 2035 nobis
901 2002 997 2043 aliquo
1019 2002 1065 2034 ad
1090 1999 1182 2043 conse-

297 2064 433 2099 quentem
449 2065 545 2087 rerum
558 2050 810 2096 dispensationem
826 2075 836 2091 ‚
860 2062 937 2085 neve
959 2051 1068 2084 bellum
1090 2051 1183 2084 dome-

297 2106 400 2148 sticum
411 2105 602 2138 exordiamur
608 2113 712 2145 gerere
726 2108 847 2142 propter
868 2102 953 2133 illam
969 2101 1110 2140 pluribus
1131 2106 1186 2131 im-

294 2156 427 2199 perandi
450 2154 664 2194 cupiditatem.
694 2149 839 2189 Postremo
854 2172 863 2188 ,
891 2159 927 2182 ne
950 2149 1024 2181 nolit
1040 2147 1185 2192 suffragio

294 2205 346 2250 suo
357 2213 443 2238 ratas
465 2203 569 2245 facere
591 2199 802 2243 Episcoporum
814 2199 1035 2233 ordinationes.
1062 2199 1185 2232 Isauro-

301 2267 375 2291 rum
388 2254 528 2288 Ecclesia
541 2278 551 2294 ,
578 2252 661 2286 olim
673 2249 774 2283 divisa
803 2250 837 2282 in
853 2250 979 2293 plures,
1005 2260 1085 2282 tunc
1107 2260 1185 2282 con-

299 2319 349 2341 tra
371 2305 564 2340 consuetum
591 2301 842 2336 Provinciarum
871 2310 997 2333 morem
1021 2300 1185 2332 contrassa

300 2365 369 2392 erat
391 2354 432 2391 ad
457 2354 591 2389 unicum
617 2351 819 2394 Episcopum
834 2373 845 2389 ‚
870 2349 903 2382 &
931 2349 1102 2392 antiquam
1123 2350 1184 2382 for-

301 2418 389 2443 mam
411 2404 547 2439 Basilius
575 2400 741 2446 judicabat
765 2399 909 2433 omnino
938 2399 1182 2443 reponendam.

302 2455 504 2492 Faciendum
528 2451 561 2487 id
582 2452 691 2487 suadet
720 2461 857 2484 vacante
878 2448 960 2484 Sede
979 2475 990 2491 ,
1016 2461 1058 2484 ne
1075 2450 1183 2483 forsan

303 2510 369 2543 sese
385 2515 530 2551 opponat
544 2504 745 2547 Episcopus,
770 2511 964 2544 moveatque
984 2499 1110 2534 bellum
1134 2499 1185 2534 in-

302 2559 459 2592 testinum
471 2581 478 2588 .
507 2555 584 2598 Ejus
599 2555 708 2596 itaque
721 2551 895 2586 dissensum
909 2575 919 2589 ,
942 2560 1057 2593 utpote
1067 2561 1109 2585 ex
1120 2549 1187 2594 plu·

303 2609 393 2643 ribus
418 2602 599 2650 imperandi
627 2601 806 2646 cupiditate
831 2602 1024 2634 consuetum
1052 2599 1187 2638 enasci,

304 2658 432 2693 censuit
444 2654 726 2691 contemnendum
735 2676 742 2683 ·
771 2652 815 2685 Et
827 2650 993 2694 Augustus
1004 2650 1088 2684 oIIm
1097 2650 1188 2684 Prin·

305 2721 380 2752 ceps
395 2734 405 2748 ‚
433 2705 644 2750 utoppidum
672 2703 724 2737 vel
736 2702 875 2736 castrum
896 2700 929 2733 in
943 2700 1194 2735 civitatensem

306 2759 397 2795 heret
411 2781 421 2797 ,
448 2756 595 2800 adeoque
606 2751 827 2789 patriarcham
837 2750 878 2784 ad
889 2748 1105 2784 inducendam
1118 2751 1194 2785 istio

307 2819 431 2843 novam
442 2806 641 2841 Cathedram
657 2813 790 2847 cogeret
803 2826 813 2841 ‚
841 2799 936 2835 nullo
957 2799 1125 2844 indigebat
1147 2802 1190 2835 as-

308 2860 401 2894 sensu
420 2856 590 2900 Episcopi.
619 2856 689 2889 Cur
699 2863 779 2896 ergo
793 2851 942 2894 indigeat
963 2849 1030 2893 ipsc
1053 2851 1191 2885 Patriar-

308 2906 391 2942 cha?
420 2907 464 2939 Et
483 2906 562 2940 dum
587 2903 769 2948 Gregorius
790 2898 948 2934 secundus
969 2912 1006 2933 ac
1019 2900 1191 2935 Zacharias

309 2957 487 2992 Pontifices
500 2957 532 2990 in
545 2955 682 2989 Francia
707 2964 744 2985 ac
758 2950 892 2984 Bavaria
905 2961 1010 2985 novos
1022 2951 1193 2993 Episcopa-

311 3019 363 3042 tus
376 3006 555 3043 fundarunt
582 3015 637 3048 per
647 3003 810 3045 Legatum
823 3002 915 3034 suum
927 3000 1079 3035 Sandium
1094 3001 1192 3034 Boni-

312 3059 434 3095 facium
447 3081 458 3096 ,
485 3056 612 3089 nullum
624 3052 796 3088 Ordinarii
808 3051 964 3085 assensum
977 3050 1129 3094 leguntur
1139 3063 1193 3085 ex-

313 3106 491 3152 quifiviffe..
519 3102 649 3146 Nempe
664 3102 772 3136 nullus
794 3100 953 3146 generalis
977 3101 1123 3135 Ecclesiae
1133 3101 1200 3135 Ca*

315 3170 398 3198 non,
411 3155 465 3191 sed
481 3155 566 3191 solus
579 3154 665 3196 pacis
675 3164 767 3186 amor
777 3152 810 3185 &
821 3151 1031 3194 quarumdam
1044 3152 1194 3195 gentium

319 3219 414 3247 mos,
438 3216 523 3250 quos
551 3203 644 3247 ligari
674 3211 854 3245 numquam
880 3201 988 3234 voluit
1002 3201 1193 3245 Apostolica

314 3257 411 3292 Sedes
437 3281 447 3296 ‚
475 3253 624 3289 sustinuit
650 3252 742 3285 istam
764 3250 993 3285 necestitatem.

367 3307 500 3344 Voces,
526 3304 619 3350 ‚Quod
635 3301 691 3346 soli
713 3304 807 3343 Papae
824 3303 912 3342 licet,
939 3302 1056 3343 poffint
1078 3300 1195 3336 habere

315 3357 480 3400 duplicem
505 3355 629 3387 sensum
653 3377 661 3384 .
695 3351 823 3385 Primus
842 3350 888 3384 est
912 3363 924 3384 .·
949 3353 1008 3384 Soli
1032 3355 1126 3393 Papae
1136 3350 1197 3392 fine

290 1200 352 1238 dus
374 1204 421 1238 est
447 1215 552 1238 novus
577 1203 793 1247 Episcopatus
807 1227 819 1243 ,
844 1205 1038 1238 consensum
1060 1203 1180 1238 exstin-

289 1264 396 1297 guens
425 1254 633 1299 Gregorius,
659 1254 799 1296 antiquo
826 1265 863 1289 ac
890 1253 1034 1298 generali
1047 1253 1179 1288 Pum

673 114 712 158 S.
750 113 1070 159 Gncconn
1105 127 1346 159 sepum
1382 115 1747 162 Ponriricrs

1241 399 1345 433 derit?
1378 399 1577 442 Respondeo
1590 401 1798 435 affirmative.
1826 401 1926 437 Hanc
1937 404 1971 438 in
1982 404 2124 442 Ecclesia.

1244 449 1363 484 Latina
1385 449 1577 493 potestatem
1600 450 1674 485 Sedi
1688 452 1750 485 suae
1770 450 1924 497 deinceps
1937 455 2130 491 reservavit.-

1243 501 1286 534 Et
1299 499 1379 533 hinc
1391 499 1620 535 Tornacenses
1641 512 1677 535 ac
1689 500 1924 537 Atrebatenses
1933 504 2125 542 exstinstam

1242 550 1301 583 fibi
1316 550 1451 593 reparari
1462 549 1663 586 Cathedram
1677 575 1688 591 ,
1716 563 1784 586 non
1797 551 1815 585 ὲ
1837 553 1895 588 suo
1906 554 2126 600 Metropolita

1244 611 1299 634 aut
1325 599 1392 643 ejus
1402 600 1557 643 Synodo,
1586 602 1640 636 sed
1664 601 1707 635 ab
1720 600 1863 638 Urbano
1875 605 2038 647 secundo,
2063 604 2124 639 Pa·

1246 649 1346 685 schali
1358 650 1501 684 secundo
1512 674 1523 690 ,
1534 662 1572 686 ac
1585 651 1740 697 Eugenio
1752 654 1850 687 tertio
1862 653 2067 696 postularunt
2077 665 2125 690 at-

1243 712 1308 744 que
1334 701 1567 743 impetrarunt.
1593 702 1717 736 Nullus
1737 712 1846 746 praeter
1856 703 1979 747 Papam
2002 707 2125 742 exinde

1245 751 1365 796 legitur
1377 750 1590 795 Episcopatus
1601 753 1752 786 erexisse.
1778 751 1971 798 Anglorum
1990 756 2125 798 quidem

1244 802 1279 836 δε
1304 800 1533 836 Hibernorum
1554 801 1789 844 pontificales,
1815 803 1928 849 paffim
1947 805 1982 839 in
2005 803 2126 840 vilibus

1244 861 1359 886 contra
1370 852 1526 887 Canones
1538 852 1620 887 locis
1631 853 1712 888 fixas
1726 850 1904 889 Cathedras
1912 878 1923 896 ‚
1949 863 2026 890 ante
2037 855 2126 891 hunc

1246 903 1416 937 Distatum
1439 904 1540 947 coepit
1561 901 1602 937 ad
1619 903 1786 948 digniores
1797 904 1957 939 Civitates
1983 905 2044 940 suae
2069 906 2128 949 Sy·
2168 898 2173 908 '

1245 953 1325 987 nodi
1352 954 1544 987 auctoritate
1564 954 1733 988 transferre
1755 954 1890 990 sanstus
1902 956 2126 996 Lanfrancus,

1241 1003 1355 1038 verum
1393 1004 1463 1046 ipso
1499 1002 1658 1046 posterior
1692 1004 1825 1039 Sanetus
1850 1006 2029 1040 Anselmus
2056 1007 2126 1041 sine

1243 1053 1356 1096 Papali
1378 1054 1503 1088 assensu
1526 1064 1593 1087 non
1614 1055 1768 1098 perfecit.
1797 1054 1964 1090 Adversus
1985 1056 2125 1101 nimiam

1244 1103 1501 1147 Episcopatuum
1521 1105 1719 1150 crestionem
1743 1104 1856 1140 statuit
1879 1106 2036 1142 Africana
2062 1106 2125 1141 Ec-

1243 1153 1335 1188 clesia
1359 1166 1367 1186 :
1395 1153 1503 1186 Plebes
1525 1164 1594 1196 quae
1617 1164 1779 1197 numquam
1800 1155 1969 1190 babuerunt
1985 1165 2125 1199 proprios

1244 1202 1402 1247 Episcopos
1421 1226 1432 1243 ‚
1467 1201 1525 1245 nifi
1540 1215 1578 1237 ex
1611 1207 1740 1239 Concilio
1768 1207 1905 1247 plenario
1937 1205 2125 1250 uniuscujus-

1243 1266 1299 1297 que
1321 1256 1490 1288 Provinciae
1515 1254 1551 1287 &¹
1574 1255 1720 1288 Primam
1742 1276 1754 1293 ‚
1781 1263 1873 1296 atque
1892 1253 2026 1298 consensu
2045 1259 2124 1298 ejus,
2142 1280 2169 1310 c
2199 1277 2219 1304 6

1244 1306 1288 1337 ad
1319 1306 1399 1345 cujus
1436 1302 1583 1345 Dioecefim
1618 1304 1723 1338 eadem
1757 1302 1885 1346 Ecclest‘a
1922 1305 2097 1347 pertinebat
2111 1330 2125 1348 ,
2171 1299 2178 1308 ⁸
2221 1287 2246 1315 ς’

1244 1356 1389 1388 decretum
1405 1354 1503 1396 fuerit
1524 1378 1535 1394 ,
1561 1355 1683 1387 minime*
1704 1358 1853 1396 accipiant
1876 1380 1883 1388 .
1918 1355 2125 1391 Erefflonem

1245 1403 1330 1438 hanc
1357 1405 1375 1438 a
1398 1415 1448 1438 tot
1471 1403 1722 1439 conditionibus
1740 1403 1920 1448 suspendit.
1950 1406 2020 1440 Cur
2043 1406 2126 1452 ergo

1244 1455 1381 1489 eandem
1394 1453 1585 1498 Apostolica
1594 1454 1691 1489 Sedes
1703 1465 1771 1488 non
1785 1455 1878 1499 poffit
1889 1455 1944 1491 sibi
1957 1457 2126 1492 reservare?

1245 1504 1329 1538 Solis
1364 1503 1560 1539 Patriarchis
1595 1516 1633 1539 ac
1659 1503 1899 1549 Autocephalis
1925 1506 2126 1542 primatibus

1244 1564 1428 1596 competere
1446 1566 1488 1588 ex
1511 1554 1651 1598 antiquo
1673 1555 1814 1590 Canone
1836 1581 1848 1598 ,
1873 1558 1908 1591 δε
1929 1557 2126 1602 quibusdam

1244 1599 1324 1636 hinc
1346 1602 1423 1636 inde
1435 1603 1660 1644 Metropolitis
1683 1605 1777 1638 fuiss'e
1786 1606 1856 1639 sola
1867 1606 2125 1640 diffimulatione

1244 1650 1406 1686 indultam
1420 1676 1431 1692 ‚
1458 1652 1624 1696 insigniter
1635 1652 1721 1686 lucet
1742 1664 1784 1687 ex
1803 1655 1889 1688 facio
1901 1656 2010 1689 Sancti
2022 1653 2126 1689 Atha-

1245 1701 1322 1734 nafii
1347 1700 1541 1735 Patriarchae
1563 1700 1800 1736 Alexandrini.
1827 1704 2013 1745 Palebisca,
2041 1705 2125 1749 Ery·

1245 1748 1380 1784 threnfis
1394 1750 1428 1784 in
1443 1749 1697 1794 Pentapolitana
1709 1751 1882 1787 Provincia
1908 1753 2060 1789 Ecclefiae
2069 1765 2127 1798 op-

1245 1800 1380 1844 pidum,
1407 1798 1452 1834 ob
1473 1800 1611 1834 Orionis
1638 1800 1790 1845 Episcopi
1813 1803 2007 1838 senestutem
2031 1804 2127 1839 &ni-

1245 1850 1346 1885 miam
1374 1849 1566 1884 facilitatem
1579 1850 1719 1894 elegerat
1729 1850 1788 1886 fibi
1799 1852 1964 1896 proprium
1992 1853 2125 1897 Episco-

1245 1912 1322 1943 pum
1334 1925 1345 1941 ,
1371 1901 1538 1944 ipsumque
1549 1901 1791 1937 consecraverat
1802 1902 1977 1938 laudabilis
1989 1904 2125 1947 quidem

1246 1951 1317 1984 vitae
1333 1949 1382 1984 vir
1395 1974 1406 1990 ,
1432 1950 1533 1984 sedin
1552 1950 1646 1985 rebus
1655 1951 1974 1996 agendisaudaci0r‚
1998 1953 2124 1989 Philon

1248 2001 1429 2043 Episcopus
1442 2000 1635 2042 Cyrenensis
1643 2024 1653 2040 ,
1682 2008 1780 2044 atque
1789 1998 1852 2035 hac
1861 2001 1904 2036 de
1913 2013 1947 2036 re
1956 2001 1998 2036 ad
2008 2002 2124 2037 Theo-

1245 2049 1372 2092 philum
1384 2048 1607 2083 Patriarcham
1617 2049 1730 2084 scribit
1740 2049 1875 2086 Sanstus
1884 2052 2036 2095 Synefius
2045 2052 2125 2088 Pto-

1246 2098 1398 2131 lomaidis
1410 2098 1589 2140 Episcopus
1600 2122 1611 2138 ,
1638 2099 1728 2133 dissae
1738 2099 1918 2136 Provinciae
1929 2101 2126 2147 Metropoli-

1246 2156 1277 2181 ta
1292 2159 1300 2179 :
1327 2146 1528 2186 Formidolofis
1540 2147 1692 2181 Valentis
1705 2146 1823 2183 Ariani
1837 2150 2042 2193 Imperatoris
2053 2161 2126 2186 tem-

1243 2197 1365 2239 poribus
1373 2195 1519 2241 summum
1523 2198 1579 2237 jus
1586 2201 1783 2239 praetermitti
1793 2201 1894 2243 necff
1903 2200 1942 2241 est
1948 2225 1957 2232 .
1984 2201 2051 2233 Ideo
2060 2204 2127 2235 Ma-

1241 2259 1323 2292 gnus
1347 2248 1396 2282 ille
1409 2247 1583 2289 Athanafius
1605 2249 1640 2280 id
1650 2255 1777 2290 tempori
1786 2251 1888 2283 dedit.
1916 2250 2030 2286 Palam
2043 2250 2127 2286 dicit
2143 2268 2283 2308 agn-67,-

1248 2300 1311 2333 sine
1337 2296 1507 2331 Athanasii
1546 2298 1738 2331 austoritate
1762 2299 1833 2332 fieri
1869 2310 1939 2334 non
1964 2300 2124 2344 potuisse.

1249 2346 1467 2382 Alexandrini
1491 2346 1686 2381 Patriarchae
1709 2348 1839 2382 suorum
1859 2348 1980 2392 jurium
1991 2352 2126 2386 fuerunt

1250 2400 1372 2442 semper
1391 2396 1585 2431 tenaciffimi
1601 2423 1608 2428 .
1636 2397 1729 2430 Hinc
1756 2398 1868 2433 nullus
1893 2399 1941 2434 ibi
1967 2411 2125 2445 umquam

1248 2447 1464 2491 Metropolita
1490 2455 1547 2480 aut
1580 2445 1797 2482 Provincialis
1826 2449 1982 2492 Synodus
2008 2451 2127 2496 legitur

1251 2499 1482 2543 Episcopatum
1502 2497 1635 2531 erexisse
1649 2522 1656 2529 .
1683 2501 1749 2531 Mos
1760 2498 1818 2540 est,
1844 2498 1953 2544 inquit
1977 2501 2012 2534 in
2024 2500 2126 2535 Pana-

1250 2550 1300 2583 rio
1324 2550 1458 2583 Sanssus
1481 2546 1705 2589 Epiphanius,
1731 2549 2125 2590 Alexandrinorum-Archi-

1248 2598 1462 2642 episcoporum‚
1488 2604 1587 2636 utper
1598 2605 1692 2628 totam
1702 2600 1890 2640 AEgyptum‚
1917 2598 2124 2641 Thebaidem,
2143 2614 2173 2643 L,
2188 2618 2238 2645 68,

1248 2649 1440 2682 Mar-condem
1461 2671 1472 2686 ,
1499 2646 1622 2684 Libyam
1641 2671 1652 2687 ,
1681 2650 1900 2680 ammoniacam
1919 2671 1930 2687 ‚
1956 2649 1990 2682 (9
2016 2652 2125 2683 Penta·

1245 2700 1359 2742 polim,
1386 2694 1579 2737 Ecclefiastica
1615 2702 1732 2740 negotia
1765 2698 1970 2739 administrent
1983 2724 1990 2730 .
2017 2700 2061 2734 Et
2086 2699 2124 2735 in

1250 2750 1368 2784 litteris
1389 2747 1539 2782 adversus
1563 2746 1779 2783 venerabilem
1800 2749 2029 2784 Frumentium
2053 2750 2124 2785 Au.

1250 2799 1382 2833 xumios
1422 2797 1620 2840 Episcopum
1656 2796 1834 2841 imperator
1871 2798 2089 2835 Constantius
2115 2814 2125 2834 ε

1250 2854 1392 2893 Georgius
1413 2872 1425 2888 ‚
1450 2844 1656 2881 Alexandriae
1680 2846 1860 2891 Episcopus
1883 2873 1894 2888 ‚
1930 2855 1965 2882 in
1984 2852 2121 2884 creandis

1251 2911 1285 2933 ac
1294 2898 1498 2940 diiudicandis
1508 2894 1661 2939 Epiftopis
1671 2895 1822 2938 flammam
1841 2899 2049 2933 auHoritatem
2068 2899 2125 2934 ba-

1252 2950 1320 2983 zm.
1347 2950 1391 2983 Et
1409 2947 1651 2990 Hypselitarum
1665 2946 1843 2991 Episcopus
1856 2941 2124 2986 Arrenius'eMe·

1253 3000 1323 3034 letii
1352 2998 1519 3032 schismate
1529 2996 1686 3030 accedens
1712 2997 1754 3031 ad
1781 2999 1943 3032 unitatem
1973 3000 2124 3036 Catholi-

1253 3061 1347 3089 cam,
1372 3049 1456 3082 inter
1476 3047 1564 3080 varia
1585 3047 1739 3089 professus
1760 3048 1806 3081 est
1836 3049 1955 3084 Sancto
1977 3049 2125 3085 Athana·

1254 3101 1300 3135 fio
1317 3099 1351 3143 se
1370 3105 1445 3132 citra
1467 3099 1532 3138 ejus
1549 3095 1730 3139 sententiam
1753 3100 1867 3131 nullum
1887 3100 1925 3133 de
1940 3100 2097 3142 Epifiopis
2110 3124 2126 3141 ,

1242 205 1351 243 erigere
1373 223 1380 230 .
1410 198 1453 232 Et
1475 197 1566 232 hunc
1586 199 1650 241 jam
1669 200 1827 244 exposui.
1849 200 1949 239 Alter
1965 205 2032 240 est.-
2058 209 2123 240 Ne..

1306 257 1424 291 praeier
1446 252 1566 291 Papam
1591 249 1682 293 potest
1704 251 1842 293 deinceps
1859 259 1989 299 erigere,
2014 257 2123 298 exstin-

1242 310 1352 343 guere,
1375 300 1515 334 dividere
1526 325 1537 341 ‚
1566 308 1619 332 aut
1629 304 1715 333 unsre
1729 300 1927 344 Episcopatus
1938 329 1946 337 .
1975 306 2019 341 Et
2038 319 2122 351 quae-

1243 350 1306 383 stio
1323 349 1369 383 est
1385 373 1396 388 ‚
1419 348 1477 383 An
1487 351 1588 384 etiam
1602 349 1690 384 hunc
1702 349 1883 396 Gregorius
1897 353 2001 388 noster
2016 356 2125 392 inten⁴

1253 3160 1308 3183 aut
1326 3152 1385 3184 alio
1397 3150 1532 3192 dogmate
1550 3152 1692 3179 commum·
1718 3149 1752 3182 (9
1765 3147 1954 3189 Ecclesiastico
1974 3151 2125 3183 editurum

1253 3201 1302 3244 effe
1326 3204 1502 3235 Decretum,
1524 3194 1582 3238 sed
1600 3198 1737 3239 cessurum
1759 3199 1932 3231 Canonibus
1957 3207 2027 3234 ante
2032 3198 2125 3243 fissi-e-

1251 3255 1335 3292 ptis,
1359 3250 1404 3282 ad
1419 3249 1570 3289 exemplar
1600 3250 1634 3281 &¹
1657 3249 1775 3280 modum
1802 3253 2008 3290 Mummiam,
2034 3251 2127 3288 &Ty-

1255 3307 1347 3332 ranni
1368 3296 1590 3339 Metropolitae
1614 3296 1799 3337 Pelusiani,
1824 3299 1858 3331 ό*
1873 3299 1997 3331 aliorum
2009 3297 2126 3340 Episco-

1252 3359 1372 3392 porum.
1400 3347 1605 3393 QiCanon
1629 3346 1710 3381 adeo
1731 3347 1858 3380 strinxit
1882 3350 2016 3382 cunctos
2038 3347 2126 3384 istius

314 3411 407 3455 Regis
435 3415 487 3440 aut
501 3403 638 3448 Episcopi
645 3400 778 3446 confinsu
808 3403 875 3437 licet
885 3412 975 3436 novos
999 3401 1194 3446 Episcopatus
1257 3398 1412 3435 Dioecefis
1424 3398 1602 3442 Episcopos
1613 3421 1625 3438 ,
1652 3406 1688 3432 ut
1699 3406 1811 3433 omnes
1823 3397 1917 3434 fimul
1941 3399 1974 3432 in
1991 3395 2128 3444 Chalceq

1946 3447 2079 3485 donenfi
