2366 3756
324 156 411 205 >94
482 145 889 195 N1c0tn1

258 227 343 269 justa
354 231 445 262 datur
457 226 576 269 masto,
601 238 634 262 ut
662 228 834 263 matricibus
850 226 914 270 suis
938 224 1068 268 Ecclefiis
1089 226 1153 262 obe·

229 291 231 293 ’
266 281 413 311 dientiam
433 277 642 320 subtrabunt,
667 282 701 314 <5
727 288 788 311 non
808 283 850 310 eis
871 276 1005 322 legitima
1016 280 1154 311 Decima-

87 817 119 849 L·
133 826 250 854 1.c.91.

114 3419 153 3450 C·
177 3424 218 3451 1'0-

264 339 331 361 rum
354 326 469 360 tributa
486 329 663 372 persolvant
687 353 695 360 .
735 327 945 362 Graffabatur
969 338 1050 362 tunc
1076 338 1148 362 non

262 379 442 412 dumtaxat
463 378 565 413 Laica
586 377 787 412 Antistitum
809 378 998 413 investitura
1012 403 1024 420 ,
1051 378 1105 413 sed
1119 379 1153 413 δε

266 427 376 472 Regia
397 430 600 463 nominatio:
639 428 859 463 Ecclefiarum
881 428 1000 463 milites
1024 429 1153 472 insuper

259 477 400 520 ‘aderant
422 478 659 523 Episcoporum
679 477 903 514 electionibus.
930 479 1064 513 Horum
1092 479 1154 524 igi-

266 538 340 567 tur,
366 528 450 571 apud
473 529 660 573 Principem
681 530 853 572 praesertim
878 555 889 571 ,
926 530 1076 574 suffragia
1102 541 1155 564 ve-

265 577 426 613 nabantur
448 590 547 624 atque
568 579 721 615 emebant
742 579 908 614 ambitiosi
933 579 1081 620 Clerici,
1118 579 1152 614 ὃς

263 638 321 670 per
342 628 440 663 talem
463 631 647 664 Simoniam
671 631 771 665 creati
806 631 962 674 Episcopi
998 630 1152 675 sacrilega

262 677 323 712 ista
336 677 442 713 debita
454 691 506 724 per
518 679 609 716 datas
619 682 653 715 in
666 679 865 716 beneficium
878 680 1036 715 Decimas
1046 681 1152 715 exsol-

265 728 383 765 vebant
405 755 412 762 .
451 731 562 765 Etiam
584 732 625 766 de
638 731 760 766 Sclavis
782 731 1045 776 Aldenburgenfi
1075 729 1154 773 Epi·

263 780 363 823 scopo
399 780 556 816 Decimas
593 781 813 815 recusantibus
850 781 961 816 scribit
1001 780 1153 816 laudatus

263 828 436 874 Presbyter
459 831 687 866 Hemboldus:
720 834 882 873 Propterea
891 830 944 865 hoc
953 832 1130 872 adjecerant
1141 855 1152 872 ‚

256 891 322 916 vnon
343 882 467 916 multam
487 883 664 917 aberrantes
684 885 704 915 ἆ
716 887 864 924 veritate,
892 883 975 925 quod
991 892 1092 915 omnes
1103 888 1155 926 pe-

264 933 302 966 ne?
327 935 456 967 Decimae
477 939 509 966 in
533 935 622 966 luxus
640 931 830 976 saecularium
849 933 990 977 cesserant
1011 956 1021 964 .
1059 930 1153 966 Fide·

257 982 305 1017 Jis
325 985 464 1027 populus
486 984 504 1017 ἐ
523 983 702 1017 fundorum
723 984 756 1018 δε
780 983 935 1018 vultuum
956 983 1090 1017 suorum
1103 981 1154 1015 su-

262 1033 400 1068 doribus
421 1045 489 1067 non
511 1032 652 1077 amplius
673 1044 826 1077 pauperes
840 1058 852 1074 ,
878 1032 934 1068 sed
961 1032 1049 1067 solos
1075 1042 1151 1067 cum

261 1084 473 1118 eminentiori
494 1084 615 1124 Cler0‚
641 1083 837 1118 Simoniacis
864 1083 1016 1118 Ecclefiae
1038 1082 1154 1116 militi-

263 1133 323 1167 bus
342 1135 484 1179 gaudere
509 1158 521 1174 ‚
546 1133 615 1168 imo
635 1133 794 1168 luxuriari
818 1132 930 1168 videns
953 1131 1154 1178 Episcopos,

261 1184 418 1219 Decimas
443 1184 601 1219 retrahere
619 1185 806 1228 frequenter
828 1184 968 1218 tentavit
994 1209 1000 1215 .
1040 1181 1154 1216 Caroli

259 1233 408 1268 Martelli
430 1260 441 1276 ,
480 1235 537 1277 qui
558 1234 640 1278 ipsas
670 1237 806 1269 cunstas
825 1234 925 1268 etiam
947 1232 1153 1276 Reipublicae

262 1284 425 1318 militibus
445 1285 554 1319 divisit
574 1285 610 1318 in
637 1284 795 1328 stipendia
818 1308 829 1324 ‚
867 1284 1026 1328 violentia
1047 1282 1151 1317 hocce

256 1334 337 1368 item
358 1346 505 1378 tempore
517 1332 713 1379 grassabatur
726 1358 734 1364 .
762 1332 949 1366 Adversum
960 1332 1060 1365 hosce
1073 1332 1152 1365 abu—

257 1384 310 1416 sus
333 1385 444 1418 statuit
467 1395 508 1416 ex
530 1383 676 1425 antiquis
690 1382 827 1415 Pati-um
840 1381 979 1425 Regulis
989 1380 1151 1415 Nicolaus

256 1433 418 1468 secundus
439 1457 450 1474 ,
476 1442 513 1466 ut
539 1431 685 1467 Decimae
716 1455 727 1471 ,
752 1430 910 1465 Primitiae
936 1455 946 1470 ‚
974 1441 1011 1464 ac
1037 1439 1151 1464 omnes

256 1494 325 1518 tarn
348 1485 501 1517 vivorum
522 1483 620 1524 quam
643 1481 871 1513 defunctorum
892 1479 1078 1512 oblationes
1090 1480 1150 1511 smt

256 1534 291 1567 in
319 1533 477 1577 potestate
501 1529 681 1573 Episcopi,
707 1540 745 1562 ac
758 1527 910 1562 Ecclefiis
929 1527 995 1561 Dei
1012 1526 1150 1562 fideliter

257 1583 275 1617 ὲ
289 1582 400 1617 Laicis
413 1582 596 1616 solvantur.
625 1578 657 1613 A
670 1579 939 1618 Laicisinvasas,
964 1587 1021 1612 aut
1032 1577 1150 1621 quovis

256 1634 360 1669 modo
382 1634 534 1667 obtentas
557 1631 711 1664 Decimas
739 1628 809 1662 vult
831 1628 925 1662 reddi
945 1650 956 1666 ,
981 1637 1079 1671 atque
1103 1626 1148 1661 ita

256 1683 378 1719 auferri
402 1683 535 1720 ansam,
561 1690 602 1713 ex
625 1690 692 1722 quo
714 1677 821 1712 fidelis
843 1677 983 1722 populus
1009 1677 1150 1720 ipsarum

257 1733 459 1767 solutionem
480 1728 597 1764 merito
620 1727 837 1762 detrectabat.

307 1782 411 1817 Poaerox
433 1783 583 1816 vivorum
603 1778 790 1813 oblationes
814 1778 889 1812 sunt
914 1778 1002 1811 fastae
1024 1777 1059 1811 in
1088 1776 1150 1812 Ba-

257 1834 369 1878 ptismi
392 1857 403 1874 ‚
429 1829 642 1866 Matrimonii
671 1853 682 1869 ,
709 1838 765 1862 aut
787 1827 1019 1871 cujuscumque
1041 1827 1149 1861 Sacra-

258 1884 362 1918 menti
388 1882 438 1917 vel
472 1879 713 1916 benedictionis
738 1879 946 1921 perceptione
978 1878 1019 1911 ad
1052 1876 1150 1910 mini-

258 1934 388 1970 strantis
410 1932 535 1968 Clerici
560 1930 834 1965 sustentationem
845 1927 1059 1971 collationes3
1079 1928 1150 1962 De-

959 142 1352 189 Sncunnr

1422 141 1981 194 Posui-1015·

1213 230 1402 264 functorum
1423 239 1534 264 autem
1558 228 1745 264 oblationes
1769 228 1844 266 sunt
1868 231 1947 273 illa,
1967 229 2104 276 quaehoss

1210 279 1265 314 die
1291 280 1477 314 vocitantur
1497 279 1567 323 jura
1589 281 1750 314 funeralia
1764 305 1771 312 .
1798 281 2001 317 Haecomnia
2013 283 2104 318 obla-

1212 331 1346 364 tionum
1375 330 1515 364 nomine
1538 330 1703 365 contineri
1726 329 1844 366 definit
1869 333 1954 376 apud
1976 333 2104 379 Grego-
2120 347 2152 377 [ς
2181 358 2207 386 ς,
2235 351 2282 383 den

1212 379 1296 414 rium
1320 391 1449 414 nonum
1474 380 1651 415 Honorius
1674 382 1788 416 tertius
1813 406 1821 415 .
1848 381 1931 417 Sunt
1949 383 2105 427 antiquis·
2121 399 2167 423 40.
2270 377 2279 385 ”

1213 430 1289 463 sima
1309 431 1344 464 &
1365 431 1544 474 spontanea
1557 446 1571 472 ,-
1595 427 1735 476 ideoque
1756 431 1800 466 ab
1824 431 1918 467 omni
1949 433 2105 467 Simoniae
2120 430 2212 466 029·
2226 440 2279 469 31-

1212 490 1268 514 aut
1284 479 1360 514 faedi
1378 480 1514 524 quaestus
1533 481 1616 516 vitio
1630 480 1754 516 munda
1775 481 1887 526 populi
1909 482 1945 516 in
1967 482 2105 517 Clerum

1213 531 1337 574 pietas,
1363 530 1405 564 de
1427 541 1490 576 qua
1512 531 1548 565 in
1574 532 1690 566 litteri's
1714 531 1754 566 ad
1778 532 1954 568 Aurelium
1970 531 2108 568 Cartha-

1213 581 1382 625 ginensem
1405 579 1699 627 Archiepiscopum
1722 583 1845 626 scripfit
1868 581 2004 617 sanctus
2035 583 2107 618 Au·

1213 630 1386 675 gustinus:
1425 631 1599 665 Oblationes
1619 642 1675 675 pro
1684 632 1848 676 spiritibus
1871 635 2106 675 dormientium,
2127 626 2212 665 Epist·
2244 633 2282 660 68

1212 691 1289 723 quas
1313 681 1385 714 vere*
1404 683 1523 724 aliquid
1544 683 1698 725 adiuvare
1720 684 1900 717 credendum
1917 683 1956 724 est
1976 706 1991 724 ,
2012 683 2105 727 super·

1212 729 1292 774 ipsas
1313 731 1484 765 Sanfforum
1506 735 1670 772 Martyrum
1692 739 1849 767 memorlas
1872 732 2106 775 nonfintsirmp-

1212 779 1325 824 tuosae‚
1351 789 1441 825 atque
1462 783 1597 817 omnibus
1615 785 1790 826 petentibus
1809 783 1872 825 fine
1901 782 2106 825 rypbvocum

1212 833 1366 865 alacritate
1374 833 1588 874 praebeamur,
1612 845 1702 877 neque
1712 835 1907 869 vendantur.
1938 834 2000 867 sed
1999 831 2029 874 fi
2036 838 2106 878 quis

1208 890 1266 925 pro
1288 883 1440 927 Religione
1462 884 1581 927 aliquid
1594 890 1726 926 pecuniae
1757 885 1858 927 offerre
1891 884 2037 925 voluerit,
2070 889 2104 917 in

1208 930 1352 976 praesentt
1371 934 1552 976 pauperibus
1576 945 1720 979 erogetur.
1745 935 1783 970 In
1797 935 2028 970 defunstorum
2041 934 2105 967 suf-

1213 984 1326 1028 fragiis
1352 985 1513 1026 permittit
1533 983 1658 1029 aliquid
1679 986 1698 1019 a
1722 985 1821 1025 Clero
1855 985 1962 1027 accipi
1984 1009 1996 1025 ,
2033 981 2103 1017 imo

1212 1031 1246 1066 &
1268 1055 1279 1072 ‚
1310 1033 1369 1067 nili
1392 1034 1501 1069 statim
1522 1035 1617 1069 detur
1639 1036 1833 1079 pauperibus
1851 1059 1862 1075 ‚
1883 1034 2038 1074 retineri,
2063 1044 2103 1068 ea

1213 1092 1323 1117 tamen
1349 1093 1437 1118 vetat
1460 1085 1582 1124 vendi,
1606 1087 1658 1119 scu
1681 1086 1809 1129 aliquid
1833 1097 1890 1130 pro
1909 1084 1976 1119 illis
1995 1083 2104 1128 postu-

1214 1131 1290 1167 larI.
1320 1133 1456 1167 Etenim
1478 1144 1527 1168 uti
1539 1135 1754 1178 spontaneam
1774 1136 1979 1170 oblationem
1991 1133 2102 1178 passim

1215 1182 1449 1224 indulserunt,
1484 1184 1530 1219 ita
1553 1195 1688 1219 omnem
1708 1187 1916 1221 exaffionem
1938 1184 2049 1218 Patres
2067 1183 2103 1216 δε

1219 1233 1377 1267 Canones
1398 1235 1521 1278 semper
1537 1234 1792 1269 damnaverunt.
1819 1238 1903 1269 Haec
1916 1235 2017 1268 sciens
2027 1233 2105 1267 fide·

1219 1283 1258 1316 lis
1277 1282 1374 1326 hujus
1394 1284 1552 1327 praesentis
1575 1285 1704 1329 Synodi
1724 1295 1871 1329 tempore
1885 1282 2026 1328 populus
2037 1291 2105 1316 erat

1218 1333 1254 1365 in
1278 1333 1415 1366 Clerum
1434 1345 1476 1366 ex
1495 1334 1560 1374 jam
1583 1336 1677 1367 dictis
1697 1336 1798 1369 caufis
1816 1345 1915 1369 tenax
1928 1334 1963 1367 δε
1975 1333 2102 1366 lentus.

1221 1380 1314 1413 Hinc
1335 1381 1431 1414 illum
1451 1381 1554 1414 officii
1574 1381 1731 1416 admonet
1752 1383 1895 1423 Canon,
1926 1382 2104 1424 statuitque

1218 1429 1308 1473 quod
1331 1430 1441 1473 postea
1459 1432 1560 1465 etiam
1577 1430 1690 1466 statuit
1714 1432 1901 1467 Cardinalis
1924 1432 2035 1467 Gualo
2046 1431 2106 1466 Pa·

1218 1477 1335 1511 schalis
1347 1480 1479 1512 secundi
1491 1490 1546 1521 per
1561 1480 1704 1514 Galliam
1715 1482 1861 1526 Legatus
1874 1495 1885 1514 .·
1909 1481 2104 1514 Probtbemus

1212 1523 1271 1569 sub
1292 1532 1596 1561 excommunicatione
1614 1552 1625 1569 ,
1647 1539 1684 1561 ne
1704 1531 1875 1563 sacerdotes
1898 1530 1952 1562 vel
1972 1532 2102 1571 Clerici,

1216 1574 1351 1616 occafione
1373 1575 1498 1618 alicujus
1525 1577 1744 1621 consuetudinis
1756 1603 1768 1620 ,
1785 1588 1844 1621 pro
1854 1578 2033 1622 Baptifhro,
2051 1582 2101 1614 Se-

1210 1628 1360 1668 pultura,
1381 1627 1611 1670 Benedifflone,
1635 1628 1760 1672 aliisque
1781 1632 1980 1664 sacramentis
1999 1631 2102 1665 Eccle-

1208 1674 1329 1718 fiasttcts
1351 1677 1469 1718 aliquid
1485 1683 1599 1721 engere
1620 1679 1672 1711 vel
1702 1687 1874 1722 extorquere
1890 1678 2100 1722 praeficmant,

1210 1723 1269 1768 sed
1290 1736 1326 1759 ea
1353 1725 1510 1759 liberaliter
1533 1729 1568 1761 &³
1582 1726 1646 1768 fine
1664 1730 1837 1770 difficultate
1851 1729 1993 1769 studeant
2003 1734 2102 1763 Cano-

1215 1777 1279 1809 nice'
1302 1774 1488 1814 mt‘mstrare.
1513 1780 1692 1811 Moneantur
1710 1787 1812 1812 tamen
1824 1783 1912 1811 Latet
1923 1780 2100 1821 diligenter,

1216 1837 1252 1858 ne
1269 1827 1350 1867 quod
1356 1834 1414 1867 pro
1424 1833 1592 1860 reverentia
1605 1830 1866 1862 Sacramentorum
1892 1829 2009 1862 devotio
2024 1828 2103 1870 fide·

1214 1876 1286 1908 lium
1309 1877 1499 1916 introduxit,
1519 1888 1558 1912 ex
1578 1882 1716 1912 avaritia
1729 1881 1823 1913 velint
1844 1878 2033 1921 aliquatenus
2054 1889 2102 1913 re-

1215 1937 1321 1960 vocare
1333 1951 1341 1959 .

1130 2052 1300 2059 u————

566 2137 1483 2219 CANON
1652 2139 1817 2225 VI.

404 2326 445 2375 T
482 2340 559 2391 per
595 2323 755 2370 Laicos
792 2320 913 2368 nullo
948 2316 1310 2385 modo—quilibet
1345 2319 1547 2369 Clericus
1583 2335 1660 2369 aut
1696 2319 1938 2388 Presbyter
1983 2322 2103 2373 obti-

440 2409 541 2445 neat
578 2391 838 2453 Ecclesiam,
874 2406 954 2438 nec
989 2390 1149 2452 gratis,
1186 2403 1268 2438 nec
1304 2392 1482 2456 pretio.

424 2574 920 2619 ScuoLlou.

313 2682 368 2717 Us
393 2681 590 2715 patronatus
608 2701 619 2717 ,
644 2675 860 2710 Ecclefiarum
884 2672 943 2707 sub
970 2671 1078 2706 Laicis
1101 2673 1158 2706 ser-

339 2734 496 2771 vitutem,
520 2728 649 2772 antiqui
673 2726 783 2760 Patres
807 2724 1010 2759 &Canones
1021 2722 1160 2756 omnino

338 2784 588 2826 ignoraverunt.
617 2777 694 2819 Ejus
708 2776 810 2818 prima
826 2774 1011 2808 rudimenta
1032 2773 1160 2806 videtur

275 2836 312 2869 in
324 2834 427 2877 prima
440 2832 493 2863 sua
502 2828 671 2872 Apologia
684 2827 860 2870 agnoscere
872 2825 1005 2858 Sanctus
1018 2822 1162 2858 Athana-

277 2886 363 2922 sius,
388 2878 587 2915 Constantio
609 2874 800 2918 Imperatori
821 2876 940 2908 factam
963 2873 981 2905 a
1003 2872 1079 2906 sein
1095 2884 1163 2907 nec-

278 2935 359 2969 dum
380 2931 567 2965 consecrata
589 2925 726 2960 Basilica
742 2925 893 2968 synaxim
909 2924 1138 2966 improperanti
1153 2947 1163 2962 ,

280 2981 500 3026 respondens:
524 2983 597 3011 Non
618 2983 807 3011 encoeniorum
810 2973 920 3017 festum
932 2972 1140 3006 celebravimus
1154 2997 1164 3012 ,

282 3029 481 3076 Religiofiffime
505 3027 647 3072 Auguste,
674 3028 708 3059 id
730 3032 808 3059 enim
827 3024 972 3057 celebrare
994 3033 1063 3056 ante
1085 3033 1165 3056 tuum

284 3088 440 3118 Decretum
454 3077 556 3121 fuisset
576 3078 702 3121 prorsas
735 3075 913 3118 nefarium.
953 3073 1037 3107 Eam
1077 3073 1166 3106 Con-

283 3134 394 3170 stantii
421 3128 568 3173 impensis
591 3124 762 3170 perfecerat
787 3124 1005 3163 Athanasius,
1028 3123 1166 3166 ideoque

285 3186 353 3217 fine
374 3181 441 3225 ejus
462 3179 619 3214 consensu
644 3177 771 3210 admisit
794 3186 862 3209 non
885 3174 1023 3218 potuisle
1043 3174 1166 3208 dedica-

286 3235 331 3270 ri.
358 3233 489 3270 Prima,
516 3229 556 3262 ad
578 3227 686 3261 Sanffi
711 3227 833 3259 Leonis
855 3224 1109 3268 Magniannum
1125 3226 1163 3258 se-

287 3283 434 3318 cundum
458 3279 592 3317 habita,
618 3275 811 3310 Arausicana
833 3275 986 3318 Synodus
997 3274 1168 3319 distinguit

290 3334 428 3369 Laicum
450 3330 484 3364 &
507 3326 768 3362 Ecclefiasticum
792 3324 931 3358 ssafilicae
943 3324 1168 3358 aedificatorem

291 3386 342 3418 seu
367 3384 569 3417 patronum:
599 3378 632 3411 A
657 3376 759 3409 Laico
770 3374 904 3408 mandat
916 3374 955 3408 ad
967 3375 1033 3417 ejus
1048 3375 1167 3408 dedica·

293 3434 419 3468 tionem
457 3442 526 3466 non
561 3426 712 3464 advocari
748 3425 894 3461 alienum
943 3425 1142 3470 Episcopum
1163 3450 1169 3457 .

1216 2520 1320 2568 Qod
1333 2521 1449 2566 nempe
1460 2523 1554 2558 antea
1564 2523 1698 2565 quidam
1711 2522 1744 2558 id
1756 2525 1966 2559 attentassent
1981 2549 1988 2557 .
2010 2524 2103 2560 Alie-

1217 2573 1302 2606 nain
1319 2571 1478 2606 Parochia
1488 2573 1530 2608 ab
1542 2573 1727 2617 Episcopo,
1755 2574 1831 2607 licet
1852 2585 1922 2608 non
1946 2585 2005 2617 pro
2024 2586 2099 2618 pro-

1217 2623 1287 2665 prio
1307 2623 1402 2656 fundi
1429 2625 1588 2668 negotio,
1609 2622 1662 2657 sed
1677 2634 1734 2666 pro
1745 2622 1876 2666 publica
1888 2625 2002 2667 populi
2014 2626 2103 2659 utili-

1217 2680 1282 2706 tate
1291 2673 1483 2706 aedificatam
1495 2673 1665 2708 Basilicam
1677 2673 1780 2707 sancit
1799 2673 1898 2717 pleno
1908 2674 1977 2717 jure
1989 2687 2102 2720 regen-

1217 2721 1292 2756 dam
1306 2723 1323 2755 ὲ
1337 2723 1401 2757 1οεί
1416 2723 1577 2758 Antistite
1587 2749 1598 2764 ,
1617 2723 1685 2766 ejus
1696 2732 1805 2757 tamen
1818 2723 1966 2758 Clericos
1975 2725 2017 2759 ab
2027 2726 2104 2760 aedi-

1218 2772 1350 2806 ficatore
1373 2773 1532 2817 permittit
1551 2773 1647 2819 eligi,
1670 2774 1721 2806 seu
1744 2774 1925 2816 praesentari
1950 2800 1958 2807 .
1980 2775 2012 2809 A
2033 2775 2102 2810 loci

1221 2820 1381 2857 Antistite
1405 2823 1537 2858 mandat
1559 2823 1619 2858 hos
1644 2824 1823 2857 consecrari
1844 2835 1943 2867 atque
1955 2825 2101 2860 institui.

1222 2873 1322 2907 Hanc
1350 2874 1544 2908 electionem
1568 2885 1637 2907 non
1659 2873 1786 2914 Laico,
1811 2885 1867 2908 aut
1887 2874 1992 2909 cuivis
2003 2875 2106 2911 Cleri·

1221 2934 1283 2964 co,
1305 2924 1356 2957 sed
1376 2925 1435 2958 soli
1458 2925 1602 2958 Patrono
1623 2924 1786 2967 Episcopo
1806 2925 1989 2967 permittit,
2009 2924 2099 2969 quo‘d

1223 2973 1248 3008 is
1271 2985 1311 3007 ex
1333 2976 1446 3009 officio
1468 2973 1595 3009 noverit
1616 2973 1760 3017 Regulas
1780 2974 2102 3010 istiusmodielectio-

1227 3024 1288 3059 nis.
1314 3025 1415 3058 Hanc
1428 3035 1535 3060 tamen
1547 3024 1738 3067 potestatem
1751 3024 1861 3058 Laicis
1874 3024 1981 3067 postea
1992 3025 2102 3059 indul-

1225 3075 1261 3108 fit
1281 3086 1392 3118 quarta
1405 3074 1557 3119 Synodus
1571 3074 1813 3108 Aurelianensis
1824 3095 1832 3105 ·
1858 3076 1992 3109 Etenim
2009 3076 2103 3117 septi-

1225 3134 1293 3158 mus
1304 3125 1424 3159 Canon
1435 3124 1522 3168 jubet
1534 3149 1545 3165 ,
1577 3135 1611 3158 ut
1623 3123 1814 3167 praediorum
1826 3125 1969 3159 Domini
1983 3125 2102 3158 Orato-

1226 3175 1279 3209 riis
1291 3176 1343 3209 seu
1357 3175 1383 3210 R
1392 3175 1544 3210 usticanis
1556 3174 1677 3208 ibidem
1689 3175 1838 3209 Ecclefiis
1847 3183 1961 3209 contra
1973 3173 2103 3216 Episco-

1228 3226 1257 3268 pi
1268 3227 1471 3260 voluntatem
1484 3237 1551 3259 non
1564 3224 1732 3259 intrudant
1745 3225 1929 3269 peregrinos
1939 3222 2104 3265 Clericos,

1230 3276 1283 3309 nifi
1293 3276 1398 3309 forsan
1413 3287 1495 3319 quos
1511 3275 1689 3318 Episcopus
1701 3275 1843 3319 probarit
1855 3298 1863 3306 .
1885 3271 1960 3315 Ipfis
1973 3274 2107 3316 permit-

1229 3326 1269 3359 tit
1280 3326 1380 3359 solam
1395 3327 1694 3369 praesentationem.
1718 3324 1787 3357 Hic
1809 3323 1854 3357 est
1876 3323 1995 3357 Canon
2009 3323 2107 3367 trige-

1232 3377 1324 3410 fimus
1356 3377 1493 3410 tertius:
1535 3377 1565 3408 51'
1589 3380 1654 3416 quis
1675 3380 1709 3406 in
1731 3385 1800 3417 agro
1818 3370 1872 3414 suo
1905 3382 1958 3406 aut
1991 3371 2105 3413 habet,

1231 3434 1282 3460 aut
1297 3425 1425 3470 postulat
1444 3425 1552 3461 babere
1577 3424 1722 3467 Dr'oecefim
1742 3448 1755 3467 ,
1784 3422 1819 3458 id
1840 3422 1908 3465 est,
1936 3422 2109 3457 Parochia«

1993 3473 2058 3507 lem
