2366 3756
96 727 143 761 ΕΡ·
161 733 206 758 77·

89 1073 139 1110 Ep.
154 1074 218 1108 189.

91 1379 150 1415 Ep.
165 1386 229 1412 ¹90·

102 2330 150 2367 ijp.
169 2336 233 2365 293.

926 138 1413 197 'DICTA’rua

264 223 392 260 omiffio
403 220 588 255 relationis.
611 219 700 253 Vide
713 219 781 262 ejus
792 218 911 252 litteras
922 217 962 251 ad
977 217 1148 251 Aurelium

261 276 295 308 ὅ(
310 274 391 307 alios
403 281 543 315 quatuor
567 270 747 314 Episcopos
773 269 951 302 Africanos
964 294 971 300 .
999 268 1044 300 Et
1071 267 1150 301 San-

262 326 350 358 &um
374 322 566 356 Flavianum
592 319 1002 360 Constantinopolitanurn
1019 317 1149 360 Episco-

263 385 341 418 pum
355 398 368 414 ,
394 372 484 417 quod
498 373 592 406 suum
602 370 643 404 de
654 368 849 411 Eutychetis
859 366 1042 410 Presbyteri
1061 367 1150 410 lapsu

262 436 302 458 ac
312 423 523 458 damnatione
545 419 709 464 Synodale
721 418 880 461 judicium
893 429 963 451 non
976 417 1085 450 statim
1107 429 1150 450 re-

263 475 386 510 tulisset
397 497 407 513 ,
434 471 552 508 merito
564 471 694 504 Sansius
708 468 780 503 Leo
790 468 935 512 Magnus
947 467 1126 511 increpavit
1140 490 1150 506 ,

263 524 456 569 indignatus
494 521 580 555 istud
603 520 659 555 sibi
683 531 725 553 ex
749 518 895 552 damnati
931 517 1151 560 appellatione

264 574 353 617 prius
380 573 557 607 innotuisse
576 581 595 609 ν
624 569 704 613 Ejus
726 569 804 602 item
825 569 1044 601 Successorem
1065 567 1151 601 Ana-

265 625 405 663 tolium,
431 620 523 666 quod
548 619 699 664 Atticum
724 616 955 661 Presbyterum
971 618 1086 657 suum,
1112 614 1152 649 de

265 671 479 717 Eutychiana
507 672 592 715 lepra
617 669 794 713 suspectum
816 693 827 708 ,
865 667 1056 711 tempestive
1083 677 1151 700 non

265 724 447 764 retulisset,
469 722 556 756 idem
584 719 741 754 Pontifex
767 717 946 760 increpavit
968 742 975 749 .
1004 717 1058 750 Ex
1086 715 1154 759 qui-

267 773 327 807 bus
349 773 440 807 vides
466 782 535 806 non
559 769 666 804 solum
686 767 916 803 Haerefiarchas
940 792 951 807 ,
986 768 1022 801 δε
1049 776 1153 800 novos

266 834 306 858 ac
330 821 479 857 nondum
501 822 671 855 damnatos
695 819 858 859 Errones,
885 817 940 851 sed
965 819 1063 851 etiarn
1089 815 1153 859 jam

267 872 500 913 damnatorum
527 873 675 915 sequaces
701 869 849 903 Clericos
876 867 969 901 fuisse
1006 868 1152 901 Romam

266 921 452 957 referendos
467 944 474 952 .
503 921 547 954 Et
572 918 651 954 hinc
672 919 825 954 adversus
848 917 980 952 Petrum
1002 915 1154 951 Abaelar-

271 971 351 1006 dum
364 996 375 1012 ,
399 971 419 1003 a
440 971 617 1004 Senonensi
639 969 778 1013 Synodo
799 967 1017 1010 appellantem
1032 965 1071 999 ad
1087 964 1156 997 Ro-

267 1031 406 1055 manum
433 1020 630 1053 Pontificem
648 1044 661 1059 ,
683 1030 752 1052 non
779 1016 859 1050 recte
877 1016 999 1057 scripsit
1020 1015 1156 1048 Sanstus

266 1070 469 1106 Bernardus:
497 1068 671 1110 Appellaiiit
686 1067 725 1100 ab
737 1066 849 1098 Elei‘its
864 1064 1054 1110 judicibus,
1079 1064 1155 1106 quod

265 1130 413 1165 putamus
434 1130 491 1152 non
504 1120 588 1152 licere
601 1143 608 1150 .
638 1115 692 1151 Ab
705 1117 891 1150 Elestorum
900 1115 991 1149 enim
1003 1114 1156 1155 Indicum

270 1169 497 1214 inappellabili
519 1167 710 1202 auctoritate
732 1164 924 1199 eximuntur
958 1163 1037 1196 fidei
1073 1175 1155 1207 quae-

270 1221 394 1256 stiones
406 1244 417 1260 ,
443 1230 512 1261 quae
532 1229 601 1251 non
614 1215 720 1250 solum
734 1226 789 1257 per
802 1213 1055 1258 appellationem
1067 1238 1077 1253 ,
1104 1212 1158 1246 sed

268 1272 304 1305 δε
329 1281 382 1312 per
408 1269 602 1301 relationem
627 1266 670 1299 ad
696 1264 813 1298 Sedem
849 1263 1081 1307 Apostolicam
1106 1263 1159 1296 de·

266 1320 349 1354 bent
371 1320 498 1361 semper
521 1315 652 1350 devolvi
675 1326 713 1350 ac
735 1314 887 1358 suspendi
901 1340 909 1347 .
939 1314 983 1348 Et
1002 1311 1082 1346 hinc
1096 1313 1159 1346 lau-

269 1369 344 1404 data
377 1365 531 1411 synodus
554 1366 675 1401 disiam
702 1364 958 1408 appellationem
984 1368 1160 1398 reverentia*

270 1418 358 1461 causti
368 1417 502 1452 tandem
513 1416 660 1450 admisit.
688 1413 845 1449 Attamen
858 1415 954 1448 causa
966 1412 1057 1455 haec,
1083 1413 1162 1447 dum

271 1470 406 1513 quidem
429 1467 553 1511 liquida
564 1466 628 1506 est,
657 1476 727 1499 non
738 1465 797 1498 nisi
819 1464 889 1508 post
910 1462 1165 1507 Episcopaleju·

268 1519 397 1553 dicium
420 1516 518 1552 debet
541 1516 650 1551 referri
664 1539 671 1547 .
697 1515 748 1549 lta
769 1515 862 1548 enim
886 1513 929 1547 de
948 1513 1071 1547 cunetis
1095 1522 1163 1550 ma-

269 1569 393 1614 joribus
414 1567 456 1602 ad
480 1567 675 1601 victricium
699 1563 1006 1608 Rothomagensem
1030 1563 1164 1604 Episco-

270 1629 351 1662 pum
371 1617 586 1652 Innocentius
610 1616 734 1659 primus
752 1625 791 1648 ex
820 1614 960 1647 Nicaeno
981 1609 1164 1646 Canone&

268 1667 365 1701 beata
379 1667 595 1699 Ecclesiarum
606 1662 847 1697 consuetudine
859 1660 1011 1703 rescripsit
1021 1685 1029 1692 .
1059 1658 1162 1704 Qod

247 1714 424 1758 “intelligo
450 1712 492 1748 de
517 1710 768 1752 damnationis,
793 1720 862 1745 non
881 1709 922 1746 de
948 1707 1164 1749 absolutionis

274 1765 419 1808 judicio.
449 1762 693 1806 Cuiuscumque
706 1759 796 1796 enim
818 1760 974 1796 Haeretici
999 1760 1163 1796 absolutio

275 1817 400 1858 semper
411 1813 474 1848 fuit
486 1812 688 1858 Apostolicae
703 1811 780 1850 Sed}
793 1813 947 1850 reservata
963 1838 970 1846 .
997 1812 1070 1849 Nec
1094 1821 1165 1847 tan-

272 1864 345 1899 tum
358 1866 392 1899 in
405 1864 615 1899 Occidentali
627 1865 767 1900 Ecclesia
780 1888 792 1906 ,
818 1865 870 1899 sed
885 1866 983 1899 etiarn
999 1864 1033 1899 in
1045 1863 1164 1900 Orien—

273 1915 329 1948 tali
344 1940 350 1947 .
379 1915 474 1948 Hinc
496 1915 585 1949 enim
606 1927 647 1950 ex
670 1914 812 1949 Asiatica
839 1915 997 1948 praxeam
1022 1937 1032 1953 ,
1058 1915 1093 1947 δε
1118 1925 1160 1947 ex

273 1965 413 1999 Pontica
427 1965 566 1999 Dioecefi
576 1965 786 2000 Marcionem
799 1964 892 1998 fuisse
904 1975 963 2007 pro
985 1962 1165 1997 absolutio-

272 2015 324 2048 nis
335 2014 442 2059 gratia
461 2015 606 2049 Romam
618 2016 780 2058 profestos
800 2014 959 2049 testantur
982 2011 1159 2046 Tertullia-

271 2075 333 2098 nus
344 2064 378 2098 &
389 2064 523 2098 Sanstus
537 2063 745 2108 Epiphanius
759 2088 766 2095 .
794 2063 879 2098 Eam
891 2063 984 2098 nulla
1009 2060 1162 2104 Synodus

270 2115 338 2148 sine
353 2116 467 2157 praevia
482 2115 642 2147 relatione
652 2121 810 2146 attentare
822 2117 948 2154 poterat
963 2133 972 2143 .
996 2109 1102 2156 Qiod
1117 2108 1163 2142 est

271 2164 352 2197 alibi
362 2162 592 2196 elucidandum
606 2189 613 2195 .

322 2212 469 2246 Secunda
481 2212 611 2256 gravior
621 2211 714 2244 causa
726 2211 801 2244 sunt
823 2209 960 2254 negotia
987 2209 1162 2253 speslantia

272 2261 311 2296 ad
324 2261 513 2306 generalem
525 2261 676 2296 Ecclesiae
685 2260 893 2303 disciplinam
906 2284 917 2300 ,
942 2259 1065 2294 statum
1075 2282 1085 2298 ‚
1106 2269 1164 2292 aut

271 2323 383 2355 pacem
396 2336 404 2343 .
430 2311 526 2345 Hinc
536 2311 625 2345 enim
638 2309 795 2353 quosdam
820 2309 967 2353 AEgypti
995 2309 1082 2352 apud
1106 2308 1164 2342 Pa-

272 2361 399 2395 laestinae
410 2361 648 2395 Diocaesaream
663 2360 834 2394 exulantes
854 2360 1063 2394 confessores
1089 2359 1164 2401 Epi-

274 2460 452 2506 posuissent
463 2485 474 2502 ,
487 2460 578 2504 supra
590 2461 697 2505 arguit
714 2459 861 2503 Magnus
871 2459 1025 2492 Basilius.
1058 2458 1163 2492 Nem-

274 2510 364 2554 pede
373 2510 712 2554 MarcelliAncyrani
726 2509 905 2553 Episcopi,
933 2519 1005 2551 quae
1027 2519 1162 2543 omnem

274 2572 352 2594 tunc
366 2560 517 2596 movebat
531 2560 708 2594 Ecclesiam
721 2584 732 2600 ‚
758 2559 851 2593 causa
863 2559 973 2593 nescio
993 2557 1074 2602 quid
1103 2557 1164 2591 ssa·

275 2620 405 2643 ruerant
415 2634 427 2650 ,
453 2622 513 2644 nec
524 2610 700 2645 retu-lerant
713 2609 754 2643 ad
766 2610 955 2642 Romanam
967 2608 1084 2642 Sedem
1099 2633 1106 2640 .
1119 2609 1162 2643 Et

275 2658 799 2702 NectariiConstantinopolitani
820 2658 977 2702 Episcopi
1001 2657 1118 2692 fastam
1143 2658 1160 2691 a

275 2712 382 2753 prima
403 2709 526 2744 ibidem
538 2707 676 2752 Synodo
687 2708 934 2742 ordinationem
947 2718 988 2741 ex
1001 2708 1162 2742 Romanae

275 2757 446 2793 relationis
455 2759 580 2794 defectu
594 2760 686 2793 fuisse
698 2757 854 2792 caducam
865 2767 962 2801 atque
976 2757 1141 2791 infirmam
1149 2781 1159 2797 ,

275 2808 384 2843 statim
394 2807 714 2843 audiemusaSancto
737 2807 913 2842 Bonifacio
938 2806 1046 2850 primo
1076 2806 1161 2842 Pon-

276 2858 383 2897 tifice,
408 2858 585 2902 &Magno
603 2857 797 2902 Imperatore
820 2857 1030 2891 Theodosio.
1058 2858 1162 2893 Nem-

277 2909 316 2952 pe
350 2907 384 2942 &
408 2920 449 2942 ex
470 2909 537 2951 ipsa
559 2906 717 2950 pendebat
742 2919 803 2952 pax
826 2907 1054 2942 Ecclesiasticae
1078 2909 1162 2942 inter

276 2958 452 2993 Orientem
490 2959 524 2991 ἀ
561 2957 778 2992 Occidentem
804 2957 1051 2992 communionis
1072 2983 1079 2990 .
1118 2958 1162 2991 Et

278 3006 572 3052 Carthaginensem
593 3005 834 3043 Proconsularis
855 3008 1036 3042 Provinciae
1059 3008 1163 3051 Syno-

278 3058 358 3092 dum
373 3082 384 3097 ‚
410 3057 501 3100 quod
521 3059 614 3091 suum
638 3056 677 3090 de
690 3056 867 3104 Pelagiano
881 3069 986 3092 errore
1001 3057 1160 3102 judicium

279 3106 435 3152 retulisset
448 3131 459 3146 ‚
486 3105 620 3141 laudans
644 3106 855 3143 Innocentius
878 3109 998 3151 primus
1011 3106 1137 3142 addidit
1150 3122 1160 3140 .-

279 3162 340 3191 Pcr
360 3157 482 3191 cunc‘las
503 3165 652 3190 terrarum
675 3156 754 3190 orbis
780 3160 920 3200 Ecclesias
942 3158 1075 3191 omnibus
1102 3159 1162 3192 und

279 3209 359 3250 quod
372 3206 462 3250 profit
486 3230 497 3247 ‚
519 3207 731 3241 decernendum
752 3208 803 3250 effi.¹
823 3208 977 3253 deposcitis
1001 3234 1008 3240 .
1041 3208 1084 3243 Et
1119 3207 1159 3243 ad

113 3276 261 3315 (amum,
279 3258 513 3292 Milevitanam
535 3257 955 3300 Byzacenae(a)1>mvinciae
966 3258 1136 3303 Synodum
1150 3271 1160 3291 .-

112 3317 182 3346 dix.

282 3310 395 3341 Retulit
419 3306 543 3341 Dilec‘lio
565 3306 662 3347 vestra
687 3333 697 3348 ‚
724 3309 803 3349 quod
815 3318 873 3351 per
905 3319 998 3344 totum
1019 3310 1162 3343 mundum

273 2413 411 2454 scopos,
436 2410 526 2455 quod
538 2413 699 2446 sermones
710 2409 785 2444 suos
795 2409 831 2443 in
864 2409 988 2452 judicio
1013 2420 1083 2443 non

111 3361 185 3405 ψὴν.
210 3361 260 3387 No-
277 3360 357 3402 ppffit
382 3357 515 3391 omnibus
541 3356 673 3398 Ecclcfiis
700 3361 733 3390 in
757 3369 906 3395 commune
921 3361 1071 3404 prodeffe.
1094 3357 1158 3395 Ad·

109 3408 146 3426 rba'
157 3419 163 3426 ·

383 3411 407 3443 C
411 3406 484 3449 brist.
489 3411 568 3452 Lupi
579 3410 742 3451 Oper.Tom
747 3411 781 3441 V.

1197 1233 1210 1855 l

1930 152 2025 196 339

1210 219 1316 252 firmat
1336 218 1463 261 quasvis
1487 218 1637 263 generale
1658 218 1804 252 Ecclefiae
1817 217 2090 265 bonum'tangen-

1211 279 1256 302 tes
1280 270 1389 302 causas
1413 271 1474 302 esse
1496 268 1536 302 ad
1575 268 1799 312 Apostolicam
1835 267 1947 302 Sedem
1973 273 1991 302 a
2014 281 2090 312 qua-

1212 319 1259 351 vis
1278 318 1416 362 Synodo
1438 320 1632 352 referendas.
1662 319 1892 362 Adjungite1Te
1905 330 2090 362 perpetuam

1213 368 1429 402 Ecclefiarum
1448 369 1719 403 consuetudinem
1735 395 1743 402 .
1775 368 1826 401 Ex
1854 369 1971 402 eodem
1996 369 2091 402 fonte

1213 430 1282 452 non
1303 419 1472 452 dumtaxat
1495 420 1570 452 fidei
1595 420 1793 458 Decretum,
1821 420 1873 453 sed
1898 421 1931 452 ὃς
1952 419 2092 462 discipli-

1214 479 1260 500 nae
1293 469 1445 502 Canones
1479 468 1593 502 referre
1625 470 1746 511 semper
1779 469 1960 503 debuerunt
1991 470 2091 502 etiam

1213 517 1420 552 OEcumenica
1442 517 1614 552 Concilia.
1646 519 1739 552 Hinc
1758 520 1847 552 enim
1867 519 2012 553 adversus
2031 529 2092 552 ter-

1215 568 1297 601 tium
1319 592 1330 608 ,
1357 569 1408 602 cui
1425 569 1517 602 suum
1541 569 1730 612 vigesimum
1752 570 1901 603 octavum
1926 569 2092 611 superaedi-

1214 617 1326 651 ficarat
1349 616 1622 652 Chalcedonensis
1643 618 1796 661 synodus
1817 644 1827 659 ‚
1855 619 2093 653 Constantino·

1216 667 1368 710 politanae
1388 668 1514 711 Synodi
1527 669 1700 702 Canonem
1711 669 1832 711 scripsit
1843 667 1883 702 ad
1894 667 2093 704 Anatolium

1215 717 1517 764 ejusdemsscivitatis
1540 718 1737 761 Episcopum
1750 719 1896 763 Magnus
1906 720 1974 754 Leo
1988 733 1998 752 :
2022 723 2094 753 Per-

1211 765 1337 810 suafioni
1357 776 1418 800 tuae
1441 772 1472 799 in
1494 767 1573 800 nullo
1601 774 1718 808 penitus
1745 766 1928 811 suffragatur
1961 781 2094 811 quorum-

1217 818 1289 850 dam
1313 815 1523 860 Epist-oporam
1545 825 1613 851 ante
1629 815 1791 860 sexaginta
1809 829 1902 850 annos
1918 818 2010 858 fadla
2026 818 2096 862 sub-

1212 864 1336 909 scriptio
1359 891 1370 908 ,
1405 878 1622 911 numquamque
1641 869 1661 899 ᾶ
1692 866 1949 911 Praedeeefforibus
1972 874 2032 901 tuis
2052 869 2097 901 ad

1220 917 1380 959 Apostolicae
1402 920 1486 952 Sedis
1527 916 1692 961 transmissa
1715 923 1826 951 notitia
1847 941 1858 957 ,
1887 918 1990 952 cumb
2010 923 2096 951 initio

1213 965 1262 1009 sui
1281 969 1397 1001 caducae
1409 994 1420 1010 ,
1441 969 1609 1011 dudumque
1618 967 1776 1011 collapsae,
1796 966 1866 1012 sera
1879 971 1996 1002 nunc&
2010 973 2099 1001 inuti-

1217 1017 1262 1048 lia
1267 1015 1411 1059 subjicere
1415 1018 1555 1060 fomenta
1564 1019 1677 1059 voluisti
1695 1044 1702 1051 .
1725 1019 1812 1052 Eum
1834 1018 1915 1053 dicit
1932 1019 2030 1052 etiam
2041 1016 2100 1051 du-

1220 1064 1298 1098 dum
1321 1067 1413 1108 plene
1433 1069 1611 1113 collapsum
1635 1094 1645 1110 ,
1675 1069 1709 1102 ὅ(
1730 1069 1749 1103 a
1770 1068 1820 1103 sui
1843 1068 1979 1102 exordio
2005 1068 2100 1102 fuisse

1220 1113 1378 1152 caducum
1392 1140 1403 1155 ‚
1423 1117 1513 1159 quod
1535 1120 1582 1152 sui
1609 1120 1714 1161 ipsum
1724 1122 1868 1153 auctores
1879 1118 1919 1152 ad
1934 1118 2102 1162 Apostoli-

1221 1176 1294 1198 cam
1315 1165 1431 1199 Sedem
1451 1177 1629 1209 numquam
1640 1169 1835 1202 retulissent.
1859 1169 1903 1202 Et
1913 1169 1953 1202 ad
1966 1169 2103 1202 Clerum

1221 1225 1259 1248 ac
1281 1215 1441 1258 populum
1462 1216 1873 1259 Constantinopolitanum
1894 1218 2004 1251 scribit
2026 1218 2105 1251 San-

1222 1266 1290 1298 stus
1311 1263 1526 1298 Innocentius
1539 1266 1682 1308 primus:
1710 1266 1880 1299 eunomius
1891 1266 2105 1310 obsequendum

1222 1314 1271 1357 effe
1285 1312 1443 1357 scribimus
1457 1338 1468 1355 ,
1491 1320 1544 1357 qui
1567 1318 1684 1348 Nicaeae
1699 1312 1771 1357 sunt
1792 1317 1922 1357 decreti,
1943 1329 2015 1359 quos
2026 1316 2105 1359 solos

1222 1363 1378 1407 consciliari
1401 1366 1483 1398 decet
1493 1363 1647 1406 Ecclesiam
1677 1363 1882 1406 catholicam,
1907 1367 2040 1407 &juxta
2057 1379 2107 1400 eos

1217 1415 1369 1455 judicare.
1393 1416 1425 1448 Si
1449 1415 1504 1448 alii
1519 1416 1539 1447 ἃ
1563 1420 1700 1457 quopiam
1721 1415 1915 1458 proferuntur
1928 1441 1938 1457 ,
1963 1419 1984 1450 ἃ
2004 1422 2109 1450 Nica·-

1225 1471 1273 1498 nis
1295 1463 1465 1498 canonibus
1487 1465 1665 1507 dissonantes
1692 1489 1703 1505 ,
1737 1467 1771 1499 Θ
1793 1466 1944 1500 haereticos
1977 1467 2109 1500 auctores

1223 1525 1254 1547 re
1270 1523 1384 1547 erentes
1394 1537 1405 1552 ‚
1429 1520 1451 1546 ii
1462 1517 1482 1547 ὰ
1493 1513 1653 1547 Catholicis
1665 1514 1818 1558 Episcopis
1831 1519 2020 1557 rejiciuntur.
2043 1520 2110 1550 Hae-

1225 1567 1379 1595 reticorum
1400 1573 1530 1605 namque
1551 1567 1681 1596 Inventa
1691 1564 1854 1599 Catholicis
1869 1567 2039 1600 canonibus
2052 1579 2110 1600 non

1221 1610 1294 1654 furit
1307 1611 1513 1646 adnectenda.
1534 1612 1664 1657 Agitin
1677 1612 1913 1650 Antiochenos
1934 1616 2108 1657 canones,

1226 1661 1458 1704 quibussuain
1470 1663 1623 1697 Sanstum
1646 1663 1807 1706 Ioannem
1834 1666 2111 1708 chrysostomum

1224 1710 1347 1755 judicia
1367 1711 1495 1748 firmare
1516 1712 1699 1748 conabatur
1718 1716 1853 1758 profana
1875 1715 1916 1751 ad
1940 1717 2112 1764 Qercum

1225 1761 1396 1805 synodus,
1422 1763 1456 1798 ὃς
1477 1774 1616 1808 quorum
1637 1763 1856 1801 caducitatem
1871 1778 1939 1801 non
1952 1778 1992 1802 ex
2005 1767 2114 1802 auctoss

1226 1824 1298 1847 rum
1327 1811 1431 1848 haerefi
1454 1838 1465 1855 ‚
1499 1814 1554 1850 sed
1584 1827 1627 1850 ex
1648 1815 1715 1850 alio
1744 1816 1905 1861 principio
1937 1818 2115 1851 desumunt

1225 1863 1372 1902 Socrates
1394 1868 1428 1902 δε
1453 1865 1608 1902 Hermias
1633 1867 1867 1902 Zozomenus:
1891 1868 2002 1910 Julius
2029 1867 2115 1901 Pon-

1225 1917 1307 1951 tifex
1329 1917 1370 1952 ad
1402 1916 1651 1953 Antiochenam
1678 1919 1818 1958 synodum
1841 1916 1956 1962 scripfit
1979 1944 1989 1960 ‚
2026 1927 2115 1961 atque

1225 1970 1370 2007 increpuit
1381 1990 1392 2006 ‚
1416 1969 1497 2008 quod
1505 1977 1607 2001 contra
1619 1968 1752 2010 Ecclefiae
1762 1969 1839 2013 leges
1852 1967 1947 2011 ipsum
1958 1970 2001 2002 ad
2012 1972 2116 2002 Conci-

1224 2016 1297 2047 lium
1311 2026 1369 2048 non
1381 2017 1524 2059 vocassent
1536 2040 1544 2047 .
1571 2021 1660 2050 Nam
1679 2019 1769 2059 legem
1793 2019 1844 2061 effi
1865 2017 2050 2060 spellantem
2072 2019 2118 2052 ad

1225 2065 1384 2095 sacerdotii
1396 2066 1572 2106 dignitatem
1588 2090 1599 2106 ,
1625 2078 1693 2108 quae
1700 2072 1879 2108 pronunciat
1894 2069 1967 2100 At‘la
1978 2071 2032 2102 illa
2049 2075 2118 2102 im·-

1224 2119 1259 2144 ta
1283 2111 1336 2153 effe
1348 2135 1360 2151 ,
1388 2123 1456 2152 quae
1477 2120 1594 2152 praeter
1612 2113 1796 2154 sententiam
1818 2121 1947 2150 Romam·
1973 2118 2116 2161 Episcopi

1224 2160 1455 2201 constituuntur.
1480 2160 1627 2203 Ipsorum
1655 2162 1794 2197 Decreta
1817 2164 1922 2206 Julius
1941 2168 2052 2210 culpat
2074 2169 2116 2203 de

1223 2209 1348 2253 duplici
1370 2210 1475 2243 vitio.-
1502 2210 1606 2257 Qod
1629 2211 1696 2245 fine
1718 2213 1778 2247 suo
1798 2213 1955 2248 mandato
1980 2218 2116 2259 prodiis-

1225 2261 1297 2294 sent
1312 2284 1322 2299 ‚
1345 2257 1479 2301 &quod
1500 2261 1539 2293 ad
1553 2261 1657 2303 ipsum
1681 2272 1751 2296 non
1770 2261 1902 2298 fuissent
1923 2265 2040 2301 relata.
2070 2267 2115 2302 Et

1227 2309 1313 2344 certe
1325 2309 1359 2342 in
1375 2310 1513 2343 nervoso
1523 2310 1579 2343 suo
1593 2310 1634 2343 ad
1646 2310 1766 2346 dictam
1778 2313 1950 2355 Synodum
1965 2317 2115 2362 Rescrip-

1225 2368 1262 2393 to
1285 2357 1410 2392 nullam
1433 2360 1513 2392 facit
1535 2360 1712 2394 Canonum
1734 2363 1942 2399 mentionem
1963 2379 1969 2398 :
2009 2368 2113 2414 Quod

1227 2406 1342 2451 nempe
1355 2408 1453 2443 etiarn
1469 2409 1559 2443 istius
1570 2409 1684 2444 relatio
1698 2412 1824 2446 nullam
1834 2413 1974 2451 fecisset.
2002 2418 2114 2463 Qot-

1227 2469 1308 2502 quot
1321 2457 1720 2504 habemusageneralibus
1739 2463 1883 2506 synodis
1905 2464 2112 2502 authenti-cos

1227 2509 1403 2549 Canones,
1431 2509 1525 2543 relati
1540 2511 1672 2545 fuerunt
1685 2512 1721 2546 ἀ
1736 2513 1923 2556 approbati:
1953 2517 2023 2551 Aut
2038 2519 2112 2552 sane

1223 2561 1296 2603 quis
1311 2559 1467 2593 successor
1479 2559 1639 2595 Pontifex
1655 2586 1666 2602 ,
1693 2572 1750 2597 ant
1761 2563 1884 2609 longus
1896 2566 2113 2602 Ecclefiarum

1223 2610 1397 2643 consensus
1419 2610 1579 2654 supplevit
1589 2611 1690 2653 vitia,
1715 2613 1749 2646 &
1763 2624 1803 2647 ex
1812 2615 1941 2650 caducis
1964 2617 2041 2651 fecit
2060 2618 2112 2651 fir-

1224 2670 1294 2693 mos
1305 2683 1313 2691 .
1341 2659 1468 2694 Cuncta
1483 2659 1613 2706 istarum
1625 2661 1723 2696 etiarn
1735 2663 1947 2705 Synodorum
1961 2690 1971 2706 ,
1983 2667 2057 2701 licet
2069 2668 2110 2703 ad

1226 2707 1428 2753 Apostolicae
1441 2709 1532 2744 Sedis
1543 2709 1735 2747 mandatum
1744 2724 1781 2747 ac
1794 2714 1982 2760 suffragium
2002 2717 2082 2751 fasta
2099 2744 2110 2759 ,

1223 2759 1364 2794 Decreta
1376 2760 1498 2804 semper
1512 2758 1695 2795 habuerunt
1708 2773 1794 2797 onus
1814 2765 1849 2798 δε
1874 2765 2044 2801 relationis
2067 2768 2111 2802 fa-

1222 2810 1346 2844 ciendae
1364 2809 1399 2843 &
1409 2809 1605 2854 accipiendae
1617 2812 1896 2848 confirmationis.

1272 2859 1388 2894 Tertia
1401 2858 1505 2901 major
1516 2862 1610 2894 causa
1621 2862 1665 2895 est
1681 2862 1871 2907 degradatio
1882 2865 2109 2911 cujuscumque

1225 2909 1396 2954 Episcopi.
1426 2908 1474 2943 At
1485 2911 1617 2952 quaestio
1633 2911 1702 2952 est,
1730 2911 1787 2947 An
1799 2913 1844 2946 ita
1863 2914 1900 2947 sit
1911 2926 1949 2948 ex
1960 2916 2029 2958 jure
2051 2927 2109 2951 an-

1223 2962 1318 3002 tiquo
1345 2960 1362 2991 ἓ
1387 2959 1568 2995 Rationem
1592 2960 1771 2996 dubitandi
1793 2964 1918 2998 faciunt
1943 2965 2109 3001 Gallicani

1226 3010 1379 3054 Episcopi
1399 3034 1411 3051 ,
1447 3010 1503 3054 qui
1524 3010 1730 3045 Rothaldurn
1752 3011 2009 3049 Sueffionensem
2031 3016 2109 3059 Epi-

1224 3061 1358 3103 scopum
1378 3060 1592 3104 degradarant
1616 3061 1651 3093 in
1674 3061 1909 3102 Sylvanettenfi
1945 3064 2081 3106 Synodo
2094 3090 2106 3107 ,

1224 3120 1321 3151 atque
1348 3109 1496 3146 adversus
1521 3110 1711 3144 Romanam
1747 3111 1815 3155 ejus
1850 3114 2104 3157 appellationem

1224 3160 1414 3202 scripserunt
1440 3158 1480 3194 ad
1508 3159 1686 3195 Nicolaum
1711 3161 1852 3205 primum
1890 3164 2105 3199 Pontificem:

1225 3271 1277 3293 mc
1303 3260 1434 3302 difficiles
1459 3261 1646 3302 quaestionum
1670 3268 1786 3295 exitus.
1813 3261 1917 3306 Quod
1943 3262 2048 3306 ipsum
2065 3268 2103 3300 in

1225 3310 1289 3343 suis
1310 3310 1352 3344 ad
1375 3312 1527 3345 eumdem
1552 3310 1751 3346 Pontificem
1777 3309 1893 3344 litteris
1918 3314 2005 3347 varie
2024 3325 2104 3348 con-

1226 3359 1366 3395 firmavit
1375 3360 1466 3396 istius
1479 3360 1736 3445 Syncssfifp‘aeses
1746 3359 1947 3397 Hincmarus
1957 3362 2103 3444 Resmen-¹

1671 3419 1695 3446 2·
2006 3423 2032 3445 is
2043 3437 2051 3445 .

2140 2103 2166 2130 l:
2180 2111 2205 2139 3.
2222 2113 2247 2134 c.
2266 2113 2296 2139 9·

1220 3212 1350 3255 JudIcia
1376 3208 1586 3253 Epist-oporam
1622 3221 1679 3244 non
1705 3210 1776 3254 sunt
1810 3212 1926 3252 majora
1961 3221 2101 3258 negotia,
2127 3203 2174 3240 ΕΡ·
2196 3212 2262 3267 4⁷·-
