2366 3756
120 1215 155 1244 C.
169 1217 211 1245 16.

126 2429 156 2458 ῐ..
165 2438 190 2462 7.
200 2437 275 2465 019.

678 128 1218 171 Concrr'ruir

1289 125 1756 171 Romanum.
1966 142 2059 185 159

291 215 352 250 cha
367 213 488 259 {autem
503 211 661 246 Sifinnius
673 210 831 245 secundus
856 210 962 253 legem
973 207 1122 243 extendit
1135 208 1196 246 ³d1
1243 207 1304 242 dus
1329 208 1374 243 est
1396 208 1493 244 nohis
1517 211 1645 244 mixtus
1668 222 1709 245 ex
1734 217 1849 255 quarto
1873 210 1908 245 δε
1930 213 2027 245 tertio
2046 237 2058 253 ,
2084 218 2126 248 at-

287 264 431 310 gradum
444 264 635 307 septimum:
665 261 794 295 Exinde
816 258 964 293 sobrinus
981 257 1108 300 nequiit
1121 251 1194 300 du·l
1243 269 1305 300 que
1332 259 1377 292 ita
1405 259 1464 293 iste
1489 264 1666 304 computus
1704 261 1857 306 Gregorii
1895 261 2027 296 secundi
2061 263 2128 296 De-

288 325 366 349 cere
392 314 497 349 filiam
523 313 644 347 sobrini
672 337 679 344 .

291 373 464 399 tentarunt
491 364 643 400 inducere
666 361 702 395 in
730 357 882 394 Latinam
908 369 1039 402 quoque
1068 357 1180 391 Eccle-

292 413 392 455 fiam,
421 414 573 458 ipsosque
597 410 717 446 merito
743 409 925 452 proscripsit
953 408 1062 442 noster
1090 407 1177 451 Papa

292 464 483 500 Alexander
509 488 516 496 .
552 462 687 498 Etenim
703 460 870 503 *septimus
897 458 1082 495 Graecorum
1109 468 1180 503 gra-

293 715 1178 846 DECRETUM

390 913 537 948 Uarrum
551 909 726 949 Decretum
748 913 843 947 refert
863 912 955 957 supr&
983 918 1183 946 memoratus

414 962 639 1008 Micrologus:
668 968 704 997 In
715 966 734 996 5
736 962 931 1007 eptuagefima
946 959 1184 1004 Heptateuchum

387 1052 390 1054 Α
411 1018 576 1056 incipiunt.
603 1015 689 1046 Unde
708 1015 743 1047 (9⁹
758 1013 928 1046 Alexander
940 1014 1027 1053 Papa
1034 1008 1182 1053 secundus

293 1062 436 1104 constituit
447 1088 458 1104 ,
482 1072 515 1096 ut
526 1061 723 1107 Responfhria
735 1065 772 1096 de
783 1064 887 1096 eadem
903 1061 1022 1101 historia
1033 1067 1065 1093 in
1078 1062 1183 1095 eadem

290 1117 447 1147 Dominica
469 1118 651 1157 incipiantur
675 1138 683 1146 .
713 1115 842 1156 Alleluia
865 1117 956 1146 etiam
977 1118 1009 1144 in
1032 1109 1183 1144 sabbatho

289 1165 334 1196 ad
371 1162 528 1207 Vesperam
557 1165 641 1206 jufflt
678 1164 794 1196 dimitti
819 1172 892 1196 ante
918 1160 1179 1205 Septuagefimam.

289 1215 394 1261 Qud
406 1216 511 1258 ipsum
524 1214 697 1249 confirmat
710 1211 907 1256 Radulphus
919 1212 1072 1246 Decanus
1086 1211 1182 1245 Ton-

291 1265 410 1307 grenfis
422 1286 429 1295 -
458 1265 501 1298 Et
525 1264 590 1298 hoc
604 1265 785 1298 Decretum
808 1262 943 1306 culpant
957 1261 1061 1295 Graeci
1077 1260 1182 1296 Scitis?

289 1315 422 1348 marici.
450 1314 588 1347 Etenim
601 1314 743 1347 famosus
767 1312 1063 1354 Constantinopoli
1077 1323 1178 1354 reper-

290 1373 342 1397 tus
365 1365 515 1398 trastatus
537 1362 638 1398 habet
659 1362 791 1397 &hanc
819 1363 1042 1397 calumniam:
1070 1365 1178 1394 Latini

290 1414 311 1445 ἃ
333 1411 546 1458 Septuagefima
568 1412 658 1456 usque
669 1415 714 1446 ad
724 1411 841 1455 Pascha
865 1423 921 1445 non
931 1421 1058 1445 cantant
1071 1411 1179 1444 Allelu-

286 1466 342 1505 ja.
375 1465 544 1506 Affirmant*
556 1475 613 1497 non
623 1462 728 1496 debere
751 1464 821 1495 aliis
833 1463 942 1506 linguis
958 1464 1119 1494 Dominum
1130 1472 1178 1494 ve-

291 1518 412 1553 nerari,
439 1513 495 1555 nisi
509 1513 570 1550 istis
595 1512 710 1553 tribus,
731 1510 844 1554 „li-ilicet
857 1536 868 1552 ‚
895 1510 1042 1544 Hebraica
1054 1533 1067 1549 ‚
1092 1514 1178 1543 Grae-

291 1573 327 1595 ca
343 1586 354 1602 ,
378 1563 557 1596 &Latium

341 1610 445 1645 Primi
458 1612 631 1647 calumniae
650 1614 795 1646 auctores
809 1612 944 1644 fuerunt
958 1608 992 1641 in
1007 1605 1125 1641 litteris
1136 1605 1178 1640 ad

290 1661 452 1704 Ioannem
462 1661 668 1695 Tranensem
691 1660 893 1702 Episcopum
915 1655 1064 1692 Michael
1076 1656 1178 1691 Ceru-

288 1710 388 1744 larius
409 1707 599 1745 Patriarcha
611 1708 1008 1752 Constantinopolitanus
1024 1731 1035 1746 ,
1060 1707 1095 1740 &
1107 1707 1178 1741 Leo

288 1758 475 1795 Acridensis
512 1761 695 1804 Episcopus
722 1783 733 1799 ‚
770 1758 990 1801 Metropolita
1018 1757 1177 1801 Bulgaro·

288 1821 385 1843 rum:
415 1810 544 1850 Alleluja
566 1816 598 1843 in
612 1808 850 1853 ,Quadragefima
876 1819 933 1841 non
947 1805 1102 1850 psallitis,
1125 1805 1183 1851 sed

283 1859 376 1902 semel
397 1865 429 1892 in
441 1857 557 1902 Pascha
582 1860 812 1900 tantummodo,
839 1859 920 1901 quod
938 1863 1153 1898 interpretatur
1169 1882 1178 1897 ,

292 1909 525 1946 DOM1NUS
553 1909 711 1943 VENlT
740 1933 751 1949 ,
778 1906 1029 1944 LAUDATE
1057 1930 1068 1946 ,
1093 1906 1178 1940 HY·

286 1958 450 1993 MNUM
474 1959 666 1999 DlC1TE,
694 1959 763 1993 ET
786 1956 1086 1992 BENEDICITE
1108 1956 1153 1990 El
1172 1980 1177 1986 .

285 2012 367 2054 Ergo
380 2007 541 2053 secundum
562 2008 612 2042 hoc
638 2019 732 2051 neque
755 2007 1006 2043 LAUDATE
1034 2007 1177 2041 DOMI-

286 2059 422 2095 NUM
443 2084 454 2100 ,
480 2071 572 2102 neque
599 2058 923 2094 BENEDICTUS
950 2056 1065 2104 QUI
1096 2056 1174 2090 VE-

284 2109 393 2151 NIT,
417 2108 568 2152 psallitis.
594 2112 640 2142 Et
663 2107 740 2148 istud
759 2109 886 2148 Alleluia
899 2107 937 2146 est
952 2107 1093 2140 Hebraicae?
1136 2106 1180 2137 di-

286 2160 387 2193 cium.
413 2160 591 2194 Calumnia
612 2159 739 2191 videtur
763 2156 893 2198 sibiipsi
915 2167 986 2187 non
997 2154 1175 2187 cohaerere.

288 2209 423 2242 Etenim
444 2208 466 2240 fi
489 2206 634 2247 Alleluia
654 2214 825 2239 cantemus
854 2204 888 2237 iu
910 2202 982 2237 solo
994 2201 1152 2236 Paschate
1168 2226 1178 2241 ‚

288 2254 459 2296 quomodo
473 2255 554 2290 illud
565 2254 751 2289 omittimus
763 2254 797 2288 in
812 2253 882 2288 sola
895 2251 1152 2299 quadragesima
1165 2276 1175 2291 ‚

289 2307 323 2339 &
336 2317 393 2339 cur
405 2304 482 2339 inde
493 2304 692 2350 singulariter
711 2304 883 2347 culpamur
896 2303 912 2334 ?
938 2303 1075 2336 Interim
1086 2300 1175 2343 quod

287 2356 392 2396 ipsum
405 2356 559 2390 Romana
571 2355 713 2388 Ecclesia
725 2354 809 2386 olim
824 2362 969 2387 cantaret
982 2353 1015 2386 in
1033 2351 1104 2385 solo
1117 2350 1175 2383 Pa-

292 2405 423 2446 senate,
449 2404 754 2440 crediditHermias
773 2404 984 2437 Zozomenus
1000 2415 1011 2436 .·
1039 2402 1173 2446 Singulis

297 2462 388 2488 annis
410 2456 576 2488 dumtaxat
592 2453 685 2498 semel
694 2459 794 2488 Romae
808 2453 936 2493 Alleluja
957 2460 1067 2486 canunt
1081 2476 1092 2493 ,
1114 2456 1180 2493 pri-

293 2518 344 2538 ma
368 2506 416 2538 die
439 2503 592 2548 Paschalis
605 2502 675 2546 festi
700 2528 711 2544 ,
737 2513 770 2536 ut
789 2505 809 2535 ὰ
834 2505 938 2536 multis
959 2506 1104 2536 Romanis
1131 2501 1178 2534 hic

293 2560 426 2593 Hymnus
441 2557 523 2595 Juris
537 2555 667 2595 jurandi
690 2553 783 2594 instar
795 2562 859 2587 tum
872 2554 971 2586 audiri
982 2560 1045 2586 tum
1057 2557 1177 2586 cantari

292 2612 453 2647 expetatur
470 2629 477 2637 .
510 2603 636 2638 Verum
657 2602 756 2648 longe
777 2603 870 2638 aliter
894 2602 1005 2636 scribit
1032 2603 1066 2635 in
1093 2602 1178 2636 libro

293 2653 443 2688 adversus
453 2653 680 2699 Vigilantium
703 2653 840 2688 Sanstus
851 2653 1081 2695 Hieronymus
1096 2664 1103 2684 t
1131 2656 1181 2685 Vi-

289 2705 460 2747 gilantius‚
480 2702 534 2748 seu
558 2705 661 2738 verius
685 2707 929 2744 Dor-mimmius,
957 2703 1106 2740 immundo
1111 2701 1179 2745 spi-

293 2759 353 2786 ritu
370 2763 487 2798 pugnat
499 2764 600 2788 contra
611 2754 720 2795 Christi
732 2755 873 2796 Spiritum
886 2777 896 2793 ,
921 2753 1116 2786 damnandas
1129 2755 1174 2785 di-

293 2809 333 2836 cit
346 2807 397 2846 esse
409 2804 531 2847 vigilias
541 2830 551 2845 ,
577 2806 612 2838 (5
621 2816 784 2847 numquam
807 2803 864 2845 nist
871 2809 903 2835 in
917 2801 1033 2846 Pascha
1045 2804 1173 2843 Alleluja

294 2854 478 2886 cantandum
503 2878 510 2885 .
536 2853 628 2888 Absit
656 2856 847 2889 Romanam
875 2852 1053 2887 Ecclesiam
1077 2854 1172 2887 fuisse

294 2903 576 2947 Vigilantianam:
603 2903 695 2938 Abfit
725 2915 761 2939 ut
782 2903 826 2940 ob
850 2904 915 2947 ejus
929 2905 1050 2937 sacrum
1073 2905 1170 2937 ritum

294 2953 499 2997 Vigilantius
521 2953 538 2986 a
552 2955 668 2988 Sansto
681 2954 894 2997 Hieronymo
915 2963 1048 2988 notetur
1060 2954 1100 2987 de
1113 2952 1172 2986 hae-

294 3004 349 3036 reli
378 3013 476 3046 atque
495 3003 667 3037 damnetur
681 3030 689 3037 .
717 3004 873 3039 Haeretici
894 3005 968 3038 sunt
980 3003 1090 3047 passim
1104 3003 1170 3045 Gy-

293 3055 431 3096 rovagi:
458 3053 545 3086 Istud
571 3052 612 3087 de
626 3053 777 3088 Romana
803 3054 942 3088 Ecclesia
964 3053 1169 3088 mendacium

294 3102 507 3136 Vifilantiani
519 3103 638 3145 possint
652 3104 686 3137 in
698 3105 746 3138 sui
755 3105 869 3139 erroris
883 3104 1080 3147 adjutorium
1093 3105 1173 3147 spar-

294 3154 363 3187 sisse
388 3164 442 3194 per
467 3154 640 3186 Orientem
660 3177 670 3193 ,
699 3154 730 3187 &
753 3154 962 3188 Zozomenus
982 3154 1168 3188 credidisse-

295 3203 428 3236 Etenim
450 3202 536 3235 circa
557 3203 649 3244 plura
672 3201 712 3236 ad
734 3204 886 3238 Latinam
911 3204 1086 3238 Ecclesiam
1112 3205 1174 3247 spe-

294 3253 415 3286 Ftantia
427 3252 471 3285 est
485 3251 703 3286 hallucinatus
721 3278 728 3285 .

345 3302 485 3336 Laudari
510 3301 643 3344 Hymni
667 3302 803 3345 primam
826 3306 991 3350 originem
1004 3304 1102 3340 docet
1117 3314 1175 3335 nos

294 3355 329 3387 in
357 3352 437 3385 libro
462 3352 503 3385 de
526 3350 762 3394 Prophetarum
784 3354 851 3388 vita
875 3367 913 3388 ac
924 3365 1029 3389 morte
1039 3355 1175 3389 SanEius

295 3402 502 3447 Epiphanius
526 3416 535 3434 .·
564 3406 674 3445 Aggeus
698 3402 845 3443 Propheta
863 3411 1023 3439 etiamnum
1051 3409 1175 3447 Juvenis

393 3452 499 3492 Christ.
507 3455 580 3494 Lupi
591 3456 674 3494 Opcr.
687 3454 763 3483 Tom.
770 3457 802 3484 V.

1184 2328 1200 3486 ,ΜΨ

719 311 763 345 Et
789 308 876 343 hanc
903 309 1046 342 formam
1072 303 1197 358 aliqui(
1243 312 1336 343 cretis
1364 308 1541 352 plurimum
1576 310 1759 346 adversatur
1784 336 1791 343 .

1233 2816 1256 2848 g
1348 2803 1416 2839 illic
1441 2817 1508 2839 non
1530 2807 1671 2850 amplius
1696 2819 1819 2843 vanum
1832 2810 2015 2853 Serapidem
2029 2836 2039 2851 ‚
2067 2810 2121 2845 sed

1836 310 1981 346 Cunstos
2008 310 2127 344 Graeeae

1243 359 1355 393 formae
1380 358 1542 394 anfractus
1566 372 1729 406 exponere
1749 372 1821 396 non
1843 362 1961 406 spectat
1985 361 2130 406 αεὶ-’.ιπε-

1243 410 1368 444 sentem
1393 407 1524 444 locum.

1295 717 2125 815 QUARTUM.

1227 910 1421 970 'essabylone
1436 910 1660 956 Hierosolymam
1683 911 1847 956 reversus,
1873 913 1911 946 de
1918 913 2023 954 populi
2032 913 2129 945 reditu

1246 967 1432 994 vaticinatus
1449 962 1509 1003 est,
1534 975 1569 997 ac
1589 963 1693 1006 templi
1713 962 1967 1006 Hierofiilymitani
1989 962 2132 1003 instaura-

1246 1016 1355 1044 tionem
1361 1014 1532 1053 praevidit.
1560 1016 1681 1047 Primus
1693 1014 1753 1048 illic
1763 1014 1889 1054 Alleluja
1901 1018 2003 1047 cecinit
2016 1036 2027 1053 ‚
2053 1013 2134 1055 quod
2148 1024 2180 1053 (ζ,
2194 1035 2241 1052 20,

1247 1066 1443 1102 interpretari
1465 1063 1611 1106 poffumus
1636 1088 1647 1104 ,
1681 1064 1854 1097 Laudemus
1881 1066 1978 1096 Deum
2004 1067 2130 1096 vivum.

1247 1112 1332 1144 Unde
1353 1123 1407 1144 nos
1427 1110 1572 1154 usurpare
1595 1113 1682 1147 hodie
1699 1112 1824 1157 solemus
1848 1113 1989 1154 Alleluja.
2019 1115 2083 1156 ,Qui
2094 1111 2133 1152 est

1247 1165 1337 1206 Aggei
1364 1165 1490 1200 Hymnus
1514 1163 1548 1195 (⁶5
1568 1162 1734 1197 Zachariae
1750 1189 1757 1196 .
1786 1165 1964 1206 Hymnum
1989 1163 2091 1208 igitur
2114 1163 2134 1195 a

1248 1211 1424 1257 Synagoga
1445 1223 1615 1255 acceptum
1640 1212 1795 1255 Apostoli
1819 1212 2006 1247 derivarunt
2026 1214 2060 1246 in
2073 1212 2136 1245 Ec-

1247 1262 1372 1295 clefias.
1400 1261 1475 1296 Nec
1499 1262 1568 1297 fine
1579 1261 1815 1297 fundamento.
1844 1262 1980 1299 Etenim
1995 1259 2135 1304 Babylo-

1249 1313 1329 1345 nicae
1348 1312 1550 1355 captivitatis
1573 1312 1696 1347 solutio
1710 1338 1720 1353 ‚
1747 1312 2012 1346 &Salomonicae
2026 1311 2138 1345 Basili-

1247 1373 1290 1394 cae
1301 1361 1491 1396 restauratio
1503 1362 1674 1396 dumtaxat
1685 1363 1817 1396 fuerunt
1831 1362 1945 1396 nostrae
1954 1362 1972 1396 ἐ
1983 1361 2136 1396 Diaboli-

1247 1412 1283 1445 ca
1304 1410 1497 1453 captivitate
1519 1422 1574 1455 per
1602 1410 1766 1454 JESUM.
1786 1409 1955 1446 Christum
1994 1409 2136 1446 Redem-

1248 1461 1391 1503 ptionis‚
1416 1473 1455 1495 ae
1479 1462 1514 1494 in
1529 1462 1659 1504 plenam
1680 1471 1756 1495 cum
1776 1461 2026 1496 immortalitate
2048 1460 2138 1504 justi-

1246 1511 1326 1542 tiam
1340 1533 1351 1547 ,
1376 1511 1476 1550 &per
1496 1510 1598 1551 ipsam
1626 1510 1660 1541 in
1675 1511 1826 1552 primaeva
1840 1534 1850 1550 ‚
1876 1510 1945 1543 imo
1974 1512 2136 1553 primaevis

1246 1556 1347 1600 longe
1369 1557 1525 1591 sanetiora
1536 1556 1671 1591 Divinas
1682 1557 1867 1600 Majestatis
1881 1560 2003 1603 templa
2015 1571 2138 1604 repara-

1245 1604 1347 1639 tionis
1359 1607 1619 1655 *praenunciativa
1638 1618 1677 1642 ae
1703 1607 1890 1652 promiffiva
1907 1609 2136 1644 Sacramenta:

1245 1655 1340 1690 Hinc
1361 1655 1461 1701 longe
1491 1657 1611 1701 potiori
1623 1657 1693 1700 jure
1703 1669 1765 1693 nos
1777 1659 1812 1693 in
1826 1656 1899 1701 his,
1923 1671 2023 1703 quam
2036 1660 2137 1703 Judaei

1245 1707 1279 1739 in
1302 1705 1372 1740 istis
1382 1715 1553 1742 cantamus
1575 1706 1738 1751 Alleluja.
1771 1708 1865 1744 Hinc
1892 1709 1992 1744 nobis
2015 1710 2137 1745 affidue

1246 1755 1448 1791 cantandum
1467 1756 1622 1801 Apostoli
1634 1768 1852 1803 praeceperunt
1865 1783 1872 1791 .
1899 1759 2043 1806 Qotiu
2054 1772 2136 1805 quo-

1248 1806 1299 1840 vis
1321 1806 1404 1841 festo
1426 1807 1548 1842 Psalmi
1573 1808 1753 1850 cantandi,
1780 1808 1814 1842 &
1837 1810 1967 1852 quoties
1986 1810 2135 1853 Alleluja

1244 1857 1280 1889 sit
1303 1856 1551 1902 adjungendum
1573 1883 1583 1899 ,
1610 1857 1736 1893 decidit
1762 1859 1905 1893 secunda
1930 1859 2134 1895 Turonensis

1244 1907 1422 1948 Synodus,
1449 1908 1483 1942 &
1507 1907 1668 1943 subneffit
1692 1922 1701 1942 ι
1728 1910 1819 1952 ,Quod
1841 1911 1948 1954 Angelo
1971 1909 2133 1950 ostendente
2149 1908 2182 1938 C·
2198 1909 2242 1936 ¹3³

1246 1959 1356 1990 Patres
1380 1957 1548 1991 didicerunt
1570 1983 1577 1990 .
1606 1957 1669 1992 Per
1693 1958 1805 1993 Patres
1831 1960 1990 2006 intelligit
2013 1962 2133 2005 prima:-

1244 2018 1302 2040 vos
1329 2006 1475 2051 AEgypti
1499 2006 1710 2050 Monachos,
1735 2021 1819 2054 quos
1838 2011 2009 2054 quomodo
2021 2012 2133 2056 Ange-

1245 2056 1294 2090 lus
1330 2056 1477 2092 Psalmos
1513 2059 1548 2094 &
1579 2058 1723 2102 Alleluja
1760 2060 1796 2094 in
1833 2061 1971 2096 Divinis
2002 2062 2132 2096 Officiis

1242 2116 1373 2140 cantare
1402 2108 1552 2142 docuerit
1575 2133 1587 2148 ,
1613 2110 1727 2143 multis
1758 2111 1898 2154 exponit
1925 2112 1962 2145 in
1986 2112 2132 2146 secundo

1241 2153 1502 2188 Monasticarum
1524 2156 1772 2192 institutionum
1794 2160 1880 2194 libro
1891 2161 2035 2202 Joannes
2054 2161 2131 2195 Cas-

1243 2202 1347 2236 fianus
1361 2227 1368 2235 .
1393 2203 1439 2237 Et
1452 2204 1531 2238 dum
1553 2204 1819 2240 Alexandrinum
1833 2208 1995 2252 Serapidis
2014 2210 2129 2245 fanum
2147 2220 2181 2250 C.
2196 2225 2255 2256 5-6-

1244 2253 1278 2285 in
1301 2251 1527 2287 Christianam
1557 2255 1733 2290 Basilicam
1760 2267 1948 2293 convertere
1976 2270 2128 2303 pararent

1241 2302 1299 2335 sub
1324 2302 1460 2336 Arcadii
1488 2303 1627 2347 Imperio
1654 2305 1789 2346 fideles,
1814 2306 1858 2341 de
1883 2308 2016 2353 Magno
2040 2311 2127 2346 Gen-

1241 2352 1349 2385 tilium
1373 2351 1625 2397 Sacrilegiorum
1660 2354 1850 2391 Protestore
1869 2358 2034 2404 Olympio
2056 2360 2128 2395 scri-

1240 2401 1288 2435 bit
1323 2401 1476 2436 Hermias
1513 2403 1727 2439 Zozomenus
1754 2420 1765 2439 .·
1800 2408 1951 2450 olympius
1990 2411 2126 2444 concubia
2145 2418 2203 2449 Lib.
2215 2429 2275 2455 7.c.

1241 2451 1330 2484 noc'iis
1355 2454 1442 2494 eJ'us,
1462 2453 1618 2496 postquam
1634 2453 1863 2498 superveniente
1881 2460 1931 2492 die
1956 2459 2019 2493 haec
2039 2470 2124 2494 tran·
2149 2468 2189 2494 15·

1235 2501 1321 2545 sac‘la
1342 2501 1414 2545 sunt
1442 2528 1452 2543 ‚
1483 2501 1661 2545 subaudivit
1700 2508 1861 2548 quemdam
1896 2514 1930 2542 in
1964 2512 2121 2552 serapidis

1239 2555 1358 2594 Templo
1386 2554 1513 2595 alleluja
1537 2565 1710 2590 cantantem
1736 2582 1743 2591 .
1771 2561 1818 2591 Et
1843 2565 1981 2602 quoniam
1998 2560 2123 2602 foribus

1238 2601 1339 2644 claufis
1379 2605 1414 2636 (τ
1437 2604 1584 2644 constante
1620 2612 1713 2650 quiete
1747 2615 1895 2643 neminem
1920 2609 2119 2654 conspiceret,

1236 2651 1292 2696 sed
1322 2651 1418 2696 solam
1453 2659 1660 2691 tantummodo
1697 2660 1817 2692 audiret
1851 2671 1950 2693 vocem
1984 2659 2122 2703 Psalmi,

1235 2702 1419 2747 praesagium
1445 2707 1594 2740 intellexit
1619 2732 1630 2748 ,
1668 2709 1703 2742 <5
1728 2709 1805 2742 clam
1842 2709 1975 2743 omnibus
2001 2713 2123 2753 Templo

1237 2754 1377 2798 egressus,
1403 2761 1436 2788 in
1459 2757 1583 2788 Italiam
1605 2759 1738 2798 traje‘ct't.
1769 2758 2122 2796 PraemonssrabatAn-

1239 2854 1395 2889 Divinam
1422 2855 1628 2899 Maiestatem
1648 2860 1807 2893 consueto
1822 2860 1966 2894 Ecclesia:
1980 2862 2072 2903 Hym
2080 2873 2121 2895 no

1235 2904 1485 2948 glorificandam
1512 2931 1519 2937 .
1558 2906 1678 2951 Neque
1704 2907 1772 2943 haec
1800 2910 1874 2943 sunt
1912 2909 2119 2946 admiranda.

1234 2955 1337 3003 Qod
1351 2957 1440 2990 enim
1464 2955 1571 2990 turbas
1592 2958 1709 2992 multas
1722 2959 1866 3003 Alleluja
1893 2961 1926 2993 in
1941 2960 2037 2995 Coelo
2049 2974 2123 2995 can·-
2138 2979 2211 3008 Cf„

1233 3014 1337 3039 rantes
1349 3016 1448 3048 atque
1459 3007 1611 3041 iterantes
1624 3006 1783 3042 audiverit
1802 3033 1812 3048 ‚
1838 3010 1973 3043 testatur
1984 3012 2018 3044 in
2032 3011 2121 3054 Apo·
2184 2998 2194 3017 Χ

1234 3056 1352 3099 calypst
1377 3056 1507 3090 Sanetus
1519 3057 1660 3100 Joannes
1674 3057 1855 3101 Apostolus
1869 3084 1876 3091 .
1905 3060 2036 3104 Nempe
2057 3072 2121 3095 tur·

1234 3105 1287 3138 bas
1300 3105 1372 3138 illas
1385 3131 1394 3146 ,
1420 3117 1499 3149 quas
1523 3107 1600 3141 alibi
1614 3117 1709 3141 vocat
1724 3108 1876 3143 Turbam
1891 3121 2042 3155 magnam
2054 3112 2121 3144 col-

2224 2988 2233 3009 i
2238 2991 2266 3015 9.

1235 3155 1348 3188 letiam
1359 3167 1400 3189 ex
1411 3157 1567 3191 omnibus
1591 3158 1744 3200 populis,
1768 3160 1946 3202 gentibus,
1973 3159 2119 3194 tribubus

1233 3204 1423 3249 &linguis,
1449 3218 1486 3240 ac
1511 3207 1647 3240 stantem
1673 3219 1750 3242 ante
1773 3207 1947 3242 thronum.
1975 3209 2119 3244 Etaddit

1235 3254 1366 3288 Cantici
1393 3257 1522 3291 causam
1549 3269 1555 3288 :
1593 3259 1678 3300 „Quia
1703 3268 1851 3291 venerunt
1880 3264 1989 3300 nuptiae
2016 3264 2091 3302 Agm'
2110 3284 2117 3292 .

1236 3304 1314 3337 Hoc
1335 3304 1379 3337 est
1396 3328 1407 3344 ‚
1433 3307 1524 3353 Qia
1549 3306 1662 3341 vivum
1683 3309 1717 3342 &
1732 3319 1841 3341 verum
1863 3309 1996 3342 Divina:
2017 3310 2119 3350 Maie-

1236 3353 1323 3386 statis
1349 3353 1530 3399 Templum
1562 3353 1642 3391 tunc
1669 3369 1711 3391 ex
1738 3357 1893 3392 omnibus
1918 3358 2023 3392 elediis
2048 3370 2118 3392 non

1236 3402 1404 3439 dumtaxat
1415 3416 1595 3449 reparatum
1610 3408 1663 3444 fit,
1688 3408 1742 3441 sed
1756 3410 1790 3442 &
1800 3406 1984 3445 dedicatum
1996 3407 2028 3439 in
2042 3410 2120 3445 sem·

1648 3458 1682 3489 O
1731 3468 1753 3496 2
1978 3458 2071 3499 piter-
