2366 3756
98 927 159 960 Scss‘.
187 940 214 966 9.

98 1463 161 1494 Λᾶ.
188 1473 216 1501 3·

941 161 1454 205 Dte-rarus.

1948 179 2037 224 235

269 246 396 293 simut,
425 249 458 282 <9¹
487 246 671 287 Antiochia,
696 257 732 278 ac
751 244 866 288 sancqae
893 249 1045 277 Civitatis
1072 269 1082 284 ,
1108 245 1161 278 vel
1204 246 1404 288 'Episcopus
1425 270 1435 286 ,
1463 245 1520 280 nisi
1542 247 1638 290 pauci
1669 258 1710 282 ex
1731 247 1921 292 Illyriciana
1946 249 2111 291 Dioecesi,

275 298 497 339 comministros
512 300 544 332 Za·
555 300 685 330 summos
697 296 863 329 sacerdotes
881 300 1009 336 quicum
1026 293 1095 336 ipfis
1105 300 1161 328 exi·
1206 292 1208 336 ζ
1226 296 1385 338 spestante
1396 296 1436 329 ad
1450 296 1640 332 Romanum
1653 297 1910 335 patriarchatum
1925 326 1932 333 .
1965 299 2107 334 Proinde

270 348 371 390 stunt.
400 348 633 383 Eruditiffimae
660 358 697 380 ac
711 355 891 387 numquam
904 345 980 378 satis
994 344 1163 379 laudandae
1205 349 1208 390 ζ
1225 345 1328 388 ipsum
1343 344 1469 379 videtur
1482 358 1549 380 non
1560 350 1711 392 generale
1729 349 1822 383 fuiffe
1850 361 1905 384 aut
1923 349 2108 385 (Ecumeni-

272 398 477 433 refutationis
489 398 579 432 istius
591 397 754 438 auitorem
768 419 778 434 ,
806 395 824 428 a
841 393 953 428 multis
976 395 1057 428 serio
1083 407 1162 439 quae-

274 448 369 483 fitum
389 474 399 489 ,
428 450 521 483 fuisse
543 445 746 490 Stephanum
775 445 809 477 in
849 445 959 479 Sanffl
996 445 1160 480 Auxentii

276 499 398 534 Monte
409 497 620 533 Monachum
646 508 682 531 ac
696 495 880 537 Martyrem
892 520 903 536 ,
931 495 1052 540 insigni
1066 506 1163 530 enco-

273 551 343 583 mio
367 549 577 593 praedicatum
598 548 617 581 a
640 547 755 581 Sansto
782 546 909 588 Joanne
931 546 1161 586 Damascene,

274 601 405 635 asserere
431 595 822 632 videturin·F10rentina
852 596 990 639 Synodo
1013 596 1162 630 Andreas

276 649 490 683 Rhodiorum
503 649 643 683 Latinus
655 645 858 690 Episcopus,
885 645 1000 680 dicens
1020 647 1061 680 ad
1077 646 1161 680 Grae-

272 709 329 733 cos
357 711 364 730 :
395 698 501 731 Doc‘lor
524 698 619 739 vester
638 695 809 738 stephanus
838 720 848 735 ‚
886 707 972 739 quem
998 698 1032 731 &¹
1051 704 1163 729 novum

274 753 434 788 Martyrem
446 755 561 782 vocatis
576 773 587 789 ‚
614 750 724 780 Patres
740 745 992 788 Constantinopoli
1008 758 1163 792 congrega-

271 807 315 832 tos
336 798 491 843 incusavit
505 823 516 838 ‚
543 798 622 840 quod
639 799 660 829 ἆ
686 801 817 829 Romano
829 795 973 846 Epistopq
983 808 1041 831 non
1059 808 1163 830 convo-

272 850 484 888 cati-synodum
494 855 681 889 attentarent
694 872 701 879 .
729 851 863 889 Cumque
884 847 995 882 vellent
1020 851 1162 883 Haerettci

271 896 413 939 synodum
434 898 601 938 celebrare,
623 898 738 940 produt
757 902 791 929 in
812 897 942 930 medium
962 897 1011 930 ille
1034 897 1137 930 dicens
1151 920 1161 936 ‚

271 949 431 993 ,Quomodo
441 959 495 981 vos
524 949 666 986 synodum
685 952 842 981 convocare
852 944 973 987 audetis
988 970 999 987 ,
1023 946 1057 980 Θ
1072 947 1162 988 illegi-

271 1002 376 1037 timum
398 997 528 1039 vestrum
545 996 653 1030 babere
674 1005 852 1030 conventum
876 1006 934 1029 non
950 995 1098 1042 praefe'nte
1107 997 1161 1028 Ro-

272 1058 427 1083 manorum
448 1048 566 1081 Summo
578 1046 741 1088 Pontifice,
768 1055 823 1079 aut
845 1047 903 1078 allo
923 1052 1063 1088 quopiam
1078 1046 1160 1078 illius

272 1105 370 1134 vicem
382 1099 510 1143 agente?
537 1097 650 1132 Etiam
665 1107 746 1132 tunc
758 1095 992 1130 Alexandrina>
1001 1120 1013 1135 ‚
1041 1095 1161 1129 Antio-

272 1148 402 1189 chena,
427 1160 466 1183 ac
477 1147 788 1190 Hierosolymitana
812 1145 964 1179 Eccleliae
985 1145 1161 1188 gemebant

273 1198 334 1233 sub
346 1199 513 1234 Saracenis
523 1224 533 1239 ,
560 1199 595 1235 δε
610 1209 652 1231 ne
663 1196 715 1231 vel
728 1206 834 1231 unum
847 1206 996 1238 poterant
1006 1195 1046 1229 ad
1060 1197 1161 1238 Syno-

272 1250 353 1284 dum
365 1249 494 1282 mittere
517 1249 741 1290 Episcopum·;
768 1245 959 1290 legaverunt
976 1254 1084 1279 tamen
1109 1245 1160 1289 Jo—

273 1310 395 1333 annem
408 1296 643 1340 Presbyterum
655 1305 732 1329 curn
747 1295 836 1329 hisce
847 1295 964 1330 litteris
976 1308 987 1329 :
1010 1298 1046 1328 52·
1068 1298 1160 1330 volue-

273 1354 346 1382 ritis
366 1347 515 1381 celebrare
535 1345 699 1386 synodum,
725 1345 892 1386 ne‘molesta
916 1346 1162 1387 vobis-appareat

275 1405 366 1431 trium
380 1396 606 1439 apostolicarum
618 1397 740 1429 sedium
762 1397 947 1429 Summarum
971 1394 1164 1428 patriarcba-

274 1460 361 1488 rum,
387 1446 671 1490 &sanc‘lt'ffimorum
681 1451 733 1489 qui
753 1444 810 1489 fieb
834 1444 901 1488 ipsis
920 1447 1033 1490 *degunt
1045 1444 1164 1488 Episco-

269 1506 377 1541 porum
394 1496 534 1540 absentia
550 1521 561 1537 ‚
587 1508 646 1530 non
657 1507 697 1529 ex
705 1501 827 1538 proprio
838 1507 936 1530 eorum
951 1497 1088 1529 accidens
1094 1504 1163 1537 pro-

270 1547 383 1591 postte,
405 1546 464 1591 sed
474 1558 514 1581 ex
526 1551 694 1580 tenentium
718 1544 772 1587 seu
783 1547 1000 1580 dominantium
1022 1546 1084 1577 illis
1106 1552 1164 1576 ter-

273 1598 414 1631 ribilibus
439 1602 531 1630 minis
557 1597 592 1631 ό·
613 1597 779 1638 mortiferis
798 1601 899 1637 poenis
919 1619 926 1627 .
954 1595 1013 1627 Eis
1035 1592 1164 1636 Synodi

274 1646 435 1680 'accessum
447 1645 601 1679 Saraceni
609 1644 671 1677 sub
683 1642 800 1677 mortis
811 1649 902 1676 reatu
915 1641 1151 1676 interdixerant
1159 1666 1166 1674 .

273 1692 415 1730 'Addunt
428 1693 568 1728 eandem
579 1703 621 1728 ex
632 1691 745 1727 eadem
755 1692 851 1727 causa
863 1691 1043 1726 absentiam
1056 1692 1164 1726 conti-

274 1746 356 1795 gisse
367 1747 465 1780 sextae
475 1743 612 1786 Synodo
625 1767 636 1783 ‚
651 1743 697 1776 ’δε
718 1741 945 1777 concludunt:
971 1743 1100 1775 Nullum
1124 1753 1162 1775 ex

275 1795 325 1833 boc
331 1793 355 1838 s
351 1795 447 1828 am‘lae
460 1794 566 1832 synodo
580 1791 923 1834 adhaefitpraeJudicium
934 1816 945 1832 ‚
972 1803 1068 1834 neque,
1079 1798 1162 1825 vires

277 1844 383 1878 habuit
400 1843 560 1886 prohibitlo
576 1842 731 1883 statuendi
739 1843 844 1885 aliqua
855 1866 867 1883 ‚
893 1842 927 1876 Θ
948 1841 1162 1883 manifestafa-

276 1894 373 1929 cien'di
385 1894 468 1928 reda
478 1894 620 1939 dogmata
625 1897 755 1935 pietatis
766 1917 777 1933 ‚
802 1893 954 1935 praecipue
963 1892 1027 1925 cum
1035 1890 1163 1938 sanc‘lis-

271 1946 362 1986 fimus
388 1943 605 1985 &Apostolum
631 1942 729 1985 Papa·
742 1946 896 1976 Romanus
919 1943 1170 1983 concordaverit,

274 1996 351 2028 &in
362 2006 399 2028 ea
411 1999 553 2027 Inventus
570 1991 665 2033 fuerit
679 2000 735 2035 per
745 1991 944 2037 Apocrtsartos
964 1990 1033 2035 Jicos
1045 2015 1054 2023 .
1080 1994 1164 2028 Orn-

273 2045 370 2079 nium
392 2044 538 2088 quinque
561 2040 822 2077 Patriarcharum
854 2042 1056 2086 ptaesentiam
1083 2042 1164 2075 affit-

274 2104 367 2129 mant
404 2092 542 2137 synodo
562 2092 792 2131 necessariam,
818 2092 961 2134 ipsorum
982 2100 1094 2124 tamen
1115 2101 1162 2122 ex

273 2145 370 2179 causa*
390 2142 570 2177 absentiam
591 2151 662 2174 non
684 2141 814 2173 officere
834 2160 846 2176 ‚
872 2137 1063 2172 dummodo
1081 2136 1171 2171 adlit

277 2195 451 2227 Romanus
473 2203 480 2222 :
507 2191 540 2223 &
563 2187 749 2230 hujusmodi
771 2186 910 2230 Synodo
947 2187 1011 2222 effe
1030 2186 1162 2231 plenam

279 2241 433 2287 quaelibet
445 2238 627 2273 definiendi
640 2237 833 2282 potestatem
848 2263 856 2271 .

330 2290 457 2326 Verum
468 2290 586 2329 sextae,
612 2288 775 2331 septimae,
798 2296 896 2330 atque
918 2287 1037 2321 ostavae
1058 2286 1162 2329 syno-

275 2340 327 2375 dis
355 2365 366 2382 ‚
394 2340 475 2374 licet
495 2336 712 2383 quorumdam
737 2333 998 2371 patriarcharum
1021 2337 1163 2380 personae

277 2389 464 2430 defuerint,
489 2388 666 2422 adfuerunt
691 2397 803 2422 tamen
815 2386 934 2431 Legati
961 2395 1058 2427 atque
1082 2385 1162 2430 dog-

278 2442 406 2475 maticae
424 2438 598 2482 Epistolae,
623 2437 743 2481 quibus
755 2438 787 2471 se
812 2437 847 2471 δε
867 2438 938 2470 suas
960 2433 1161 2470 Patriarcha-

277 2492 324 2526 les
341 2489 496 2534 synodos
505 2487 752 2523 omnibusastis
776 2486 810 2520 ὃς
822 2485 959 2530 agendis
978 2485 1160 2520 communi-

279 2552 354 2575 care
379 2541 413 2574 δε
435 2538 618 2574 consentire
642 2536 884 2581 profitebantur
909 2560 918 2568 .
946 2534 991 2570 Et
1027 2535 1161 2579 quidem

278 2590 376 2624 sextae
387 2587 525 2630 Synodo
535 2587 645 2621 adfuit
655 2587 757 2621 etiarn
770 2583 960 2629 patriarcha
980 2583 1160 2620 Antioche-

280 2651 360 2674 nus.
390 2637 578 2682 EtVigilio
593 2635 779 2675 Pontifici,
807 2635 899 2679 quod
922 2634 1061 2669 Latinos
1087 2637 1161 2669 suos

282 2689 463 2732 Episcopos
474 2688 584 2721 secum
596 2696 665 2719 non
676 2684 809 2720 haberet
820 2686 855 2719 in
878 2685 1080 2729 competenti
1102 2697 1161 2720 nu-

282 2749 373 2774 mero
387 2761 398 2778 ,
424 2737 574 2781 quintam
595 2734 769 2780 Synodum
790 2735 941 2770 accedere
976 2736 1159 2776 recusanti,

282 2785 513 2832 responderunt
525 2786 713 2821 Graecorum
724 2784 937 2819 Patriatchae:
968 2788 1034 2819 Nec
1052 2790 1083 2818 in
1091 2784 1161 2828 san-

281 2839 338 2872 His
348 2844 469 2880 quatuor
482 2837 601 2874 synodis
613 2837 772 2870 multitudo
783 2836 1016 2870 occidentalium
1038 2833 1159 2878 Episco-

278 2897 385 2931 porum
396 2892 523 2920 inventa
533 2884 570 2927 est
582 2896 722 2928 umquam
734 2911 745 2927 ,
766 2884 826 2929 sed
835 2887 891 2919 duo
910 2886 962 2919 vel
969 2895 1028 2919 tres
1041 2883 1159 2928 Episco-

277 2945 334 2980 pi,
361 2935 610 2972 &certiclerich
638 2935 694 2970 Ut
706 2938 796 2971 enim
820 2934 1008 2970 Patriarcha
1033 2936 1068 2970 δε
1090 2947 1157 2970 om·

283 2989 335 3021 nis
345 2987 412 3030 ejus
425 2986 579 3021 Dioecefis
589 2986 756 3021 censeatur
777 2986 882 3021 adesse
902 2985 1059 3030 Synodo,
1085 2987 1159 3020 satis

282 3037 329 3071 est
341 3037 446 3070 adeffe
468 3036 611 3080 ipsorum
632 3034 753 3071 litteras
779 3037 813 3071 ὃ(
836 3038 997 3082 Legatos.
1023 3035 1071 3071 At
1082 3034 1159 3071 vero

284 3099 375 3121 nunc
397 3084 481 3120 adeo
507 3094 721 3119 excreverunt
741 3086 931 3132 iniquitates
953 3086 1068 3121 nostrae
1086 3111 1096 3127 ,
1122 3097 1158 3120 ut

286 3147 426 3181 quatuor
453 3134 695 3170 Patriarchatus
719 3147 787 3170 non
811 3137 916 3172 solum
933 3137 1002 3171 'sub
1015 3137 1159 3171 Turcica

285 3187 439 3222 servitute
449 3209 460 3226 ‚
487 3185 540 3221 sed
553 3183 652 3220 etiam
662 3183 719 3218 sub
731 3185 897 3222 schismate
917 3188 951 3222 &
963 3187 1057 3222 variis
1079 3197 1159 3221 erro-

287 3237 376 3272 ribus
396 3246 557 3282 gemant,
581 3235 731 3279 adeoque
749 3236 813 3279 jam
835 3237 897 3272 fint
911 3238 1055 3272 Ecclesiae
1075 3235 1159 3281 apud

286 3288 393 3332 ipsos,
419 3287 498 3321 ficut
521 3285 586 3320 favi
606 3285 691 3329 apud
703 3287 825 3331 vespas.
852 3288 967 3323 Restat
988 3287 1084 3322 nobis
1096 3288 1160 3322 Ro-

287 3350 404 3373 manus
414 3333 651 3371 patriarchatus
660 3360 672 3376 ,
698 3336 731 3370 &
741 3337 870 3380 quidem
881 3339 980 3373 etiam
1004 3339 1160 3373 laceratus

290 3389 323 3422 in
348 3388 451 3422 varias
461 3386 605 3422 haereses.
632 3387 1053 3423 SacrosanstoTridentino
1073 3389 1160 3422 Con-

290 3437 369 3472 cilio
392 3438 501 3474 nullus
529 3436 634 3474 adfuit
651 3435 835 3474 Patriarcha
855 3462 867 3479 ‚
894 3439 1003 3474 nullus
1026 3439 1158 3474 Graecus

1225 407 1323 434 cum,
1348 396 1401 430 sed
1422 396 1591 430 dumtaxat
1620 398 1855 433 patriarchale.

1276 446 1425 483 Eandem
1450 446 1659 489 quaestionem
1672 459 1784 483 movet
1808 450 1841 483 in
1856 449 1943 485 libris
1964 450 2005 485 de
2016 450 2106 486 Con-

1225 495 1394 530 cordantia
1417 495 1591 530 Catholica
1615 497 1776 532 Nicolaus
1802 499 1985 535 Cardinalis
2005 501 2108 536 Cusa-

1227 557 1306 578 nus:
1335 546 1429 579 Hodie*
1440 551 1510 588 quia
1520 545 1698 589 universalis
1713 547 1847 582 Eccleh‘ae
1867 574 1877 588 ‚
1902 551 1979 591 beu,
2006 552 2052 584 ad
2060 549 2107 593 so-

1224 596 1286 627 lum
1313 596 1556 629 patriarchatum
1566 601 1745 631 'Romanum
1768 599 1959 640 redae‘laest,
1985 600 2108 642 &quod

1224 645 1374 689 quondam
1397 645 1605 680 patriarchale
1621 651 1759 691 generale
1794 658 1934 690 tantum,
1961 652 1994 684 (15
2008 649 2107 692 subje-

1226 695 1306 728 c‘lum
1328 698 1460 728 Romano
1489 696 1623 738 Pontifici
1640 698 1710 739 fuit
1741 722 1752 738 ‚
1777 698 1860 733 bodie
1884 700 1922 741 es}
1944 699 2108 733 concilium

1225 744 1395 788 universale
1418 769 1430 785 ‚
1466 750 1637 789 universam
1668 747 1822 789 Ecclesiam
1850 750 2076 793 ‘repraesentans
2096 776 2105 784 .

1226 796 1306 831 Hinc
1318 797 1381 829 cum
1406 795 1458 829 boc
1469 807 1580 830 novum
1584 796 1644 838 fit,
1670 798 1813 831 dubitatio
1823 810 1928 833 exorta
1937 801 1974 838 est
1987 825 1994 832 .
2022 804 2108 844 ,Qua-

1224 855 1256 877 re
1282 845 1334 878 hoc
1352 848 1475 880 sacrum
1489 846 1661 890 Bafileense
1676 848 1840 881 Concilium
1859 848 1968 892 absque
1982 853 2107 891 paffione
2126 865 2185 896 [ὦ
2200 873 2281 896 ωο,

1224 905 1289 927 cum
1306 894 1424 938 summa
1444 896 1669 941 mansuetudine
1685 897 1719 941 se
1732 897 1840 932 habere
1851 899 1939 933 debet
1962 905 1995 931 in
2005 902 2107 936 ordine

1225 946 1269 977 ad
1276 949 1442 980 Romanum
1454 949 1644 991 Pontificem.
1671 953 1744 983 Non
1763 947 1847 992 seex
1869 951 2026 992 privilegio
2044 956 2109 983 uni·

1226 993 1352 1036 versalis
1375 999 1499 1030 concilii
1519 1004 1552 1031 in
1581 1006 1701 1032 tantum
1723 1004 1819 1043 erigat
1834 1024 1845 1041 ,
1874 1001 1911 1033 de
1938 1010 1993 1042 quo
2008 1000 2109 1041 potius

1226 1045 1471 1089 dolendum'effet
1491 1071 1502 1088 ‚
1533 1050 1612 1090 quod
1634 1048 1823 1092 oblivifiatur
1841 1048 2028 1093 subjellionis
2051 1053 2110 1083 Pa-

1225 1093 1412 1134 triarcbalis‚
1447 1105 1481 1129 m
1495 1108 1554 1139 qua
1561 1098 1746 1141 fiemperfuit
1755 1124 1767 1140 ‚
1792 1099 1956 1144 secundum
1968 1111 2059 1142 quam
2077 1104 2110 1132 in

1227 1145 1347 1186 Papam
1365 1145 1484 1188 fidelem
1512 1146 1589 1180 nibil
1604 1150 1706 1190 poffit.
1730 1149 1856 1184 Totius
1875 1151 2019 1184 Eccleliae
2038 1151 2111 1183 uni·

1228 1195 1365 1236 versale,
1393 1207 1431 1229 ac
1454 1195 1676 1231 Patriarchale
1699 1198 1891 1233 Concilium
1913 1199 2110 1244 distinguit.

1229 1244 1270 1277 Et
1294 1244 1359 1279 hoc
1380 1244 1463 1279 dicit
1489 1247 1690 1292 quandoque
1709 1249 1795 1287 esse,
1821 1248 2020 1292 quandoque
2040 1259 2111 1282 non

1226 1295 1287 1328 effe
1297 1296 1464 1339 generale.
1484 1295 1666 1332 ‘Romanus
1675 1298 1766 1332 enim
1780 1297 2025 1333 patriarchatus
2043 1298 2113 1341 plu·

1227 1355 1273 1378 res
1286 1356 1353 1378 non
1367 1346 1539 1380 dumtaxat
1552 1346 1744 1383 Provincias
1756 1371 1766 1386 ‚
1792 1348 1844 1382 sed
1870 1349 1969 1383 etiarn
1982 1348 2112 1383 vastiffi·

1227 1405 1296 1428 mas
1315 1396 1482 1430 Di'oeceses
1505 1394 1604 1431 habet
1625 1422 1636 1439 ,
1662 1409 1801 1441 quarum
1822 1397 2017 1443 quandoque
2043 1409 2114 1433 om·

1228 1444 1319 1478 nium
1343 1470 1355 1486 ‚
1381 1446 1579 1489 quandoque
1595 1447 1767 1482 dumtaxat
1791 1450 1888 1482 unius
1914 1458 1971 1484 aut
1993 1447 2114 1493 aliqua·

1226 1505 1296 1526 rum
1311 1494 1588 1538 Episcopos'Papa
1612 1506 1728 1530 evocat
1751 1497 1791 1530 ad
1815 1500 1904 1531 suam
1915 1497 2110 1540 synodum:

1227 1542 1271 1574 Et
1283 1541 1351 1575 haec
1360 1542 1407 1576 est
1428 1542 1657 1576 Patriarchalis
1670 1569 1680 1585 ‚
1704 1555 1771 1578 non
1784 1547 1959 1589 generalis.
1987 1547 2114 1581 Totius

1227 1590 1377 1624 Ecclefiae
1398 1592 1600 1632 universale,
1626 1593 1732 1628 senex
1752 1596 1899 1641 quinque
1911 1595 2114 1634 patriarcha-

1194 1664 1196 1668 .
1226 1639 1314 1674 tibus
1324 1640 1504 1676 adunatum
1518 1642 1731 1686 Concilium,
1757 1644 1853 1681 docet
1863 1647 1926 1681 ene
1948 1648 2039 1691 supra
2051 1645 2111 1682 Pa-

1194 1710 1197 1715 ·
1224 1691 1335 1732 pam,'
1350 1692 1385 1728 &
1408 1690 1496 1725 hunc
1521 1692 1563 1726 ab
1586 1692 1647 1728 illo
1669 1694 1808 1737 judicari
1819 1697 1907 1740 posse
1924 1722 1935 1737 ,
1958 1707 1997 1731 ac
2009 1700 2112 1732 etiam

1225 1738 1346 1783 deponi
1369 1753 1378 1783 ;
1406 1740 1625 1777 patriarchale
1645 1753 1755 1778 autem
1776 1769 1787 1785 ‚
1811 1746 1914 1782 etiam
1933 1747 2112 1791 generale,

1225 1791 1344 1824 fatetur
1356 1791 1512 1826 Pontifici
1524 1793 1646 1828 subesse
1662 1820 1669 1826 .
1697 1794 1741 1828 Et
1753 1795 1794 1829 de
1806 1794 1869 1830 hac
1880 1796 2051 1840 posteriori
2062 1807 2113 1831 ve-

1226 1841 1321 1874 ritate
1334 1843 1432 1876 nemo
1443 1854 1600 1886 umquam
1613 1842 1775 1879 dubitavit
1789 1871 1795 1877 .
1823 1846 1867 1880 Et
1879 1845 1956 1889 quia
1985 1847 2113 1881 univer-

1224 1890 1296 1924 salis
1308 1891 1449 1926 Ecclesia
1462 1893 1501 1927 ad
1517 1894 1652 1928 unicum
1665 1893 1922 1931 patriarchatum
1935 1921 1945 1937 ‚
1966 1907 2004 1931 ac
2017 1897 2112 1931 (Ecu-

1226 1940 1353 1974 me'nica
1381 1942 1471 1976 illius
1494 1944 1648 1986 Synodus
1671 1945 1712 1979 ad
1735 1945 1870 1980 unicum
1891 1945 2111 1982 patriarchale

1226 1991 1419 2026 Concilium
1431 1992 1496 2035 jam
1507 1996 1673 2029 contracta
1682 1997 1759 2030 sunt
1768 1996 1924 2030 famosam
1933 1997 1974 2031 de
1985 1998 2111 2031 univer-

1225 2040 1297 2074 salis
1311 2041 1456 2076 Concilii
1469 2044 1560 2087 supra
1575 2042 1700 2088 Papam
1728 2047 1954 2089 superioritate
1965 2047 2110 2091 quaestio-

1225 2100 1300 2122 nem
1312 2090 1463 2124 laudatus
1472 2093 1663 2127 Cardinalis
1684 2094 1766 2129 reae
1777 2095 1924 2131 adfirmat
1938 2098 2005 2140 jam
2017 2098 2113 2132 cessa-

1224 2148 1272 2171 re.
1308 2137 1505 2172 Universale
1516 2142 1633 2182 quippe
1644 2142 1841 2178 Concilium
1861 2146 1926 2187 jam
1937 2147 2025 2180 aliud
2041 2158 2108 2181 non

1221 2187 1265 2219 est
1283 2186 1380 2228 quam
1393 2189 1544 2231 generale
1556 2188 1794 2231 patriarchale,
1822 2193 1914 2236 supra
1938 2195 2027 2238 quod
2041 2197 2108 2229 avi-

1223 2246 1255 2270 ta
1268 2237 1322 2269 sua
1337 2237 1495 2279 potestate
1504 2237 1663 2273 Pontifex
1674 2250 1803 2284 propter
1828 2243 2026 2287 reliquorum
2049 2245 2110 2280 Pa-

1224 2282 1435 2320 triarcharum
1457 2285 1637 2321 haereticam
1680 2300 1736 2324 aut
1761 2289 1995 2328 schismaticam
2018 2294 2108 2339 Apo-

1222 2334 1349 2369 stafiam
1371 2347 1439 2370 non
1460 2338 1563 2379 potest
1587 2338 1650 2372 effe
1672 2344 1812 2382 exutus,
1841 2354 1900 2377 nec
1922 2344 2106 2389 &quopiam

1223 2384 1351 2429 spoliari
1371 2411 1378 2418 .
1406 2386 1499 2420 Hinc
1522 2387 1735 2423 Basileensem
1757 2392 1931 2434 Synodum
1956 2396 2106 2430 adfirmat

1223 2436 1329 2480 palam
1351 2435 1472 2470 subesse
1497 2437 1678 2480 Pontifici,
1703 2439 1835 2485 ejusque
1858 2443 1891 2476 in
1912 2445 2103 2489 Eugenium

1224 2495 1375 2530 quartum
1402 2498 1440 2520 ac
1451 2486 1676 2531 Apostolicam
1698 2490 1815 2526 Sedem
1832 2494 1917 2528 varia
1941 2495 2105 2530 definitio-

1226 2547 1305 2570 num
1330 2546 1367 2570 ac
1383 2535 1582 2579 judiciorum
1595 2536 1767 2576 Attentata
1790 2542 1955 2588 improbat
1975 2546 2103 2589 optimo

1222 2586 1290 2630 jure
1304 2610 1315 2626 ,
1338 2595 1435 2628 atque
1449 2587 1585 2624 damnat
1595 2615 1602 2622 .

1274 2636 1398 2671 Eadem
1411 2637 1619 2674 lamentanda
1633 2640 1780 2676 Eccleliae
1793 2645 1975 2679 contractio
1994 2647 2102 2680 firmat

1224 2687 1404 2730 praesentem
1428 2688 1527 2722 nostri
1550 2690 1704 2735 Gregorii
1725 2693 1894 2728 Dieiatum
1924 2720 1931 2727 .
1968 2695 2102 2729 Etenim

1222 2736 1472 2772 Patriarchalem
1485 2762 1495 2778 ‚
1521 2740 1705 2783 generalem
1721 2744 1892 2786 praesertim
1903 2769 1914 2785 ‚
1926 2745 2100 2788 Synodum

1221 2787 1285 2822 fine
1297 2786 1488 2822 Patriarchae
1500 2788 1666 2834 Praecepto
1689 2792 1759 2826 fieri
1775 2804 1843 2827 non
1865 2795 1974 2838 pofl‘e,
2001 2806 2100 2830 nemo

1221 2846 1376 2881 umquam
1389 2839 1516 2873 vocavit
1540 2842 1573 2873 in
1586 2841 1739 2875 dubium.
1765 2843 1878 2892 Qare
1901 2855 1962 2879 nec
1982 2845 2024 2878 de
2043 2843 2100 2878 ho-

1219 2886 1329 2922 dierna
1351 2889 1456 2922 nostra
1479 2890 1652 2925 universali
1678 2892 1772 2935 poffit
1784 2892 1922 2928 dubitari
1937 2919 1944 2927 .
1972 2894 2099 2930 Verum

1220 2949 1287 2972 non
1298 2936 1338 2972 de
1350 2937 1411 2973 hac
1423 2939 1489 2974 sola
1505 2964 1516 2981 ,
1542 2941 1593 2974 sed
1605 2942 1705 2976 etiam
1722 2943 1760 2977 de
1775 2943 1868 2986 plene
1889 2955 1931 2977 ex
1952 2945 2100 2988 quinque

1220 2987 1495 3024 Patriarchatibus
1514 2992 1688 3025 universali
1714 2994 1852 3035 Synodo
1865 2993 2042 3037 Gregorius
2051 2994 2100 3029 di-

1219 3039 1316 3072 stavit
1329 3064 1337 3071 .
1364 3039 1508 3074 Distavit
1522 3052 1561 3074 ex
1572 3042 1734 3076 Lucentio
1744 3043 1908 3078 Esculano
1918 3044 2096 3089 Episcopo,

1220 3090 1325 3123 Sancti
1354 3089 1474 3125 Leonis
1496 3091 1589 3133 Papae
1615 3091 1654 3125 ad
1679 3089 1983 3128 Chalcedonensem
1995 3095 2097 3136 Syno-

1219 3139 1298 3171 dum
1312 3138 1438 3183 Legato
1450 3166 1461 3181 ,
1488 3140 1636 3175 adversus
1654 3141 1854 3177 Dioscorum
1876 3141 2094 3178 patriarcham

1221 3188 1482 3225 Alexandrinum
1521 3193 1759 3234 pronunciante
1786 3206 1793 3226 :
1824 3195 1945 3236 Judicii
1970 3192 2021 3236 sui
2042 3204 2092 3226 ne-

1217 3238 1284 3281 cesse
1302 3237 1341 3278 est
1366 3239 1530 3283 Dioscorum
1554 3244 1626 3276 dare
1644 3249 1790 3277 rationem
1809 3269 1816 3276 .
1858 3245 1941 3286 ,Quia
1962 3254 2026 3276 cum
2043 3245 2094 3284 ju·
2112 3256 2177 3288 Ast„
2207 3265 2233 3285 χ,

1220 3289 1341 3321 dicandi
1356 3290 1514 3334 personam
1545 3304 1603 3325 non
1636 3293 1754 3327 baberet
1777 3318 1786 3333 ,
1809 3292 1995 3337 praesumpfit
2023 3316 2033 3331 ³
2059 3294 2093 3326 (Ὺ

1218 3339 1361 3377 synodum
1373 3339 1459 3384 ausus
1470 3342 1507 3383 est
1515 3341 1616 3386 facere
1629 3343 1682 3379 line
1702 3343 1873 3378 auc‘loritate
1884 3345 1968 3377 Sedis
1985 3341 2094 3383 Aposto-

1219 3390 1283 3422 licae
1307 3413 1318 3429 ‚
1344 3392 1423 3432 quod
1449 3404 1608 3435 numquam
1632 3396 1714 3427 licuit
1739 3417 1749 3433 ‚
1787 3405 1955 3436 numquam·
1972 3391 2094 3433 samm

1220 3438 1256 3480 est
1276 3463 1283 3471 .
1310 3439 1493 3476 Secundam
1516 3442 1712 3486 Ephefinam
1738 3442 1908 3488 Synodum
1931 3439 1969 3474 ad
1995 3443 2094 3475 sacras

1863 3489 2047 3526 Theodosii
