2366 3756
401 190 420 236 3
435 176 458 223 8
465 183 497 222 6

379 260 432 296 vel
439 257 636 294 reconciliare
1142 269 1158 294 1
1164 269 1185 307 7
1189 270 1209 296 2

328 310 471 353 Pontifex
483 307 637 343 Romanus
656 302 736 353 filus
759 310 806 344 uti
813 305 904 352 potest
914 307 1120 354 Imperialtbus
1145 307 1203 350 infi-

370 364 473 405 gniis.
1140 369 1205 405 191

326 410 446 453 Pontifi
444 415 461 443 1
485 410 617 442 Romano
634 404 689 451 solz
699 409 765 443 licet
787 418 883 444 novas
905 408 982 452 leges
1002 410 1144 452 condere3
1171 411 1208 443 de

374 464 528 494 canonica
542 458 702 493 abbatiam
716 459 846 503 facere·
831 483 844 503 ,
875 457 1073 503 Episcopatus
1088 461 1206 496 divide-

373 522 407 545 re
416 521 450 543 ac
463 515 549 545 unire
559 534 567 542 .
1135 520 1152 548 1
1162 507 1207 558 84

323 561 478 604 Pontificis
487 559 720 597 Romanielefflo
744 565 794 603 qui
806 557 1002 602 instituenda.
1157 562 1202 609 69

322 610 477 655 Pontificis
490 613 619 644 Romani
629 608 729 645 elefflo
741 609 783 652 fit
793 615 827 643 in
835 610 979 652 potestate
990 610 1205 644 cardinalium

370 659 578 706 Episcoporum
596 672 604 693 :
632 661 815 704 Accedatque
842 661 1024 696 clericorum
1046 662 1081 696 Θ
1101 663 1202 696 Laico-

369 723 438 746 rum
454 709 604 755 consensus
614 733 621 744 .
1148 711 1201 748 68

319 763 411 797 Ponti
408 760 474 805 ficis
485 765 614 795 Romam·
628 763 760 806 Legams
774 785 785 802 ‚
803 767 895 797 etiam
904 761 1053 804 inf‘erioris
1060 762 1201 808 gradus,

368 818 402 846 in
411 815 551 846 conciliis
563 812 699 845 omnibus
706 810 808 855 praefit
824 810 984 856 Epifiopis
998 837 1006 844 .
1135 822 1147 846 1
1155 810 1199 860 76

318 862 473 906 Pontificls
485 866 614 896 Roman}
619 860 714 907 sollus
728 873 830 899 nomen
848 868 881 897 in
892 860 1028 906 Ecclefiis
1038 867 1194 897 recitatur.

367 922 446 950 202.

317 963 473 1005 Pontificis
496 966 624 997 Romani
641 961 732 1009 solius
749 962 846 1009 pedes
868 988 879 1008 ,
906 974 1005 999 omnes
1043 964 1199 1005 Principes

363 1011 570 1056 exoftulantur
580 1040 587 1047 .
1131 1023 1196 1059 195

415 1112 523 1155 Eferri
548 1113 655 1148 debent
665 1114 762 1158 causae
783 1116 912 1156 maJ‘ores
927 1110 1128 1156 cujuscumque
1138 1113 1196 1144 Ec

437 1163 526 1206 clefiae
534 1165 582 1199 ad
590 1164 779 1207 apostolicam
789 1166 911 1200 Sedem
940 1167 986 1198 Et
996 1162 1114 1196 dubtae.
1107 1170 1146 1210 3
1149 1168 1170 1207 3
1174 1170 1192 1209 5

982 166 1486 219 INDEX.

1334 309 1457 346 Acerdos
1473 308 1582 356 palam
1600 307 1824 347 concubinarius
1851 320 1890 347 ne
1911 311 2026 357 Mfftm
2050 321 2148 349 cantet

1359 368 1437 406 144·

1267 411 1433 445 Sacerdotis
1442 409 1640 446 concubinarii
1651 410 1766 453 Mtffam
1786 420 1869 445 nemo
1879 411 2001 446 audiat.
2104 411 2146 461 85

1267 461 1432 498 sacerdotis
1449 461 1554 504 palam
1566 459 1763 498 cannabinum
1784 471 1868 496 nemo
1879 461 1996 507 Miffm
2015 463 2144 497 audiat.

1320 520 1398 557 144.

1266 563 1427 603 scriptura
1432 558 1531 606 sacrae
1542 560 1639 595 nullus
1649 559 1723 595 liber
1739 559 1887 597 habeatur
1899 565 2067 598 canonicus
2082 561 2148 606 abs-

1314 621 1370 655 que
1381 613 1477 654 Papae
1497 610 1693 645 audomare.
2075 621 2097 646 2
2098 610 2144 659 48

1265 662 1395 697 simonia
1405 662 1570 696 damnatur
1582 666 1614 694 in
1625 662 1786 703 conciliis,
1808 659 1864 704 sub
1874 663 1998 696 Nicolao
2010 666 2144 710 11.104.

1319 721 1392 760 130.
1404 720 1573 760 134135
1595 715 1671 746 Item
1674 709 1732 756 sub
1745 713 1916 747 Alexandro
1927 715 1971 746 Π.
2003 716 2005 720 “
2076 723 2142 760 143

1264 762 1425 798 Simonlac?
1450 773 1534 796 nemo
1557 762 1710 797 ordinetur
1731 786 1746 806 ,
1771 773 1822 798 nec
1844 763 1894 797 ad
1913 759 2142 826 Ecdefiastssum

1313 814 1436 857 officium
1450 820 1689 856 promoveatur.
2074 823 2143 860 97

1262 864 1424 899 simoniace
1434 862 1579 909 ordinasti·
1591 864 1772 908 degradetur
1781 889 1788 897 .
1912 894 1914 897 .
2098 872 2114 899 1
2122 874 2144 900 z

1260 915 1282 949 5
1283 914 1422 949 imonlac?
1446 914 1603 949 ordinatus
1613 913 1726 948 nullum
1748 912 1998 957 babeatfraaum
2010 914 2144 957 dignitate

1313 971 1355 998 tis
1385 966 1418 999 (9
1431 965 1545 998 ordiner
1558 989 1565 998 .
2063 962 2139 996 ibid.

1260 1013 1394 1048 Subdms
1415 1015 1500 1053 licet,
1530 1015 1648 1048 licentia
1656 1017 1784 1048 Romani
1805 1013 1962 1058 Pontifhts
1973 1036 1985 1054 ,
2010 1013 2150 1055 Superi&

1307 1073 1356 1097 res
1377 1062 1530 1105 accusare.
2068 1071 2135 1110 373

1265 1112 1395 1152 synodus
1415 1111 1499 1145 nulla
1518 1109 1628 1156 absque
1640 1111 1734 1155 Papae
1743 1115 1896 1157 Praecepto
1919 1111 1959 1153 est
1973 1113 2141 1158 generalis.

1311 1169 1390 1211 234

381 1250 979 1426 INDEX
599 1243 2123 1481 §fimf

432 1481 515 1545 Qi
548 1497 604 1528 res
637 1494 746 1547 atque
772 1479 972 1529 Doffrinas
1000 1479 1275 1543 memorabiles,
1317 1484 1443 1548 inN

1379 1485 1511 1548 Notis
1545 1501 1591 1532 ac
1614 1479 1771 1532 Scholiis
1795 1478 1862 1531 hoc
1890 1487 2016 1533 Tomo

901 1549 1158 1621 pertrahimus
1194 1588 1209 1614 2
1258 1552 1536 1620 compleilitur.

402 1708 520 1745 Bbates
528 1720 570 1744 ex
582 1707 768 1745 ambitione
778 1709 920 1754 promoti
934 1735 946 1752 ‚
958 1709 1060 1746 vitam
1072 1711 1191 1746 vivunt

426 1760 566 1795 saeculari
600 1761 794 1796 deteriorem
806 1785 813 1793 .
1012 1764 1087 1806 Pag.
1100 1764 1156 1799 26.
1171 1771 1186 1796 t

301 1810 446 1847 Abbatis
455 1811 593 1853 electio,
620 1810 678 1855 qui
690 1809 898 1846 Monachum
913 1811 1045 1854 induit,
1071 1822 1108 1846 ut
1121 1810 1189 1846 Ab·

356 1862 411 1897 bas
424 1862 515 1897 fieret
525 1885 536 1903 ‚
554 1862 599 1897 est
612 1860 722 1898 irrita.
745 1862 833 1909 Eligi
849 1860 945 1898 debet
960 1861 993 1896 in
1005 1861 1123 1898 eodem
1134 1873 1185 1897 or·

352 1913 432 1947 dine
452 1911 627 1957 professus
1100 1915 1153 1960 96
1169 1922 1182 1946 1

303 1961 451 1999 Abbates
461 1963 542 1999 olim
553 1964 642 1999 fuere
654 1962 764 1999 Laici.
779 1963 960 2008 Coeperunt
970 1961 1115 1996 ordinari
1127 1958 1186 1993 sub

352 2015 488 2050 initium
501 2014 744 2058 quartisaeculi
770 2024 823 2058 13
845 2024 870 2048 1·
886 2014 969 2046 Sunt
980 2009 1182 2049 Presbyteris

351 2063 535 2107 digniores.
564 2063 601 2096 In
613 2062 757 2104 antiquis
766 2059 908 2100 synodis
920 2059 1107 2090 Graecorum
1129 2053 1183 2088 ha-

351 2112 450 2147 buere
463 2111 673 2153 suffragium.
685 2118 736 2154 14.
750 2119 780 2145 2.
791 2106 973 2141 Potuerunt
983 2116 1025 2139 ex
1037 2104 1183 2139 Decreto

349 2161 492 2206 septimae
503 2157 630 2199 Synodi
644 2158 796 2191 Lectores
806 2156 972 2190 ordinare
1004 2155 1183 2202 13.1.xEu·

349 2212 467 2256 genius
490 2207 545 2241 111.
557 2207 684 2246 sanarit,
711 2207 837 2251 nequis
857 2207 915 2241 nili
927 2204 1102 2249 Presbyter
1125 2215 1181 2239 aut

351 2261 524 2296 Diaconus
534 2260 568 2293 in
583 2257 748 2293 Abbatem
759 2257 921 2301 eligatur.
937 2265 988 2302 14.
1006 2266 1035 2291 1.
1048 2255 1182 2290 Subdia·

353 2322 476 2348 conum
486 2309 572 2354 posse
585 2309 619 2343 in
630 2307 795 2343 Abbatem
805 2307 920 2341 assumi
933 2305 1072 2350 permifit
1082 2305 1181 2339 luno-

352 2362 478 2398 centius
496 2359 550 2394 111.
578 2358 658 2393 ibid.
680 2358 874 2395 Concilium
903 2355 1104 2390 Viennenses
1123 2355 1180 2390 sub

352 2413 526 2447 Clemente
540 2409 580 2445 V.
595 2409 705 2443 statuit
721 2408 887 2443 neminem
903 2407 1008 2451 posse,
1023 2406 1080 2440 nisi
1094 2404 1181 2440 Pres-

351 2463 503 2507 byterum
521 2486 532 2502 ,
559 2459 596 2494 in
618 2459 766 2494 Priorem
789 2458 973 2503 promoveri
995 2481 1007 2499 ‚
1032 2456 1182 2500 adeoque

352 2514 462 2548 necin
480 2510 667 2547 Abbatem.
1085 2517 1136 2554 14.
1149 2516 1180 2541 2.

303 2562 454 2599 Abbatiae
475 2562 494 2597 a
509 2560 645 2596 Clericis
659 2561 843 2603 frequenter
856 2557 996 2593 invasae:
1023 2558 1130 2597 Immo
1149 2558 1182 2591 &

351 2611 463 2649 Laicis
474 2612 558 2647 datae
567 2611 602 2646 in
615 2609 855 2644 Commendam
870 2633 876 2640 .
1092 2617 1146 2654 95.
1157 2619 1179 2642 2

304 2662 445 2699 Abbatis
459 2671 581 2697 nomen
593 2660 717 2703 semper
732 2670 892 2704 magnum
904 2657 965 2692 fuit
977 2658 1010 2692 in
1024 2658 1181 2697 Ecclesia..

355 2713 413 2749 Est
424 2714 594 2755 Syriacum
607 2736 618 2751 ‚
646 2710 830 2756 fignificans
844 2709 975 2742 Patrem
986 2731 993 2739 .
1024 2718 1074 2754 14.
1088 2718 1120 2744 2.
1141 2707 1179 2741 In

354 2763 489 2800 Abbate
499 2772 573 2797 aetas
583 2761 685 2796 virilis
695 2785 706 2802 ,
732 2758 888 2795 senestuti
900 2758 1048 2802 proxima
1058 2782 1069 2799 ,
1078 2759 1181 2800 requi-

354 2814 411 2848 fita
422 2838 430 2848 .
1099 2820 1114 2844 1
1121 2819 1149 2855 5.
1164 2819 1178 2843 1

307 2861 470 2901 Accusare
491 2864 522 2897 se
532 2861 719 2907 digniorem
745 2860 799 2895 seu
812 2857 1013 2903 Superiorem
1036 2857 1069 2892 in
1085 2858 1186 2892 Clero

356 2913 440 2953 olim
466 2913 624 2947 vetitum.
651 2920 731 2959 373.
744 2923 765 2944 1.
781 2910 848 2954 jam
867 2908 947 2944 abiit
958 2910 992 2942 in
1005 2908 1186 2944 desuetudi-

357 2974 452 2998 nem.
1038 2969 1116 3006 374.
1131 2971 1153 2993 ι.
1166 2967 1188 2991 2

310 3013 523 3052 Adulterium
543 3011 644 3047 etiam
665 3008 823 3045 haereticis
846 3008 970 3045 horrori
983 3007 1065 3042 fuit.
1095 3010 1151 3054 58.
1169 3018 1183 3043 1

358 3062 554 3099 Idololatriae
565 3061 837 3105 comparatur-Est
850 3060 951 3095 etiarn
961 3058 1107 3102 quaedam
1116 3070 1187 3093 ava-

359 3114 444 3149 ritia:
459 3112 491 3148 A
506 3112 708 3157 principibus
719 3111 886 3155 quondam
897 3109 1010 3154 gladio
1025 3109 1185 3153 punitum.

361 3175 416 3212 59.
435 3175 462 3200 1.
473 3161 528 3197 Est
541 3161 752 3205 Sacrilegium
763 3173 800 3196 ac
813 3158 1020 3205 parricidium
1035 3184 1043 3192 .
1070 3159 1149 3193 ibid.
1166 3170 1187 3196 2

362 3214 531 3249 Adulteris
543 3212 626 3247 olim
638 3211 797 3255 denegata
812 3210 975 3245 absolutio
990 3234 996 3240 .
1098 3210 1154 3256 58.
1169 3219 1185 3245 1

312 3262 446 3299 Albedo
457 3275 528 3298 vera
539 3263 584 3298 est
595 3264 628 3296 in
642 3260 854 3296 Eucharistia:
868 3259 992 3294 Album
1004 3267 1112 3294 tamen
1128 3271 1187 3293 nec

361 3313 510 3354 videtur,
529 3324 589 3348 nec
601 3312 747 3356 tangitur
759 3335 770 3351 ‚
796 3323 856 3346 nec
866 3311 1026 3354 frangitur
1037 3334 1044 3342 .
1075 3319 1149 3354 109.
1164 3320 1189 3347 2

311 3364 478 3399 Alcuinus
492 3375 558 3398 non
572 3363 616 3397 est
629 3363 739 3396 auctor
751 3359 824 3395 libri
837 3362 877 3395 de
892 3360 1022 3394 Officiis
1036 3360 1188 3394 Ecclefia-

361 3414 467 3448 sticis.
528 3422 530 3424 ’
1074 3421 1153 3447 211-
1169 3422 1184 3446 1

310 3462 500 3499 Alexander
511 3463 551 3498 11.
564 3462 627 3499 fuit
640 3460 995 3498 Nicolai11.succelsor
1009 3486 1014 3495 .
1029 3458 1186 3495 Schisma·

1304 1662 1389 1698 ticus
1402 1661 1569 1699 Cadalous
1579 1663 1755 1706 postmodo
1765 1666 1904 1699 eleana.
1933 1673 2049 1710 14⁶...1
2058 1622 2138 1707 Epi:

1302 1712 1392 1767 scopi
1411 1710 1628 1755 Langobardi
1650 1711 1851 1749 Pontificem
1875 1710 2139 1754 praetendebant}

1302 1760 1358 1806 qui
1373 1759 1438 1795 illis
1452 1770 1569 1794 uxores
1579 1759 1779 1802 permitteret
1791 1760 1826 1794 &
1838 1758 2032 1794 simoniam.
2045 1769 2140 1807 ⁸402

1301 1811 1413 1847 Factio
1441 1809 1598 1845 Romana
1619 1808 1918 1855 &Longobardica
1941 1808 2136 1845 electionem

1300 1861 1485 1897 Alexandri
1498 1859 1675 1895 criminati.
1687 1858 1930 1896 Existimabam
1939 1859 2137 1895 consenum:

1301 1911 1447 1955 Requm
1463 1909 1525 1945 else
1538 1909 1769 1945 necessarium.
1798 1921 1870 1959 14¹·
1883 1921 1907 1943 ι.
1923 1907 2090 1944 cadalous
2100 1908 2136 1944 vi

1299 1961 1333 1993 ἀ
1349 1960 1498 2003 pecuniis
1509 1961 1542 1994 in
1558 1959 1740 1996 Thronum
1754 1962 1784 1996 S.
1796 1960 1884 1994 Petri
1899 1959 2040 1994 intrusus
2051 1958 2135 1995 ibid·-

1297 2007 1506 2044 Alexander
1497 2023 1530 2044 in
1541 2010 1654 2044 SedeA
1660 2010 1818 2054 postolica
1825 2010 2039 2044 confirmatus
2041 2008 2133 2044 ibid.

1297 2056 1462 2092 Cadalous
1474 2060 1505 2093 se
1514 2069 1693 2102 numquam
1701 2059 1827 2103 Papatu
1837 2057 2134 2093 abdicavitMisere

1295 2107 1768 2155 exstin&us.141.2.Alexander
1775 2107 1960 2144 seditannis
1969 2107 2136 2143 undecim.

1297 2157 1425 2201 Synodi
1435 2155 1477 2192 ab
1485 2168 1526 2192 eo
1537 2159 1650 2192 coastae
1661 2157 1763 2194 latent
1774 2168 1831 2194 aut
1840 2158 2014 2203 perierunt.
2022 2156 2098 2205 146.
2109 2168 2137 2195 2

1246 2205 1391 2251 Alleluia
1408 2208 1567 2251 Hymnus
1592 2207 1689 2244 habet
1700 2210 1862 2244 austorem
1876 2211 2038 2255 Aggaeum
2051 2205 2134 2243 Pro,

1295 2256 1452 2301 phetam.
1479 2258 1512 2292 Δ
1533 2259 1712 2305 synagoga
1732 2270 1906 2304 acceptum
1930 2256 2107 2303 Apostoli·
2097 2267 2134 2290 m

1296 2307 1474 2342 Ecclesiam
1485 2306 1694 2344 derivarunt.
1707 2318 1776 2357 159.
1779 2320 1810 2344 2.
1822 2309 1996 2354 Significat
2009 2307 2135 2342 Lauda·

1295 2367 1325 2392 te
1335 2360 1500 2391 Dominum
1508 2360 1582 2393 160
1589 2365 1618 2391 1.
1632 2358 1688 2389 Est
1699 2369 1766 2391 vox
1778 2358 2012 2395 hebraicasuec
2025 2355 2076 2388 vel
2091 2354 2134 2390 ab

1295 2407 1474 2443 haereticis
1467 2418 1501 2441 in
1513 2407 1612 2441 aliam
1623 2405 1772 2451 linguam
1785 2399 1957 2441 translata.
1969 2404 2046 2440 ibid.
2055 2404 2131 2442 Nee

1296 2457 1371 2492 licet
1383 2457 1575 2497 transferre,
1602 2455 1648 2491 ob
1666 2459 1768 2491 varias
1781 2457 1941 2491 rationes.
1966 2456 2038 2491 160.
2050 2465 2084 2491 2·
2097 2454 2133 2488 δε

1296 2509 1382 2552 seqq.
1396 2505 1659 2555 Qadragelimae
1671 2517 1739 2541 non
1749 2506 1909 2542 convenit
1925 2507 2001 2542 162.
2009 2515 2036 2540 1.
2047 2503 2129 2539 Post

1301 2558 1466 2593 Graduale
1475 2569 1532 2592 cur
1542 2567 1684 2592 canatur.
1690 2559 1766 2605 163.
1769 2569 1799 2595 2·
1814 2555 1919 2591 Graeci
1935 2553 2074 2588 Latinos
2085 2564 2132 2588 re·

1300 2607 1516 2653 prehendunt,
1526 2607 1615 2651 quod
1625 2607 1644 2641 ὲ
1654 2607 1893 2652 Septuagelima
1905 2604 1961 2646 usq
1967 2614 2007 2638 ue
2015 2601 2059 2637 nd
2071 2601 2131 2641 Pa,-

1300 2658 1376 2694 scha
1389 2657 1530 2701 Alleluia
1541 2655 1790 2701 praetermittant.
1793 2653 1871 2689 ibid.
1882 2652 2034 2698 Angelus
2044 2650 2131 2686 Psal-
2173 2686 2179 2696 .

1301 2719 1374 2744 mos
1406 2708 1440 2743 δε
1453 2706 1593 2751 Alleluia
1618 2706 1766 2752 AEgypti
1787 2701 1975 2739 Monachus
1996 2710 2130 2737 cantare

1299 2759 1583 2805 docuit-1592.
1611 2757 1762 2802 Angelus
1780 2753 1908 2789 auditus
1927 2752 1997 2791 est,
2021 2751 2128 2787 immo

1298 2808 1399 2843 turbat
1410 2808 1519 2843 multae
1529 2817 1683 2843 canentes
1694 2806 1839 2846 alleluja.
1847 2802 1926 2837 ibid
1941 2801 1998 2837 Est
2012 2811 2128 2837 cantus

1299 2857 1479 2894 Monachis
1489 2855 1668 2893 admodum
1682 2854 1872 2892 familiaris.
2020 2851 2092 2888 160
2107 2860 2126 2889 1

1251 2908 1364 2944 Altare
1386 2909 1521 2944 unicum
1531 2909 1616 2952 apud
1631 2908 1759 2943 Graecos
1773 2905 1895 2940 exstat
1887 2916 1920 2938 m
1936 2904 2052 2946 quavis
2064 2901 2129 2936 Ec-

1300 2960 1409 2993 elesa
1429 2969 1501 3006 147
1514 2970 1538 2997 2
1558 2959 1597 2992 In
1606 2969 1671 3002 quo
1684 2956 1818 2991 unicum
1831 2953 1968 2999 quotide
1977 2951 2127 2987 oblatum

1300 3008 1509 3045 Sacrificium.
1504 3020 1571 3056 ..151
1564 3021 1591 3043 ..i
1594 3019 1622 3043 2.
1625 3007 1737 3042 Etiam
1750 3006 1850 3041 olim
1841 3018 1875 3039 m
1889 3003 2029 3039 Ecclefia
2039 2999 2127 3036 Lati-

1301 3072 1362 3093 na.
1380 3068 1447 3107 153.
1441 3071 1478 3094 ..ι
1493 3058 1656 3093 Altarium
1669 3055 1870 3092 multitudo
1861 3066 1895 3090 in
1908 3065 1973 3090 una
1985 3048 2128 3087 Ecclesia

1304 3109 1348 3144 est
1358 3120 1495 3153 quatuor
1507 3108 1625 3144 saeculis
1640 3106 1801 3143 anterior.
2015 3110 2091 3148 153

1258 3159 1531 3204 Amalphitanum
1555 3159 1746 3193 Concilium
1768 3155 1828 3191 sub
1838 3154 1983 3190 Nicolao
2002 3152 2044 3186 ΙΙ.
2056 3146 2130 3186 coa‘

1301 3211 1419 3250 Cium,
1451 3218 1488 3251 ut
1511 3208 1632 3252 Apulia
1668 3209 1703 3243 &
1724 3206 1876 3242 Calabria
1896 3206 1914 3240 a
1939 3204 2130 3238 Graecorum

1301 3258 1471 3295 schismate
1480 3269 1719 3304 expurgaretur,
1720 3257 1754 3292 &
1766 3257 1945 3301 Episcopus
1956 3248 2129 3295 Amalphi-

1301 3320 1397 3345 tanus
1418 3308 1654 3344 restitueretur.
2027 3312 2091 3349 119
2109 3310 2126 3337 1

1254 3360 1483 3396 Ambrofiasser
1492 3360 1536 3393 est
1546 3359 1691 3400 Hilarus,
1694 3357 1733 3393 ad
1743 3356 1876 3393 schisma
1886 3354 2041 3398 delapsus.
2047 3362 2102 3397 ¹71
2096 3360 2128 3385 2

1252 3411 1362 3446 Amen
1372 3409 1406 3444 δε
1417 3409 1579 3453 Alleluja
1569 3421 1603 3443 m
1612 3409 1711 3444 aliam
1720 3409 1868 3465 linguam
1880 3405 2050 3439 transferre
2059 3410 2127 3434 non

1299 3461 1396 3496 licet.
1423 3460 1537 3495 Plures
1548 3460 1726 3496 afferuntur
1747 3458 1908 3493 rationes.
1967 3450 2091 3539 A1d60
2107 3460 2126 3488 2

2006 3515 2024 3538 n
2049 3511 2079 3535 e-
