2366 3756
117 3082 194 3118 Cap.
211 3086 257 3115 25.

385 146 490 195 '186

313 280 437 323 Ecclesia
447 283 525 327 leges
532 279 656 324 speciali
662 286 872 325 praerogativa
879 291 989 324 ponere
1014 293 1049 315 ac
1073 284 1197 317 Decreta

306 333 452 376 statuere,
478 341 567 374 atque
580 330 747 375 fintentias
765 333 974 376 promulgare.
1004 332 1110 366 Addit
1129 330 1197 372 haee

311 394 381 416 non
394 382 456 420 effe
473 383 527 415 sua
537 391 750 422 commenta,
778 383 833 417 sed
847 383 913 417 Dei
925 382 1099 424 Instituta,
1127 394 1199 426 quae

309 444 379 466 non
392 433 541 477 ignoret,
568 430 622 465 sed
636 432 670 465 in
683 431 747 466 suis
756 430 911 469 Archivis
921 434 1089 468 recondita
1103 434 1198 476 possi-

307 482 383 517 deat
396 482 537 521 Ecclefia
549 481 721 531 Gallicana
735 506 743 514 .
772 483 815 518 Et
828 485 862 518 in
875 484 989 523 litteris
1002 483 1042 518 ad
1053 482 1198 521 Valche·

307 533 415 567 linum
427 531 687 568 Vintoniensem
701 532 903 577 Episcopum
916 533 1110 578 Arnulphus
1118 533 1195 578 Epis·

306 584 424 627 scopus
436 582 616 621 Roffenfis:
630 586 793 626 Numquid
801 586 927 619 Decreta
937 587 971 624 (5
982 590 1119 618 Canones
1130 590 1193 617 uni·

304 632 385 675 verfi
396 633 577 674 christiana
584 632 660 675 fidei
671 634 852 678 Confeffores
877 646 932 669 aut
950 635 1114 680 deftnfhres
1135 646 1192 673 uno

299 682 412 731 spiritu
425 708 437 724 ‚
463 684 621 727 eodemque
627 682 715 728 sensu
729 687 911 721 decrevere?
938 687 1091 729 Pluraque
1112 691 1191 718 enim

303 734 345 769 ab
367 745 424 767 uno
439 758 450 775 ,
476 733 635 769 Romano
658 735 772 779 utique
793 734 979 781 Pondfice,
1003 737 1143 770 nonnulla
1169 736 1190 772 ,ἂ

297 784 440 827 pluribus
446 782 519 828 fient
531 786 656 828 definita
669 810 680 826 ,
706 797 773 828 quae
784 796 887 820 tamen
908 788 948 821 ab
968 787 1102 820 omnibus
1118 798 1189 829 gra-

300 844 404 872 tanter
418 832 492 878 sunt
513 844 634 878 accepta
647 859 658 876 ‚
685 838 705 868 ὰ
727 842 845 872 nemine
854 845 1022 879 contempta
1034 862 1041 870 .
1073 837 1187 871 Exstat

298 884 436 928 epistola
447 885 532 931 apud
546 886 671 923 Lucam
695 886 914 923 Dacherium.
942 887 986 924 Et
1009 889 1044 921 in
1056 886 1186 924 novella

297 933 340 970 ad
354 935 490 985 AEtium
504 937 670 981 utriusque
681 937 807 974 militiae
818 938 852 971 in
865 938 976 975 Gallia
990 937 1185 982 Magistrum

294 985 373 1030 lege
389 985 603 1025 Theodosius
617 987 776 1022 secundus
802 999 840 1022 ac
853 987 1111 1023 Valentinianus
1125 999 1185 1022 ter-

295 1035 362 1072 tius
385 1036 622 1080 Imperatores.-
649 1038 815 1076 Gallicanls
837 1037 1017 1081 Epist-opis,
1041 1037 1184 1083 omnibus-

293 1097 351 1129 que
357 1094 415 1129 pro
434 1087 496 1132 lege
506 1086 547 1129 fit
558 1090 710 1130 quidquid
713 1087 823 1132 sanxit
847 1091 901 1123 vel
906 1088 1047 1132 sanxerit
1071 1089 1184 1130 Aposto-

293 1137 359 1173 licae
385 1138 471 1171 Sedis
498 1138 677 1172 auclorttas'.
706 1139 843 1173 Exstant
868 1140 904 1173 in
922 1140 1050 1174 Codice
1070 1138 1184 1173 Theo·

292 1187 450 1222 dofiano.
477 1189 655 1223 Condendi
679 1189 829 1224 Canonis
846 1190 1038 1232 potestatem
1063 1199 1184 1232 nequae

290 1247 392 1280 quam
419 1240 596 1273 conferunt
619 1239 777 1273 Romano
800 1240 966 1283 Episcopo
988 1264 999 1281 ‚
1035 1238 1088 1277 sed
1117 1239 1184 1273 avi-

291 1295 365 1322 tum
387 1298 514 1322 morem
541 1290 574 1322 δε
600 1289 841 1333 Evangelicum·
863 1289 1054 1326 Institutum
1077 1288 1182 1323 decla-

288 1346 364 1371 rant
391 1349 429 1371 ac
444 1338 593 1372 firmant.
623 1338 666 1373 Et
687 1338 729 1375 ad
750 1349 868 1375 omnes
879 1339 1002 1382 ubique
1013 1337 1182 1372 Orthodo-

289 1397 351 1422 xos
360 1386 474 1421 scribit
485 1387 632 1431 Magnus
646 1385 866 1421 Athanasius:
895 1393 968 1422 Non
989 1396 1102 1431 nupera
1128 1397 1181 1422 aut

288 1442 409 1471 novitla
435 1448 484 1471 res
508 1436 547 1481 est
560 1442 717 1471 canonum
729 1436 988 1479 Ecclqfiastt'corum
1013 1439 1157 1479 institutio
1169 1464 1179 1480 ,

289 1486 348 1531 fid
356 1489 376 1519 ἂ
383 1493 495 1529 primis
508 1486 598 1530 usque
619 1488 763 1520 Patribus
781 1496 838 1528 per
850 1499 957 1522 manus
976 1490 1095 1521 tradita
1119 1489 1158 1528 est
1168 1512 1179 1528 ‚

287 1539 324 1571 ὑ
341 1535 481 1578 fundata
507 1541 540 1569 in
554 1533 717 1578 ''Ecclest'in
748 1536 882 1570 Etenim
908 1537 1051 1581 rigidum
1064 1537 1178 1579 illum,

287 1586 368 1620 &in
384 1586 542 1621 omnibus
566 1586 650 1620 olim
664 1585 722 1620 sub
735 1587 833 1621 Coelo
856 1586 1010 1623 Ecclefiis
1030 1586 1178 1623 observa-

282 1646 381 1677 tum,
408 1637 467 1680 qui
489 1636 592 1671 tribus
608 1636 814 1680 gravioribus
828 1632 968 1685 peccatis
991 1638 1179 1672 Sacramen-

286 1686 362 1720 talis
374 1686 676 1721 Reconciliationis
689 1685 863 1720 viaticum
889 1686 989 1722 etiam
1011 1686 1177 1721 morituris

283 1736 444 1781 negavit,
470 1734 645 1769 Canonem
658 1735 873 1770 Montanistae
900 1747 938 1770 ac
949 1732 1176 1770 Novatianen·

283 1786 333 1822 ses
358 1786 445 1822 male
471 1784 671 1821 asseruerunt
691 1787 754 1824 effe
776 1787 942 1822 Divinum
960 1787 1174 1823 Institutum:

285 1835 478 1879 Nequidem
491 1835 585 1870 fuisse
600 1836 835 1880 Apostolicum
849 1861 860 1877 ,
886 1835 1063 1870 ostendiin
1075 1835 1175 1871 Scho-

285 1886 339 1921 liis
353 1886 393 1920 ad
409 1886 566 1921 Canones
576 1886 731 1920 Nicaenos
743 1911 750 1919 .
781 1887 860 1923 Erat
871 1886 992 1921 Canon
1013 1886 1175 1920 Romanae

284 1937 456 1973 Ecclesiae.
484 1934 657 1982 Ejusitem
679 1943 737 1980 pro
764 1934 908 1972 moechia
925 1935 1174 1973 circumductio-

285 1997 364 2022 nem
392 1987 446 2021 seu
457 1985 704 2035 mitigationem
726 1985 1014 2033 fuiffeZephytini
1035 1985 1173 2022 Pontifi-

283 2038 332 2071 cis
346 2037 501 2070 Edictum
511 2035 647 2070 testatur
660 2037 695 2072 in
707 2036 793 2070 libro
805 2037 846 2071 de
858 2034 1025 2073 Pudicitia
1039 2036 1174 2070 Tertul-

283 2087 400 2123 lianus·
429 2087 473 2123 Et
483 2086 590 2130 ipsum
604 2086 645 2120 ab
656 2087 752 2119 omni
763 2086 824 2119 sub
837 2086 935 2119 Coeio
945 2085 1088 2118 Ecclesia
1101 2085 1173 2117 fuis-

284 2139 318 2171 se
329 2146 493 2179 receptum
506 2159 518 2175 ,
543 2136 631 2167 lucet
645 2145 687 2167 ex
698 2134 807 2167 Sancti
819 2134 979 2176 Cypriani
993 2133 1109 2168 litteris
1130 2133 1171 2167 ad

284 2187 490 2230 Episcopum
510 2182 765 2217 Antonianum.
794 2182 897 2217 Pauci
923 2184 981 2228 qui
1002 2195 1071 2218 non
1097 2183 1173 2218 reci·

283 2235 442 2281 piendum
454 2234 616 2270 duxerant
631 2258 641 2273 ,
670 2234 828 2276 Episcopi
850 2233 1055 2268 adduxerunt
1078 2245 1173 2268 excu-

284 2287 418 2322 satorias
429 2285 575 2321 rationes
587 2310 596 2317 .
622 2284 777 2317 Eundem
788 2283 964 2317 Canonem
978 2295 1036 2328 pro
1048 2283 1171 2317 Thuri-

279 2337 392 2374 ·ficatis
414 2359 426 2378 ,
451 2333 645 2374 Libellatis,
673 2345 729 2368 aut
750 2334 815 2368 alia
842 2334 958 2378 quavis
983 2333 1172 2371 idololatria

285 2387 422 2433 pollutis
433 2385 751 2421 circumducendum
776 2383 1047 2431 acmitigandum
1062 2395 1174 2418 vacan-

284 2440 327 2473 tis
349 2438 509 2473 Romanae
522 2435 673 2471 Ecclefiae
694 2435 795 2470 Clero
820 2435 913 2469 suafit
935 2435 1085 2468 laudatus
1108 2436 1175 2479 Cy-

284 2489 438 2533 prianus,
465 2485 687 2522 circumduxit
711 2495 822 2520 autem
849 2497 888 2519 ac
908 2484 1096 2529 mitigavit,
1121 2496 1174 2519 va-

283 2535 549 2580 siasque-dandae
575 2536 642 2571 illis
668 2536 756 2579 pacis
782 2534 909 2580 regulas
940 2537 1013 2571 fixit
1041 2536 1174 2572 Sandus

284 2588 465 2624 Cornelius
475 2587 564 2630 Papa
577 2612 584 2620 .
612 2587 654 2623 Et
669 2586 778 2621 omnis
789 2585 930 2620 Ecclesia
943 2585 1078 2629 recepit.
1112 2586 1174 2621 Ge·

679 146 719 192 S.
756 145 1078 193 Gai—:Gonu
1115 162 1355 193 sup-rum
1394 146 1753 193 P0N111=1c21s

135 229 221 270 Epist.
247 241 293 268 40.
313 232 453 278 primus:
481 230 550 263 seda·
567 229 732 273 Apostoltcae
736 231 875 273 facultas
897 230 977 271 estin
998 239 1064 266 tota
1087 230 1221 281 Christi⁴

2136 167 2160 184 1·

1261 230 1427 269 Pontifice
1441 243 1510 265 non
1525 232 1612 278 posse
1624 231 1749 267 aboleri
1763 253 1780 273 ‚-
1801 244 1862 269 nec
1874 235 1949 270 'addi
1962 235 2040 271 alias
2050 259 2060 275 ‚
2089 235 2149 270 nisi

1260 292 1303 315 ex
1330 281 1406 324 ipsis
1431 279 1633 326 desumptas.
1663 281 1765 316 Varia
1790 283 1825 319 id
1847 285 1953 321 Sancti
1975 287 2148 330 praesertim

1260 330 1382 366 Gelafii
1394 330 1568 367 Pontificis
1579 356 1590 373 ‚
1615 344 1653 367 ac
1667 333 1773 366 Sancti
1788 332 1967 378 Augustini
1979 337 2153 372 auetorita-

1259 391 1292 415 te
1320 391 1461 416 conatur
1484 381 1626 421 stabilire
1641 409 1648 420 .
1671 383 1765 423 Duas
1792 384 1908 419 miscet
1936 386 2146 429 quaestiones.

1260 431 1371 467 Prima
1382 433 1427 470 est
1441 456 1452 472 ,
1467 431 1524 468 An
1537 434 1705 479 legitimos
1720 435 1922 478 generalium
1934 437 2147 478 synodorum

1259 481 1415 517 Canones
1425 482 1597 521 Romanus
1608 485 1791 531 Episcopus
1801 484 1960 530 abrogare
1973 485 2068 528 poffit
2089 497 2148 521 aut

1257 533 1410 567 mutilare
1421 533 1439 570 ἓ
1466 532 1580 570 Altera
1590 536 1635 575 est
1647 560 1659 579 ‚
1675 535 1730 569 An
1744 535 1816 578 ipsis
1829 535 1923 580 poffit
1934 536 2017 573 alios
2029 535 2148 571 addere

1257 583 1335 618 licet
1346 595 1387 618 ex
1398 583 1447 618 eis
1458 596 1526 619 non
1537 583 1751 630 depromptos
1766 586 1783 618 ἒ
1809 586 1920 620 Prima
1943 586 2077 631 quaestio
2104 587 2148 623 a'd

1257 634 1444 677 praesentem
1455 636 1567 670 locum
1593 648 1663 671 non
1677 637 1794 679 spectat
1805 661 1816 677 ‚
1842 637 1882 675 ad
1904 637 2040 672 alteram
2067 649 2146 671 con-

1255 685 1379 718 stanter
1399 685 1662 728 respondendum
1686 686 1731 721 est
1751 686 1944 721 affirmative
1970 712 1976 719 .
2007 687 2146 724 Etenim

1254 736 1408 769 omnium
1428 737 1632 780 generalium.
1652 735 1861 780 synodorum
1876 737 1979 780 prima
2003 738 2037 771 ὅ(
2060 738 2145 782 prin-

1253 797 1330 829 ceps
1340 786 1386 820 est
1399 787 1432 822 N
1437 788 1620 830 icaena,quae
1637 788 1728 831 supra
1740 788 1846 822 Sancti
1858 786 1945 821 Petri
1957 787 2144 822 Romanam

1254 835 1456 874 Cathedram
1470 837 1554 871 nihil
1565 839 1630 876 fuit
1640 840 1714 872 ausa
1726 838 1926 877 constituere
1939 862 1950 878 ‚
1974 838 2079 872 sciens
2092 838 2145 872 illi

1227 927 1232 936 ‚
1253 887 1367 921 omnia
1388 888 1558 923 commissa
1579 889 1599 922 a
1620 889 1774 924 Domino
1787 914 1795 923 .
1823 889 1872 923 lta
1900 889 1942 923 ad
1968 887 2146 922 Theffaliae

1225 2145 1230 2308 l

1253 935 1432 981 Episcopos
1445 939 1566 982 scripsit
1578 937 1770 976 Bonifacius
1792 939 1917 982 primus
1930 963 1938 975 ,
1966 938 2086 987 Longe
2097 949 2145 972 en-

1250 988 1296 1031 go
1310 987 1419 1022 minus
1442 988 1588 1022 voluerit
1605 999 1662 1023 aut
1674 989 1818 1032 potuerit
1844 989 1975 1024 laudata
1986 989 2144 1033 Synodus

1251 1037 1416 1074 laudatam
1441 1037 1641 1077 Cathedram
1664 1040 1750 1076 avita
1765 1038 2018 1075 condendorum
2033 1038 2144 1073 Cano-

1251 1098 1333 1123 num
1345 1089 1539 1125 auctoritate
1548 1099 1665 1125 exuere
1673 1114 1684 1130 ,
1709 1100 1765 1125 aut
1777 1089 1865 1126 hanc
1880 1087 2143 1128 circumscribere

1251 1136 1291 1170 ad
1311 1146 1417 1171 certos
1440 1138 1523 1173 fines
1548 1139 1583 1172 δε
1605 1138 1739 1174 modos.
1766 1140 2017 1175 Gallicanarum
2029 1162 2040 1180 ,
2066 1138 2144 1175 alia·

1253 1198 1390 1231 rumque
1403 1187 1666 1225 Provincialium
1676 1190 1888 1234 Synodorum
1901 1191 2058 1225 Canones
2070 1189 2143 1223 non

1222 1257 1226 1263 -
1250 1238 1312 1273 effe
1338 1238 1423 1283 paris
1448 1249 1525 1272 cum
1552 1238 1700 1274 Nicaenis
1733 1250 1791 1273 aut
1816 1238 2142 1276 chalcedonensibus

1251 1289 1403 1332 ponderis
1427 1288 1509 1325 reste
1531 1289 1652 1323 fatetur
1673 1288 1708 1322 in
1723 1288 1885 1331 opusculo
1896 1299 2012 1323 contra
2025 1288 2143 1324 Barba-

1223 1334 1225 1337 ’
1250 1347 1318 1371 ram
1333 1338 1613 1383 Burgundionum
1623 1338 1665 1385 de
1682 1337 1803 1375 duellis
1815 1338 1931 1384 legem
1944 1338 2144 1384 Agobardus

1247 1386 1475 1431 Metropolim
1490 1388 1723 1434 Lugdunensis
1745 1413 1757 1429 ,
1793 1390 1941 1433 resteque
1967 1389 2143 1437 adjungit:

1248 1441 1387 1482 congrua
1409 1445 1600 1474 veneratione
1618 1447 1677 1481 pro
1700 1439 1790 1482 caufis
1802 1438 1987 1487 necffarils,
2013 1450 2142 1484 quarum
2157 1460 2229 1499 cap·
2251 1469 2294 1491 11.
2349 1435 2352 1442 Δ

1247 1487 1434 1528 defininones
1456 1496 1490 1522 in
1507 1490 1700 1533 generalibus
1731 1502 1790 1523 non
1812 1495 2008 1526 inveniuntur
2028 1514 2040 1532 ,
2061 1488 2142 1531 fides
2162 1511 2204 1530 η,

1246 1536 1283 1575 est
1305 1539 1473 1572 Gallicanis
1495 1540 1670 1576 Canonibus
1702 1540 1877 1575 adhibenda
1897 1541 2038 1584 religione
2059 1539 2141 1577 debe-

1247 1596 1280 1621 ιιι
1290 1608 1299 1623 ,
1327 1589 1360 1619 <⁸7
1372 1589 1475 1620 melius
1493 1590 1533 1630 est
1547 1596 1704 1634 unicuique
1716 1589 1908 1636 eorumsequi
1919 1591 2139 1632 affluitatem,

1247 1647 1336 1679 quam
1342 1642 1495 1679 proprium
1503 1636 1632 1681 sensum.
1663 1639 1767 1685 Qod
1779 1639 1884 1681 ipsum
1896 1638 2044 1682 pluribus
2055 1647 2140 1674 con*

1248 1686 1355 1720 firmat
1379 1686 1414 1719 in
1449 1688 1610 1730 opusculo
1646 1685 1687 1723 de
1713 1699 1820 1724 rerum
1840 1687 2139 1725 Ecclesiasticarum

1249 1733 1509 1776 dispensatione,
1539 1736 1596 1773 Ut
1609 1748 1679 1770 non
1694 1737 1806 1772 decisis
1828 1748 1884 1781 per
1892 1732 2062 1783 generales
2077 1739 2139 1781 Sy·

1247 1782 1354 1818 nodos
1380 1784 1613 1830 quaestionibus
1640 1786 1796 1820 darentur
1817 1788 1938 1832 regulae
1959 1811 1972 1828 ‚
2005 1786 2055 1825 bis
2080 1797 2139 1831 per

1247 1845 1374 1869 anuum
1399 1835 1470 1871 fieri
1490 1835 1526 1870 in
1549 1835 1664 1879 quavis
1684 1835 1861 1873 Provincia
1880 1835 2054 1882 Synodum
2073 1836 2138 1872 Pa·-

1246 1893 1309 1918 tres
1325 1886 1502 1920 sanxerunt
1513 1910 1520 1918 .
1548 1887 1628 1933 Qa
1639 1886 1799 1930 potestate
1811 1898 1867 1930 per
1877 1898 2014 1924 omnem
2025 1887 2138 1923 Eccle-

1245 1934 1325 1968 fiam
1350 1935 1446 1979 fungi
1459 1937 1556 1970 etiam
1573 1937 1746 1971 Romanos
1757 1936 1940 1972 Pontifices
1965 1938 2040 1979 quis
2060 1938 2143 1973 insi*

1245 1984 1349 2018 cietur
1373 1985 1390 2019 ἓ
1418 1985 1502 2022 Eam
1522 1985 1631 2020 statim
1659 1985 1731 2031 post
1757 1986 1933 2022 Nicaenam
1958 1987 2135 2032 synodum

1244 2044 1460 2070 exercuerunt
1487 2035 1651 2079 Sylvester
1675 2046 1715 2070 ac
1727 2034 1794 2078 ejus
1813 2035 2036 2076 SuccetTores,
2054 2036 2134 2073 initi

1244 2094 1321 2116 ante
1332 2085 1469 2120 Sacrum
1478 2085 1641 2121 Ordinem
1649 2085 1797 2130 conjugii
1812 2087 1905 2121 usum
1915 2111 1927 2130 ,
1953 2098 2052 2134 quem
2073 2087 2133 2124 illa

1244 2130 1290 2165 ob
1312 2131 1496 2175 paphnutii
1508 2134 1665 2178 Episcopi
1676 2133 1945 2175 intercessionem
1958 2148 2028 2172 non
2038 2137 2132 2174 dam·

1243 2190 1338 2215 natat
1359 2206 1370 2222 ,
1395 2181 1590 2222 damnantes
1615 2193 1674 2226 pro
1699 2183 1795 2218 omni
1818 2183 1939 2224 Latina
1961 2185 2132 2227 Ecclefiass

1243 2244 1281 2267 ac
1293 2230 1482 2277 rigidiffime
1496 2233 1732 2276 proscribentes
1744 2258 1752 2266 .
1779 2228 2033 2282 Sabbafflijtciu
2053 2235 2133 2280 jeju*

1241 2282 1336 2317 nium
1359 2306 1372 2322 ,
1397 2283 1431 2316 δε
1470 2284 1594 2317 variam
1631 2284 1731 2318 aliam
1754 2283 1906 2319 Ecclesiae
1923 2284 2131 2330 disciplinam

1243 2330 1445 2375 promanasse
1469 2332 1489 2367 ὲ
1503 2332 1636 2367 laudato
1648 2333 1833 2376 Sylvestro,
1859 2335 1986 2372 cunffis
2003 2335 2131 2371 *Eccle-

1240 2382 1437 2417 fiasticarum
1451 2392 1558 2417 terum
1571 2383 1679 2426 peritis
1700 2383 1745 2417 est
1758 2384 1967 2420 manifestum
1980 2410 1987 2417 .
2017 2386 2130 2422 Etiam

1240 2432 1445 2466 matrimonii
1457 2432 1540 2467 ultra
1554 2431 1730 2469 secundum
1742 2434 1880 2478 gradum
1890 2434 2130 2478 impedimenta

1240 2481 1374 2517 induxit
1398 2481 1486 2517 solus
1509 2483 1690 2528 Gregorius
1712 2483 1871 2521 secundus
1889 2510 1898 2518 .
1923 2485 1997 2521 Nec
2009 2485 2128 2523 desunt

1239 2533 1303 2568 alia
1314 2533 1383 2567 fine
1395 2544 1533 2568 numero
1555 2534 1707 2577 exempla
1718 2559 1725 2566 .

1290 2584 1334 2619 Et
1351 2582 1440 2617 aliud
1463 2594 1533 2617 non
1556 2583 1679 2617 docent
1701 2584 1848 2628 Magnus
1871 2583 2010 2619 Basilius
2032 2607 2044 2624 ‚
2066 2593 2125 2621 aut

283 2636 609 2680 lebrandumubique
622 2637 655 2670 in
671 2636 854 2672 Dominico
866 2636 921 2669 die
933 2635 1055 2671 Pascha
1068 2636 1173 2671 sanxit
1221 2633 1306 2689 'ejus
1332 2634 1431 2668 frater
1457 2632 1656 2676 Gregorius.
1686 2632 1821 2667 Basilius
1848 2634 1938 2667 enim
1976 2646 2047 2670 non
2081 2634 2124 2670 de

284 2691 366 2724 item
377 2689 458 2722 Pius
471 2687 629 2722 Pontifex
641 2711 651 2726 ‚
680 2686 793 2730 &ejus
804 2687 969 2721 Succeffor
983 2686 1099 2722 Vistor
1123 2698 1174 2722 va·

280 2739 353 2776 -lide
375 2738 584 2774 confirmavit
602 2763 610 2771 .
637 2737 712 2772 Nec
735 2735 887 2773 adversus
909 2736 1053 2779 ipsorum
1064 2739 1174 2772 audio.-

283 2791 415 2826 ritatcm
436 2814 447 2831 ,
474 2789 529 2824 sed
555 2787 729 2822 adversum
757 2787 842 2820 solas
867 2786 1009 2820 rationes
1038 2787 1172 2822 Asiatici

286 2839 442 2883 Episcopi
454 2838 701 2875 intercesserunt
714 2862 721 2869 .
749 2836 824 2871 Nec
836 2836 953 2871 desunt
974 2837 1040 2872 alia
1055 2837 1171 2874 similia

283 2890 454 2933 exempla.

338 2939 377 2976 In
391 2939 521 2974 famoso
531 2935 680 2971 adversus
690 2945 847 2980 nepotem
869 2936 963 2972 suum
978 2937 1172 2972 Laudunen-

289 2990 571 3033 semEpiscopum
594 2987 756 3031 opusculo
778 2987 947 3031 respondit
970 2988 1172 3022 Hincmarus

286 3039 507 3084 Metropolita
535 3038 706 3071 Remensis
726 3051 734 3070 :
758 3038 1039 3071 Animadvertenda
1063 3038 1101 3081 est
1127 3040 1174 3072 di-

285 3089 391 3134 [cretio
414 3094 495 3124 inter
520 3088 676 3127 synodalia
702 3089 835 3121 concilia
856 3112 867 3128 ,
893 3089 928 3122 (9
955 3087 1173 3129 Apostolicorum

286 3146 424 3175 virorum
461 3136 609 3182 Epistolas
631 3162 642 3178 ,
668 3137 745 3181 quas
771 3146 841 3172 ante
866 3139 1001 3172 concilia
1026 3139 1173 3173 celebrata

286 3188 415 3232 diverfis
440 3186 620 3231 temporibus
645 3188 807 3222 dederunt.
835 3188 1043 3223 Primitivam
1060 3189 1173 3224 Eccle-

287 3242 370 3275 siam
385 3238 747 3283 ApostolicisDecretis
772 3240 825 3273 seu
850 3239 1027 3282 Rescriptis
1052 3241 1171 3274 fatetur

283 3290 384 3325 fuisse
394 3289 634 3335 gubernatam,
658 3289 755 3323 Donec
764 3298 823 3332 per
842 3287 934 3335 sacra
959 3292 1089 3324 eoncilia
1112 3293 1171 3324 Pa-

290 3350 353 3375 tres
365 3340 451 3382 nestri
458 3345 495 3373 rin
505 3349 598 3375 unum
609 3343 813 3374 convenientes
823 3363 835 3380 ,
861 3337 1018 3382 mansuras
1031 3339 1120 3382 usque
1129 3342 1174 3374 ad

284 3391 390 3433 finem·
400 3388 504 3434 saculi
522 3391 605 3433 leges
631 3389 846 3423 condiderunt.
873 3390 977 3424 Hisce
999 3391 1075 3424 solis
1103 3391 1172 3425 vult

285 3442 357 3483 jam
382 3438 508 3484 pridem
533 3439 603 3485 regi
625 3438 803 3474 Ecclesiam
825 3464 837 3480 ,
863 3441 946 3485 ipsas
971 3439 989 3473 a
1016 3440 1172 3478 Romano

1183 3508 1189 3525 Ι

1220 2692 1224 2769 l

1239 2683 1407 2718 condendi
1419 2683 1498 2717 novi
1511 2707 1523 2723 ,
1548 2683 1601 2717 sed
1614 2682 1655 2717 de
1666 2684 1816 2725 antiqui,
1842 2683 1956 2718 datum
1967 2686 2017 2718 vel
2036 2696 2125 2721 acce·

1237 2744 1329 2779 ptum
1342 2734 1378 2768 in
1389 2732 1492 2767 haerefi
1513 2731 1671 2777 baptisma
1691 2733 1849 2767 exsufflari
1873 2736 2035 2774 vetantis,
2062 2734 2125 2770 Ca·-

1239 2786 1338 2819 nonis
1344 2782 1529 2829 exponendi
1546 2783 1701 2826 potestate
1712 2785 1783 2828 agit
1792 2807 1803 2824 ,
1813 2785 1925 2828 aitque
1935 2785 2124 2828 quaestionis

1213 2845 1215 2848 ·
1238 2834 1333 2879 hujus
1346 2835 1477 2879 pondus
1495 2833 1539 2869 ob
1551 2833 1711 2868 Romanae
1734 2834 1879 2870 Ecclesiae
1899 2835 2123 2872 adversantem

1237 2885 1297 2921 fibi
1307 2884 1604 2921 austeritatemesse
1613 2893 1742 2918 tantum
1751 2907 1762 2924 ,
1787 2894 1825 2919 ut
1845 2885 1867 2918 a
1886 2885 1918 2919 se
1929 2896 1998 2919 uno
2011 2884 2121 2920 decidi

1237 2947 1307 2972 non
1323 2936 1419 2980 poffit
1429 2961 1440 2978 ‚
1465 2934 1518 2972 sed
1529 2934 1667 2977 synodo
1680 2935 1715 2967 fit
1726 2935 1869 2972 omnino
1879 2946 1978 2979 opus.
2007 2935 2121 2973 Etiam

1216 3021 1217 3024 ,
1237 2987 1420 3031 Gregorius
1442 2986 1506 3020 sese
1525 2983 1696 3019 dumtaxat
1709 2986 1791 3020 dicit
1813 2985 1855 3020 ad
1866 2985 2121 3021 condendorum

1236 3037 1323 3072 circa
1334 3036 1470 3071 omissos
1493 3035 1512 3069 a
1523 3034 1675 3069 Patribus
1686 3036 1777 3069 casus
1789 3035 1969 3071 Canonurn
1986 3036 2120 3080 potesta·

1235 3095 1304 3122 tem
1330 3099 1399 3122 non
1424 3085 1485 3124 effe
1509 3084 1574 3120 fide
1596 3084 1736 3130 dignum
1761 3088 1816 3121 seu
1842 3096 1956 3130 aptum
1979 3098 1987 3119 ε
2013 3085 2119 3135 Qod

1237 3137 1354 3182 nempe
1380 3147 1446 3175 non
1470 3135 1701 3171 Romanorum
1723 3138 1800 3171 esset
1823 3137 1987 3179 supremus
2004 3135 2119 3172 Ponti-

1235 3188 1311 3229 fex,
1338 3188 1392 3223 sed
1403 3185 1618 3221 provincialis
1631 3186 1842 3221 solummodo
1855 3185 2034 3228 Episcopus
2049 3198 2118 3221 mo-

1237 3239 1317 3273 dicae
1328 3239 1363 3273 in
1376 3235 1587 3280 Cappadocia
1596 3236 1630 3270 N
1632 3237 1708 3281 yssae
1718 3261 1726 3269 .
1752 3236 1901 3281 Symboli
1913 3235 2119 3271 additamen-

1236 3300 1309 3325 tum
1333 3286 1472 3323 involvit
1494 3284 1650 3330 Ephesini
1664 3287 1816 3324 Canonis
1833 3284 2085 3330 derogationem
2104 3309 2117 3326 ,

1237 3340 1376 3382 ideoque
1396 3348 1436 3371 an
1459 3336 1477 3369 ὲ
1502 3337 1573 3371 solo
1595 3336 1760 3372 Pontifice
1782 3336 1852 3369 fieri
1878 3336 2042 3380 potuerit,
2070 3337 2116 3370 est

1237 3390 1385 3424 involuta
1398 3386 1553 3431 quaefflo,
1579 3398 1639 3421 nec
1656 3388 1769 3431 speeiat
1782 3384 1822 3420 ad
1836 3384 1923 3419 hunc
1938 3386 2115 3419 Distatum.

1238 3437 1414 3487 Qidquid
1436 3437 1474 3472 sit
1495 3462 1508 3480 ,
1543 3439 1731 3483 ptaesentem
1752 3437 1922 3472 veritatem
1949 3436 2117 3479 amplexus

1881 3499 1883 3501 ¹
1937 3486 2069 3524 tandem

2154 1617 2229 1656 Cap.
2244 1626 2292 1649 ιο.
