2366 3756
601 172 1134 214 CONCILIUM
1207 167 1668 212 Romanum.

276 236 415 290 Aa‘didit
437 252 525 287 idem
537 252 665 287 Donor
682 252 825 288 &aliam
847 251 1030 284 rationem:
1057 251 1100 282 si·
1123 271 1126 301 ι

222 317 264 340 ve
283 310 457 348 eptuaginta
467 306 669 346 Interpretes,
686 301 751 344 five
760 300 883 343 Apcstoli
894 301 930 332 id
938 309 1079 333 curarunt
1090 323 1102 340 ,
1123 305 1127 339 ι

224 364 261 390 ut
278 360 416 399 quoniam
432 360 536 397 prima
549 351 672 394 Ecclefia
687 363 725 386 ex
731 355 764 397 J
765 352 862 383 udaeis
869 349 975 391 fuerat
983 360 1101 394 congre·

221 414 318 450 gata,
344 403 422 437 nibil
439 406 483 438 ad
501 406 681 438 credentium
697 399 876 444 fiandaium
899 406 1079 433 innovarent
1094 423 1105 439 ,

221 454 281 500 sed
298 461 344 488 ita
353 463 387 489 ut
397 456 419 486 ἃ
427 463 526 497 parvo
535 451 710 487 imbiberam
719 452 873 484 traderent
886 474 897 491 ,
919 450 1020 493 posset?
1033 451 1107 483 vera

223 517 318 550 quam
341 511 374 538 in
387 503 545 547 universas
553 510 657 547 gentes
667 503 832 545 Evangelii
842 502 990 534 dilatatus
1001 499 1038 540 est
1043 498 1109 543 ser-

225 567 296 596 mo,
321 566 378 588 non
397 562 553 597 potuerunt
570 551 664 596 fimes
673 549 812 595 suscepta
834 557 963 584 mutari.
992 550 1111 584 Canti-

225 611 303 639 cum
315 605 398 639 istud
409 613 477 639 erat
490 604 524 638 in
537 603 711 647 Synagoga
721 602 805 635 adeo
824 601 970 635 solemne
992 601 1027 635 ὰ
1039 601 1109 634 sau-

226 656 337 693 aum,
361 663 397 687 ut
419 665 480 688 nec
502 653 704 699 septuaginta
725 651 920 695 Interpretes
942 662 1002 685 nec
1018 651 1109 694 Apo·

226 704 325 743 stoli,
352 704 512 747 quoniam
539 704 603 737 fine
626 701 740 746 populi
760 700 914 736 scandalo
934 712 1002 736 non
1022 710 1111 744 pote-

226 763 321 794 rant,
348 753 522 796 judicarint
541 750 745 788 alterandum
758 776 765 784 .
793 752 837 786 Et
851 751 891 786 ab
911 752 974 785 isto
984 750 1110 794 judicio

226 803 339 838 nunus
359 803 517 838 successor
539 803 718 847 Episcopus
731 802 925 845 praesumpfit
945 801 1106 836 recedere.

228 855 315 901 Qae
333 852 513 898 egentibus
535 853 644 887 fideles
666 851 685 888 ἡ
697 851 851 886 Mosaicae
873 852 955 897 legis
966 852 1046 896 jugo
1057 849 1112 884 ab·

227 904 330 938 solvit
349 927 362 942 ,
391 902 583 946 Apostolica
607 902 761 946 synodus
788 901 993 937 retinendam
1014 900 1111 935 duxit

226 952 458 988 abstinentiam
479 953 499 987 ὲ
523 953 682 997 sanguine
704 952 928 987 &suffocatoz
956 951 1112 985 Modicas

227 1003 304 1037 istas
326 1002 476 1046 reliquias
490 1001 595 1036 voluit
616 1004 759 1037 essenon
771 1002 995 1046 contemptae
1006 1000 1114 1046 genti-

227 1052 290 1087 bus
309 1051 389 1098 legis
412 1051 661 1096 profeffionem,
687 1052 722 1086 δε
736 1052 863 1098 utrique
884 1051 1007 1096 populo
1031 1050 1113 1085 fibu-

228 1104 297 1137 lam
316 1103 405 1146 pacis
422 1129 429 1136 .
456 1103 536 1137 Hoc
561 1102 668 1147 ipsum
692 1103 803 1137 omnis
823 1103 946 1146 semper
970 1102 1113 1136 Ecclesia

229 1153 355 1187 censuit
375 1153 415 1187 de
437 1153 549 1187 nostro
560 1153 705 1188 Cantico
717 1178 725 1191 2
750 1152 857 1199 Qod
868 1153 903 1187 in
915 1162 1031 1186 ae-terna
1047 1151 1114 1185 vita

230 1202 334 1237 Eleffi
353 1214 470 1238 omnes
491 1204 552 1241 sint
577 1202 743 1238 Hebraica
769 1203 883 1248 lingua
910 1202 1056 1237 locuturi
1081 1202 1114 1235 δε

230 1253 342 1287 Deum
365 1252 550 1294 laudaturi,
574 1252 621 1288 est
644 1253 825 1288 multorum
847 1253 964 1296 opinio
984 1264 992 1284 ι
1021 1253 1115 1285 Hinc

229 1303 319 1336 enim
342 1302 417 1336 illos
442 1302 587 1345 Alleluja
598 1313 768 1338 cantantes
790 1303 917 1338 audivit
936 1303 970 1336 in
986 1301 1117 1346 Apoca-

229 1353 314 1396 lypsi
341 1352 476 1386 Sanetus
515 1353 657 1396 Ioannes
683 1352 866 1397 Apostolus
890 1378 898 1385 .
937 1353 1117 1388 Unitatem

230 1401 318 1437 hanc
329 1400 477 1437 inchoari
496 1397 533 1436 in‘
543 1403 709 1437 militante
719 1404 862 1438 Ecclesia
873 1402 981 1438 voluit
991 1402 1117 1436 Divina

230 1451 439 1496 providentia
451 1476 463 1493 ‚
488 1460 545 1487 aut
561 1451 647 1487 certe
660 1452 837 1497 praesignari
848 1478 857 1487 .

209 1504 213 1528 ἵ
280 1502 434 1536 Tertiam
445 1503 607 1537 rationem
617 1502 727 1537 scribit
737 1504 773 1536 in
786 1503 895 1544 anime
905 1514 1036 1547 gemma
1046 1503 1119 1536 Ho-

54 1753 86 1785 1..
99 1761 212 1789 1.c-.92.

229 1552 346 1585 norius
371 1550 680 1595 Augustodunensis
703 1563 711 1584 :
737 1552 825 1595 Miffa
850 1552 946 1584 tribus
983 1553 1117 1594 linguis,

231 1600 383 1640 Hebraea,
408 1604 516 1635 Graeca
538 1602 573 1635 ζα
586 1604 701 1635 Latina
722 1606 842 1634 cantari
858 1606 1035 1642 praecipitur
1054 1622 1066 1638 ,
1080 1596 1120 1639 fi-

229 1657 281 1683 cut
300 1651 450 1684 &titulus
473 1653 508 1682 sn
519 1651 648 1689 Paffione
658 1654 781 1683 Domini
801 1648 930 1691 scriptus
947 1648 1035 1691 ῥιψὶ*
1053 1648 1119 1692 legi-

229 1706 282 1732 tur
294 1724 301 1730 .
327 1699 502 1733 mimicum
517 1697 703 1740 quippe-est,
729 1699 859 1739 Alleluia
871 1724 882 1739 ,
908 1697 1034 1742 Osanna
1050 1722 1060 1738 ,
1085 1698 1120 1732 ό·

229 1753 349 1792 Amen3
373 1752 515 1783 Graecum
534 1752 626 1787 Kyrie
650 1746 776 1792 eleison,
803 1752 951 1782 Latinum
975 1750 1122 1790 reliquum

231 1800 370 1842 officium.
399 1799 444 1833 Et
463 1799 595 1832 Graecos
614 1821 626 1838 ,
649 1799 684 1833 δε
709 1799 851 1833 Latinos
871 1823 882 1839 ,
907 1799 941 1833 &
964 1798 1122 1832 Hebraeos

231 1851 297 1885 effe
318 1859 423 1883 unum
444 1849 479 1882 in
499 1847 634 1883 Christo
648 1873 659 1889 ‚
685 1849 729 1882 sic
752 1848 850 1883 duxit
868 1847 1011 1883 Ecclesia
1025 1847 1123 1891 profi-

232 1898 393 1935 tendum.
419 1898 547 1933 Eadem
569 1897 612 1932 de
635 1900 729 1933 causa
749 1900 784 1933 ὅτ.
810 1899 948 1940 Romae,
974 1898 1009 1932 &
1031 1898 1123 1932 Con-

231 1948 447 1992 stantinopoli
457 1971 469 1988 ,
493 1948 527 1982 δε
538 1947 627 1992 apud
650 1960 767 1983 omnes
780 1949 877 1984 Sedes
889 1945 1122 1983 patriarchales

231 2000 270 2034 in
289 1999 450 2042 majorum
476 1998 690 2033 festivitatum
716 2000 849 2033 Officiis
871 1998 1117 2042 Evangelium‚

231 2049 383 2094 Epistola
402 2074 413 2091 ,
440 2060 478 2083 ac
497 2048 672 2084 Lcssiones
694 2058 871 2084 cantantur
897 2050 932 2083 ἀ
959 2048 1069 2082 Graece
1089 2048 1122 2081 &

231 2099 356 2135 Latine
382 2124 390 2131 .
427 2098 586 2133 Pontifex
615 2109 695 2134 tunc
722 2099 871 2143 procedit
890 2109 969 2133 cum
992 2097 1122 2133 duobus

233 2150 398 2185 Diaconis
410 2160 447 2183 ac
460 2148 697 2189 Subdiaconis,
722 2150 836 2182 Graeco
853 2149 887 2182 ὃς
898 2148 1022 2181 Latino
1035 2171 1042 2177 .
1069 2147 1122 2179 Sic

235 2200 428 2243 profitemur
448 2197 602 2231 Latinam
627 2196 661 2230 δε
686 2197 832 2229 Graecam
857 2195 1034 2229 Ecclesiam
1060 2195 1122 2227 esse

235 2257 409 2292 germanas
421 2247 544 2279 sorores
560 2268 567 2277 .
590 2244 694 2287 Cujus
707 2244 909 2288 professionis
923 2243 1122 2286 Mysterium

238 2307 308 2332 non
328 2295 492 2331 intellexit
515 2294 571 2328 ille
590 2294 842 2333 Schismaticus‚
867 2294 924 2336 qui
946 2294 1040 2337 supra
1063 2303 1123 2327 nos

237 2345 348 2391 arguit
367 2344 454 2390 quasi
477 2345 650 2378 asseramus
661 2345 772 2378 Deum
783 2345 818 2377 in
830 2344 934 2379 tribus
951 2343 1122 2378 dumtaxat

240 2396 363 2440 linguis
381 2395 468 2439 posse
489 2392 614 2428 laudari
632 2418 639 2426 .
666 2392 831 2436 Loquitur
856 2393 897 2428 de
923 2392 1064 2437 publici-s
1087 2392 1122 2426 in

240 2445 382 2481 Ecclesia
402 2443 533 2479 Officiis
558 2469 566 2476 .
591 2444 639 2484 Et
658 2443 705 2480 est
728 2455 816 2478 mera
841 2444 1011 2478 calumnia
1032 2469 1040 2476 .
1068 2443 1124 2477 Et-

238 2495 330 2530 enim
349 2494 496 2540 quaedam
519 2494 554 2527 in
576 2493 690 2537 Syria,
715 2494 863 2538 quaedam
889 2494 926 2528 in
944 2492 1098 2528 Chaldaea
1112 2517 1123 2534 ,

239 2543 387 2590 quaedam
404 2546 438 2579 in
451 2544 640 2578 Saracenica
653 2567 664 2584 ‚
684 2542 830 2588 quaedam
848 2544 882 2578 in
907 2543 1102 2579 sclavonica
1113 2567 1124 2583 ,

238 2594 385 2639 quaedam
410 2604 526 2638 gentes
552 2592 587 2627 in
608 2593 670 2628 alia
697 2594 810 2638 lingua
841 2592 987 2637 publicas
1014 2592 1125 2628 laudes

240 2647 318 2681 Deo
345 2643 527 2679 decantant
550 2669 558 2676 .
586 2643 631 2677 Et
650 2644 735 2686 ipsas
760 2644 778 2677 ὲ
802 2645 858 2678 sua
884 2644 1124 2678 communione

240 2694 336 2729 istam
356 2693 401 2729 ob
421 2694 550 2728 causam
563 2704 631 2728 uon
651 2692 789 2728 secludit
808 2693 929 2729 Latina
958 2693 1101 2728 Ecclesia
1115 2719 1122 2726 .

243 2744 369 2780 Verum
398 2743 439 2778 de
459 2745 580 2780 Latina
601 2769 612 2785 ‚
638 2743 752 2778 Graeca
775 2768 786 2784 ,
813 2755 851 2778 ac
874 2744 1040 2779 Hebraica
1064 2745 1123 2778 lin·

242 2806 308 2840 gua
329 2795 410 2828 reae
435 2794 546 2830 scribit
572 2795 606 2827 in
628 2795 686 2829 suo
712 2793 753 2828 ad
775 2793 977 2828 psalmorum
999 2795 1125 2838 exposi-

242 2847 371 2880 tionem
392 2843 539 2888 Prologo
560 2844 692 2879 Sanetus
714 2844 864 2879 Hilarius
875 2844 1057 2888 Episcopus
1069 2844 1119 2878 Pi—

242 2892 426 2930 &aviensisz
456 2897 512 2928 Hir
521 2896 651 2931 maxime
669 2894 766 2928 tribus
777 2896 885 2939 linguis
898 2897 1123 2928 Sacramentum

243 2946 409 2978 voluntatis
431 2946 487 2975 Dei
499 2968 509 2983 ,
536 2943 659 2977 &beati
678 2948 774 2989 Regni
795 2943 961 2987 expec‘latio
978 2946 1122 2988 praedica-

243 3004 311 3028 tur.
337 2997 393 3026 Ex
414 3004 470 3036 quo
481 2994 556 3027 illud
576 2994 670 3026 Pilati
690 2994 778 3036 fuit,
805 3001 883 3029 utin
905 2994 949 3028 bis
961 2995 1055 3029 tribur
1064 2995 1122 3028 lin-

239 3049 312 3089 guis
333 3047 442 3086 Regem
457 3045 489 3086 J
492 3044 640 3076 udaeorum
666 3046 822 3079 Dominum
848 3045 1003 3088 JESUM
1029 3045 1116 3078 Chri-

237 3093 317 3135 stum
337 3093 388 3136 effe
393 3090 599 3134 praescriberet
612 3117 619 3124 .
648 3097 733 3126 Nam
753 3102 894 3137 quamvis
918 3096 1020 3129 multae
1044 3097 1120 3128 Bae-

244 3144 327 3178 barae
345 3150 452 3186 gentes
476 3144 532 3175 Dei
552 3142 741 3186 cognitionem
745 3143 905 3187 secundum
928 3144 1121 3187 Apostolorum

241 3193 484 3237 pradicationem
508 3215 519 3231 ‚
546 3193 580 3225 (a
600 3198 782 3227 manentium
818 3195 905 3229 bodie*
926 3194 1122 3238 Ecclefiarum

241 3244 334 3287 fidem
354 3243 475 3284 adeptae
492 3239 552 3282 sint
573 3265 585 3282 ‚
614 3249 715 3276 tamen
741 3242 908 3287 specialiter
931 3245 1120 3289 Evangelica

244 3293 381 3326 dot‘lrina
401 3297 434 3324 in
454 3295 581 3324 Romani
602 3295 723 3333 Imperii
747 3317 758 3334 ‚
780 3293 837 3337 sub
863 3307 919 3339 quo
942 3296 1061 3330 Hebraei
1087 3297 1122 3329 (5

246 3347 346 3377 Graeci
370 3346 554 3375 continentur
577 3365 589 3382 ,
613 3343 685 3376 sede
709 3341 824 3385 confistit
840 3370 847 3377 .
873 3346 977 3394 Qod
1015 3347 1119 3390 ipsum

1886 178 1973 216 161

1175 249 1249 284 dam
1265 251 1333 286 illic
1345 250 1471 286 Divina
1494 250 1616 288 Officia
1629 250 1819 295 permittens
1836 254 1961 287 cantari
1973 251 2059 288 Scla'-

1177 300 1293 335 vonice
1314 325 1324 341 ‚
1350 301 1384 334 &
1406 301 1587 347 adjungens
1609 315 1618 335 :
1643 306 1753 345 Neque
1770 307 1849 336 enim
1868 303 1965 336 tribus
1987 312 2059 337 tan·
2077 309 2229 351 Epist.247.

1176 351 1239 383 tum
1251 375 1262 391 ‚
1283 349 1341 393 sed
1351 351 1487 384 omnibus
1495 353 1608 395 linguis
1619 352 1746 386 laudare
1760 355 1924 386 Dominum
1933 353 2060 387 auderi-

1175 409 1239 433 tate
1256 400 1344 444 sacra
1361 411 1510 434 monemur
1524 425 1532 433 .
1562 401 1673 436 Variis
1694 400 1761 437 hoc
1783 402 1900 446 probat
1920 403 2056 439 Divinis

1175 450 1371 485 testimoniis
1397 472 1409 489 ‚
1443 449 1479 484 ἀ
1504 452 1655 493 praefocat
1682 451 1826 488 futuram
1851 463 1932 487 tunc
1963 450 2056 490 istius

1175 498 1382 535 schismatici
1402 499 1622 534 calumniam.
1650 499 1701 534 Ex
1721 502 1826 537 tribus
1846 501 1927 547 ergo
1949 502 2057 537 solum

1174 551 1297 594 linguis
1320 550 1450 593 publica
1473 550 1527 583 sua
1550 549 1660 584 officia
1683 551 1822 586 conflari
1841 553 1945 588 voluit
1957 551 2002 589 ob
2012 552 2061 589 di-

1174 601 1257 634 stam
1271 601 1432 634 rationem
1453 598 1572 633 Latina
1584 599 1727 635 Ecclesia
1740 627 1748 635 .

1226 650 1389 697 Qartam
1415 661 1474 693 pro
1495 651 1608 685 nostro
1624 649 1793 686 Hebraico
1816 649 1947 694 hymno
1966 653 2063 688 ratio·

1176 710 1253 734 nem
1278 699 1413 734 adducit
1439 700 1472 732 in
1494 700 1637 734 secundo
1660 699 1703 734 de
1714 702 1948 737 Sancrosanetae
1958 701 2063 740 Missa

1176 750 1344 793 Mysteriis
1364 749 1451 784 libro
1474 749 1690 785 Innocentius
1710 752 1841 786 tertius:
1868 750 1934 792 1²qu
1953 752 2065 786 ludum

1170 799 1306 843 sequitur
1315 799 1490 843 consolatio,
1523 812 1595 833 nam
1613 800 1693 833 beati
1703 807 1756 843 qui
1777 803 1877 845 lugent
1890 826 1901 842 ,
1925 808 2067 845 quoniam

1177 850 1233 892 ipsi
1249 849 1492 895 consolabuntur.
1520 853 1565 883 Et
1590 852 1657 885 ide&
1677 850 1738 893 post
1749 851 1902 884 Graduale
1927 859 2066 885 cantatur

1178 902 1305 943 alleluja
1326 926 1337 941 ,
1365 902 1447 944 quod
1461 900 1607 945 fignificat
1632 901 1780 942 ineffitbile
1800 902 1947 946 gaudium
1970 906 2063 943 Ange-

1176 952 1271 984 lorum
1295 952 1330 984 &
1350 951 1499 986 hominum
1520 958 1553 984 in
1578 960 1693 986 aeterna
1704 951 1851 994 felicitate
1871 951 2043 984 laetantium
2055 975 2069 991 ,

1177 1002 1258 1043 quod
1276 1001 1315 1042 est
1330 1001 1448 1044 semper
1467 1003 1591 1036 laudare
1613 1005 1712 1036 Deum
1727 1027 1734 1034 .
1758 1005 1817 1036 Hoc
1825 999 1973 1041 ineffabile
1993 1010 2069 1045 gau·

1178 1052 1261 1084 dium
1283 1050 1529 1095 vitaepraesentis
1547 1058 1651 1095 inopia
1678 1054 1851 1087 nullatenus
1861 1051 1969 1085 habere
1980 1062 2071 1085 mere-

1178 1110 1248 1141 tur,
1270 1098 1328 1144 sed
1333 1102 1521 1145 praegustans
1533 1101 1612 1136 iliud
1618 1107 1651 1134 in
1657 1102 1735 1146 spe,
1752 1102 1816 1145 fine
1840 1100 1977 1145 &esurit
1989 1101 2072 1144 quod

1174 1150 1364 1196 gustaverit,
1388 1154 1479 1186 donec
1491 1150 1559 1194 spes
1582 1161 1712 1186 mutetur
1735 1159 1768 1186 in
1791 1164 1875 1193 rem,
1901 1151 2017 1195 &fides
2037 1156 2072 1184 in

1174 1201 1320 1245 speciem.
1348 1204 1544 1246 ‚Quapropter
1564 1201 1616 1235 boc
1639 1212 1744 1235 nomen
1755 1203 1928 1235 Hebe-uicum
1950 1206 2072 1234 ininter-

1176 1260 1331 1294 pretatum
1352 1251 1490 1293 remansit
1502 1276 1513 1292 ‚
1539 1251 1622 1293 idest
1636 1275 1647 1292 ,
1672 1257 1903 1294 interpretatum
1921 1250 2050 1291 nonfuit
2061 1274 2075 1291 ,

1180 1310 1214 1335 ut
1233 1308 1426 1347 peregrinum
1438 1302 1477 1336 ab
1501 1301 1556 1335 bac
1568 1307 1636 1335 vita
1640 1304 1791 1345 gaudium
1801 1306 1992 1346 peregrinum
2006 1311 2077 1342 quo-

1180 1363 1237 1394 que
1260 1352 1436 1385 vocabulum
1452 1350 1583 1395 fignaret
1603 1352 1706 1393 potius
1738 1353 1830 1393 quam
1869 1356 2077 1393 exprimeret.

1183 1403 1279 1443 CuJ'us
1294 1401 1481 1442 mysterium,
1507 1402 1592 1434 velut
1613 1401 1766 1443 quoddam
1772 1401 1879 1445 gaudit·
1890 1399 2076 1441 stillicidium

1182 1453 1220 1485 de
1243 1452 1366 1485 divitiis
1389 1449 1529 1494 supernae
1555 1449 1759 1493 Hierusalem,
1782 1451 1871 1492 prius
1890 1456 1924 1484 iit
1947 1458 2078 1483 mentem

1185 1500 1431 1533 Patriarcbarum
1455 1502 1491 1533 Θ
1518 1499 1736 1540 Prophetarum
1763 1523 1775 1538 ,
1797 1499 1861 1540 post
1883 1504 1916 1532 in
1938 1497 2078 1540 Apostolo-

1183 1559 1253 1583 rum
1278 1559 1331 1581 ora
1362 1549 1481 1591 plenius
1501 1555 1560 1589 per·
1583 1549 1729 1588 spiritum
1754 1548 1898 1582 samium
1922 1547 2078 1590 delapsum

1184 1596 1222 1638 est
1236 1592 1260 1630 .“

1235 1646 1332 1682 Circa
1354 1647 1534 1692 Hymnum
1554 1645 1643 1682 hunc
1668 1647 1800 1684 diversae
1821 1648 1906 1683 olim
1928 1647 2080 1683 Ecclesia

1185 1696 1371 1732 habuerunt
1393 1697 1533 1733 diversas
1558 1698 1814 1733 consuetudines
1836 1724 1843 1730 .
1871 1699 2008 1733 Etenim
2044 1697 2083 1732 in

1186 1747 1322 1782 secunda
1335 1747 1376 1782 ad
1393 1749 1583 1791 Ianuarium
1597 1748 1745 1792 Epistola
1756 1748 1844 1783 diem
1858 1749 2081 1783 Dominicam

1186 1797 1249 1832 esse
1270 1798 1457 1842 &primam
1479 1799 1514 1833 δε
1534 1799 1683 1833 οέὶειναω
1709 1821 1721 1838 ,
1746 1799 1889 1843 ideoque
1909 1808 2080 1842 tamquam

1185 1847 1375 1882 Dominicae
1387 1848 1646 1883 Resurreetionis
1667 1849 2020 1883 commemorationem
2031 1858 2086 1882 ce·-

1187 1897 1303 1932 lebrari
1325 1899 1364 1931 in
1383 1898 1509 1943 gaudio
1526 1923 1537 1939 ‚
1563 1898 1675 1942 scribit
1687 1898 1822 1933 Sanstus
1844 1899 2054 1943 Augustinus
2069 1922 2083 1938 ,

1186 1947 1219 1982 &
1239 1947 1391 1992 adjungit
1407 1961 1414 1979 :
1442 1950 1526 1982 Unde
1546 1954 1637 1982 etiam
1660 1948 1794 1982 omnibus
1819 1949 1924 1982 diebus
1948 1952 2082 1982 Domini÷
2101 1948 2153 1986 ΕΡ·
2169 1957 2236 1983 11⁹·

1186 2004 1226 2030 cis
1258 1999 1387 2039 alleluja
1408 2005 1528 2032 canitur
1552 2023 1562 2039 ,
1588 2001 1669 2041 quod
1685 1997 1831 2043 fignificat
1860 1999 2005 2033 at‘lionem
2029 2011 2082 2032 nos
2102 1997 2223 2026 caP·¹5·

1179 2046 1274 2087 stram
1287 2048 1429 2090 futuram
1455 2061 1514 2082 non
1538 2048 1596 2090 nisi
1613 2050 1739 2083 laudare
1763 2053 1860 2083 Deum
1883 2075 1894 2090 ‚
1914 2049 1988 2091 ficut
2009 2048 2083 2093 seri·

1182 2105 1272 2138 ptum
1297 2097 1355 2136 est,
1381 2101 1474 2131 Beati
1495 2105 1545 2140 qui
1559 2098 1701 2133 habitant
1725 2104 1758 2133 in
1769 2101 1853 2133 domo
1867 2108 1922 2133 tua
1935 2103 2082 2138 Domine,

1186 2151 1219 2177 in
1236 2144 1347 2187 saecula
1363 2145 1537 2187 saeculorum
1558 2149 1724 2181 laudabunt
1747 2156 1778 2182 te
1803 2173 1811 2181 .
1840 2150 2084 2195 Quinquagesi-

1187 2204 1277 2228 mam
1300 2194 1363 2228 esse
1383 2195 1525 2229 Domini
1552 2194 1728 2230 nobiscum
1762 2197 1834 2239 post
1858 2198 2084 2233 Resurrestio·

1188 2255 1264 2277 nem
1287 2244 1527 2284 conversantis,
1554 2244 1704 2289 adeoque
1724 2246 1885 2280 &futurae
1908 2246 2082 2282 beatitudi-

1189 2294 1239 2326 nis
1266 2294 1583 2335 repraesentationem
1609 2293 1754 2329 ostendit
1793 2295 1919 2330 ibidem
1945 2321 1957 2337 ‚
1985 2309 2083 2341 atque

1187 2342 1412 2386 prosequitur:
1440 2348 1479 2377 Ut
1492 2343 1619 2384 Alleluja
1626 2352 1682 2386 per
1689 2345 1755 2378 illos
1770 2344 1843 2388 solos
1854 2352 2082 2392 quinquaginta
2100 2350 2174 2391 Cap.
2189 2361 2231 2386 17.

1187 2394 1249 2426 dies
1272 2399 1304 2425 in
1327 2391 1454 2435 Ecclefia
1476 2402 1615 2427 cantetur
1640 2419 1652 2436 ‚
1681 2406 1741 2429 non
1759 2394 1965 2440 usquequaque
1988 2397 2084 2441 obser-

1185 2452 1280 2477 vatur
1294 2468 1301 2474 .
1324 2447 1410 2476 Nam
1432 2445 1509 2481 &in
1534 2445 1602 2479 aliis
1623 2445 1729 2480 diebus
1754 2447 1843 2480 vari?
1852 2455 1996 2482 cantatur
2009 2449 2083 2482 alibi

1185 2501 1274 2535 atque
1286 2493 1385 2533 alibi,
1410 2493 1478 2536 ipfis
1490 2503 1590 2528 autem
1615 2496 1719 2530 diebus
1731 2496 1856 2540 ubique.
1884 2498 1929 2532 Et
1953 2499 1988 2532 in
2005 2499 2085 2542 Epi-

1186 2544 1269 2578 stola
1294 2543 1336 2578 ad
1350 2544 1552 2579 Casulanum
1579 2544 1830 2591 Presbyterum:
1856 2549 1921 2581 Illis
1934 2556 2085 2592 quinqua·
2103 2553 2149 2590 Ep.
2165 2555 2210 2582 86.

1181 2600 1273 2637 ginta
1295 2595 1500 2628 tantummodo
1523 2594 1628 2629 diebus
1648 2603 1682 2630 in
1718 2598 1821 2632 multis
1846 2598 1981 2641 Ecclefiis
2013 2625 2024 2640 ,
2050 2606 2083 2633 in

1187 2642 1319 2676 omnibus
1344 2653 1444 2677 autem
1469 2648 1604 2679 maxime
1622 2656 1761 2680 cantatur
1787 2647 1914 2688 Aiieiuja
1936 2674 1943 2681 .
1974 2650 2019 2683 Et
2045 2650 2081 2683 in

1185 2694 1303 2737 quinto
1328 2694 1475 2729 sermone
1497 2694 1538 2729 de
1559 2695 1711 2730 diversis:
1737 2701 1811 2730 Non
1825 2697 1889 2739 fine
1911 2697 2002 2741 causa
2015 2710 2084 2733 conf
2099 2706 2210 2745 0199,

1182 2742 1369 2786 suetudinem
1389 2750 1523 2787 antiquae
1548 2748 1724 2780 traditionis
1747 2755 1830 2781 tenet
1855 2747 1983 2791 Ecclefiae
2007 2774 2018 2789 ‚
2042 2757 2079 2783 ut

1183 2803 1238 2836 per
1263 2794 1327 2835 istos
1355 2801 1574 2840 quinquaginta
1595 2798 1660 2830 dies
1684 2797 1811 2838 alleluja
1822 2798 1957 2832 dicatur.
1986 2798 2080 2833 Con-

1185 2846 1278 2878 sonat
1299 2854 1397 2888 atque
1419 2847 1557 2889 exponit
1584 2847 1619 2880 in
1644 2847 1751 2890 primo
1771 2847 1814 2882 de
1838 2848 2078 2883 Ecclesiasticis

1185 2895 1314 2929 Officiis
1339 2895 1425 2930 libro
1467 2896 1601 2931 Sanstus
1627 2897 1767 2932 Isidorus
1794 2897 2077 2943 Archiepiscopus

1185 2945 1384 2989 Hispalensis
1410 2958 1417 2978 :
1447 2948 1482 2979 In
1519 2946 1672 2988 Africanis
1697 2948 1879 2993 Regionibus
1908 2961 1970 2983 non
1994 2955 2076 2984 omni

1181 3002 1331 3037 tempore,
1351 2995 1411 3039 sed
1432 2997 1552 3030 tantum
1574 3001 1740 3032 Dominicis
1761 2999 1865 3032 diebus
1886 3023 1898 3039 ,
1924 3001 1960 3034 Θ
1989 3005 2081 3043 quin-

1182 3052 1330 3089 quaginta
1345 3045 1410 3088 post
1423 3050 1544 3080 Domini
1555 3045 1805 3090 Reficrressionem
1829 3050 1959 3090 Alleluia
1971 3059 2077 3084 canta-

1183 3104 1232 3128 tur
1246 3117 1257 3134 ,
1277 3095 1549 3140 profignificatione
1564 3096 1684 3139 sutum.
1700 3097 1928 3142 Resurreeianis
1950 3102 2075 3135 &laett-

1184 3151 1236 3178 tiae
1246 3169 1253 3176 .
1281 3149 1390 3179 Verum
1400 3149 1486 3189 apud
1497 3159 1548 3180 nos
1555 3146 1717 3190 secundum
1732 3154 1891 3192 antiquam
1903 3148 2073 3192 Hispania-

1183 3207 1249 3227 rum
1259 3196 1448 3231 traditionem
1460 3222 1471 3239 ‚
1494 3204 1608 3239 praeter
1628 3198 1693 3232 dies
1710 3201 1897 3240 J‘eJ'unior-uno
1922 3200 1973 3233 vel
1983 3201 2071 3243 ‚Qua-

1187 3243 1353 3289 dragefimae
1360 3271 1372 3287 ,
1382 3254 1459 3281 omni
1470 3256 1597 3289 tempore
1605 3257 1746 3282 cantatur
1759 3251 1888 3290 Alleluja
1897 3274 1903 3282 .
1920 3251 2072 3292 Scriptum

1189 3295 1225 3335 est
1236 3301 1317 3330 enim
1332 3309 1343 3329 .·
1366 3298 1485 3340 Semper
1506 3299 1571 3331 laus
1582 3299 1645 3340 ejus
1656 3304 1690 3332 in
1710 3311 1759 3333 ore
1778 3310 1857 3333 meo.
1885 3298 2070 3342 Hymnurn

1187 3346 1281 3379 istum
1304 3343 1385 3380 adeo
1395 3347 1582 3382 dilexerunt
1604 3347 1748 3393 quadam
1758 3348 1995 3393 Hispaniarum
2009 3348 2073 3381 Ec.-

2098 2976 2171 3016 Cap.
2185 2985 2227 3013 13·

247 3392 393 3435 pluribus
414 3392 448 3425 in
471 3391 616 3435 Epistola
637 3390 678 3426 ad
690 3392 950 3438 Sfentepulcrum
963 3394 1120 3431 Moraviae
1181 3395 1325 3435 clefiae,ut
1334 3395 1482 3432 adversus
1489 3399 1650 3433 excessum
1662 3411 1774 3443 quarta
1784 3398 1952 3434 Toletana
1962 3399 2068 3439 Sy-no·

183 3447 185 3451 ’
246 3442 415 3481 Comitem
429 3442 526 3476 tradit
539 3442 680 3484 Ioannes
690 3443 833 3479 octavus
843 3444 1002 3483 Pontifex
1011 3471 1022 3488 ‚
1036 3457 1118 3490 quae-

345 3491 451 3532 Christ.
459 3495 536 3535 Lupi
547 3495 751 3537 operffomff.

1180 3444 1240 3480 dus
1251 3445 1348 3482 fuerit
1361 3448 1528 3491 compulsa
1542 3448 1695 3483 statuere:
1711 3453 1908 3492 cognovimus
1928 3445 2071 3489 qu⁰fdam

1589 3500 1624 3534 0
1676 3507 1694 3544 3
1915 3494 2024 3543 Hispa-
