2366 3756
368 144 439 204 48
757 142 1209 188 Vlcrouls

290 225 414 258 “suasis
447 223 599 267 Vulgaris
614 221 826 267 Apostolicus
836 223 956 256 Canon
983 222 1064 257 reste
1077 221 1189 257 addit:

308 277 363 307 Ex
387 281 423 307 iis
444 282 564 313 autem,
589 275 695 315 quibus
721 277 833 317 indiget
847 299 858 313 ,
886 270 1047 316 Episcopus
1068 275 1112 307 ad
1116 272 1190 316 suas

310 326 481 364 necesstiate:
516 324 549 356 (9
570 328 792 368 peregrinorum
827 321 963 367 fratrum
998 322 1066 367 usus
1098 330 1191 366 perci·

303 380 372 416 piat
399 397 410 412 ,
443 383 477 406 ut
502 373 581 406 nihil
603 380 645 406 eis
678 375 759 416 poffit
784 376 900 407 omnin&
939 373 1029 418 deeffe
1057 399 1065 406 .
1102 374 1191 408 Pero·

307 423 476 467 grinorurn
515 424 651 456 fratrum
686 424 844 468 susceptio
883 422 1040 467 speetabat
1076 425 1118 458 ad
1146 424 1193 459 so-

307 472 380 506 lum
407 473 608 515 Episcopum
635 485 646 505 .-
673 474 767 508 Hinc
793 473 918 516 duplici
944 474 1097 509 omnium
1123 486 1192 519 pat·

308 531 342 556 te
367 531 434 555 erat
460 521 514 564 ipsi
540 522 682 557 omnino
709 535 792 568 opus
819 548 826 555 .
853 524 944 558 Dum
973 536 1033 559 nec
1060 525 1123 559 ista:
1149 525 1190 559 ad
1220 525 1225 530 “

308 581 398 606 tanta
427 582 525 606 onera
553 572 735 608 sufficerent
767 599 779 615 ‚
802 584 928 618 poterat
955 575 1097 609 ille'fibi
1123 575 1192 619 sup-

307 622 394 665 plere
409 646 416 652 .

330 689 343 696 r·
356 670 403 705 Et
414 671 481 706 haec
491 673 624 708 vivendi
637 675 741 709 forma
756 666 898 709 omnint>
909 677 1079 720 permansit
1092 677 1192 719 usque

306 721 348 755 ad
376 723 472 756 nobis
491 724 601 758 datam
623 726 640 759 ὲ
665 726 794 770 Magno
821 727 1044 761 Constantino
1058 737 1189 770 pacem.

306 771 471 806 Paulatim
483 783 567 809 ,tunc
579 776 641 810 fuit
653 787 777 810 mutata
791 800 798 809 .
826 775 928 810 Plena
939 785 1045 812 autem
1061 776 1195 820 Episco-

306 832 424 865 porum
457 824 491 859 in
519 825 774 861 Ecclefiasticam
816 826 1025 861 substantiam
1052 825 1193 871 potestas

305 873 519 915 perseveravit
539 875 640 921 longe
665 877 803 912 diutius.
834 877 941 921 Ipsam
964 877 1077 918 enim,
1103 875 1202 920 quod·

307 933 426 966 nempe
447 925 512 959 labi
535 926 689 971 inciperet
710 953 720 968 ,
747 926 897 962 sustinuit
919 928 953 962 ἀ
982 926 1194 961 confirmavit

304 971 518 1010 Antiochena
534 976 765 1012 Eucaeniorum
781 977 936 1022 Synodus
950 1003 961 1019 ,
987 989 1047 1011 nec
1059 987 1126 1011 non
1141 988 1194 1021 pet

305 1021 516 1066 Apostolicas
528 1026 793 1063 constitutiones
815 1029 1004 1072 personatus
1022 1028 1194 1061 Romanus

304 1073 462 1109 Clemens
487 1102 498 1118 ,
523 1088 620 1121 quem
646 1088 772 1113 certum
797 1079 843 1113 est
870 1078 933 1112 esse
962 1077 1192 1122 posteriorem.

307 1123 401 1174 Qun
426 1127 496 1161 imo
513 1129 602 1172 quod
614 1127 890 1164 Chalcedonensis
901 1128 1027 1172 Synodi
1049 1138 1194 1171 tempore

304 1176 411 1216 piures
426 1176 531 1212 adhuc
547 1179 699 1224 Episcopi
722 1191 789 1214 non
805 1178 959 1213 haberent
970 1178 1171 1213 (Economos
1183 1202 1193 1218 ‚

304 1223 453 1269 adeoque
476 1229 590 1263 omnia
604 1228 752 1264 Ecelefiae
775 1229 863 1263 bona
883 1239 1029 1263 tenerent
1054 1226 1094 1261 ad
1105 1229 1193 1261 suam

304 1284 441 1310 manum
457 1302 467 1319 ,
495 1279 581 1314 lucer
605 1292 646 1314 ex
665 1280 732 1323 ejus
746 1278 837 1313 Astis
862 1279 946 1313 circa
968 1279 1060 1312 ibam
1074 1277 1195 1311 Edessae

302 1323 526 1370 Episcopum,
553 1341 590 1363 ac
616 1341 659 1364 ex
683 1330 839 1373 vigefimo
860 1331 951 1363 sexto
963 1327 1122 1361 Canone.
1150 1328 1194 1361 Et

299 1373 346 1406 de
358 1376 477 1411 Sansto
492 1378 683 1421 Augustino
695 1378 804 1410 scribit
820 1379 955 1410 Sanstus
966 1376 1175 1408 Poffidonius
1184 1389 1194 1408 .·-

300 1424 418 1456 Domus
444 1425 577 1467 Ecclefiae
603 1435 705 1457 curam
744 1434 910 1466 omnemque
931 1422 1126 1467 substantiam
1152 1424 1198 1456 ad

127 1456 204 1494 cap*
217 1465 262 1491 '‘4'
294 1476 382 1506 vices
410 1474 627 1508 valentioribus
653 1474 778 1508 clericis
799 1471 954 1516 delegabat
978 1475 1014 1505 δ’
1035 1472 1191 1506 credebat.

300 1526 482 1566 Numquam
511 1526 625 1558 clavem
648 1548 659 1564 ,
685 1534 849 1564 numquam
876 1523 1019 1555 annulum
1044 1525 1076 1553 in
1101 1532 1192 1554 manu

303 1573 434 1617 babens,
456 1574 519 1619 sed
543 1574 583 1608 ab
593 1571 704 1617 eisdem
713 1574 815 1606 domus
841 1570 1010 1614 Praepofiris
1032 1571 1137 1604 cundia
1158 1572 1192 1604 δ’

302 1633 420 1667 accepta
441 1628 606 1670 &erogata
633 1623 817 1657 notabantur
848 1647 855 1654 .
882 1622 926 1656 Et
948 1621 1083 1656 iterum:
1114 1622 1192 1653 Pau-

299 1683 405 1718 perum
425 1676 542 1720 semper
568 1686 678 1709 memor
696 1682 764 1708 erat
785 1698 796 1714 ‚
822 1670 921 1715 eisque
941 1672 1011 1706 inde
1030 1669 1191 1714 erogabat,

303 1727 380 1758 unde
405 1730 439 1762 (rs
459 1726 516 1769 fibi
534 1723 652 1770 suisque
678 1723 811 1757 omnibus
834 1721 933 1766 sicum
959 1720 1167 1755 habitantibus
1180 1744 1191 1761 ,

305 1779 478 1820 erogabatur
502 1788 512 1819 ;
539 1776 590 1810 boc
615 1774 654 1815 est
677 1799 688 1816 ‚
712 1774 764 1808 vel
787 1768 988 1806 ex‘reduibus
1004 1770 1193 1814 poffefflonum

306 1827 442 1870 Ecclefiae
455 1852 466 1868 ,
491 1827 543 1859 vel
561 1831 653 1859 etiam
679 1836 717 1857 ex
736 1821 929 1856 oblationibus
947 1822 1102 1864 fidelium.
1128 1821 1192 1854 Lu-

305 1875 381 1910 cide
393 1877 531 1911 affirmat
555 1874 685 1909 nullum
698 1871 905 1916 Hipponenfi
928 1870 1077 1905 Ecclefiae
1097 1871 1191 1904 fuisse

306 1926 529 1961 OEconomum
541 1950 551 1966 ‚
578 1924 701 1958 nullam
716 1923 882 1958 bonorum
893 1920 1084 1955 divifionem
1100 1945 1111 1962 ‚
1137 1920 1189 1954 sed

307 1978 425 2012 omnia
451 1977 485 2010 in
512 1987 612 2010 manu
648 1976 682 2009 ὅ(
708 1972 841 2008 arbitrio
867 1971 966 2006 solius
993 1969 1190 2015 Augustini.

310 2027 385 2060 Nec
405 2025 627 2061 dubitandum
640 2049 652 2067 ,
678 2026 758 2069 quin
781 2023 839 2057 ista
858 2022 955 2056 fuerit
978 2021 1082 2055 forma
1092 2019 1192 2055 totius

311 2075 478 2111 Africanae
504 2076 654 2110 Ecclefiae
680 2101 686 2107 .
717 2074 830 2108 Etiam
856 2072 897 2106 de
922 2073 1040 2106 Sancto
1067 2072 1192 2114 Joanne

308 2126 554 2170 Chrysostomo
577 2125 685 2159 scribit
706 2125 738 2158 in
764 2123 831 2166 ejus
843 2120 1089 2164 Episcopalibus
1102 2120 1194 2154 Auis

310 2176 479 2211 Palladius
505 2175 686 2215 Episcopus
715 2169 1012 2210 Helenopolitanus
1034 2180 1042 2199 ε
1070 2167 1194 2209 Dispen.

307 2225 421 2271 satoris
442 2221 627 2262 Ecclefiaflici
648 2217 763 2262 sin-ipra
767 2221 799 2263 J
802 2229 913 2251 oannes
933 2219 1086 2262 relegens,
1110 2222 1194 2251 inuti-

310 2274 407 2318 lesque
434 2270 567 2313 Ecclefiae
591 2269 725 2313 sumptus
752 2267 976 2310 deprehendens
1002 2291 1013 2307 ,
1041 2274 1194 2308 amputari

312 2325 364 2359 hos
383 2329 521 2366 protinus
542 2321 648 2363 jubes.
677 2320 786 2360 Acceffit
808 2319 897 2353 &aa
902 2316 1044 2361 solemnes
1055 2315 1194 2360 Episcopi

310 2374 449 2418 sumptus
469 2370 664 2416 inspiciendo.
691 2367 908 2412 inveniensque
929 2368 1114 2400 immodicam
1122 2374 1193 2408 pro-

311 2424 452 2468 fusionem
463 2449 474 2465 ,
500 2421 660 2464 transferri
670 2421 746 2454 hanc
757 2417 1003 2463 magnificentiam
1013 2418 1058 2449 ad
1068 2416 1194 2458 infirmo-

312 2473 498 2517 rumsolatta
506 2478 651 2515 praecepit
663 2497 670 2505 .
698 2470 794 2504 Istam
806 2468 1032 2512 Episcopalem
1046 2467 1194 2511 magnifi-

314 2526 460 2560 centiam
481 2524 618 2566 exponit
643 2522 708 2565 ipse
719 2518 973 2563 chrysostomus
994 2517 1027 2551 in
1040 2518 1194 2553 Sermone

315 2575 358 2610 de
377 2572 673 2618 Pseudoprophetis
696 2582 733 2605 ac
755 2570 840 2604 fallis
864 2566 1061 2603 Dostoribus
1086 2591 1092 2598 .
1119 2566 1195 2600 San-

315 2627 385 2660 &os
409 2623 628 2658 Antiochenae
650 2621 794 2655 Ecclefiae
824 2619 1003 2662 Episcopos
1030 2616 1195 2650 Evodium

312 2685 413 2719 atque
426 2675 594 2719 Ignatium
609 2697 619 2712 ,
629 2671 828 2714 Dionysium
840 2668 1074 2715 Areopagitam
1088 2690 1099 2706 ,
1124 2665 1196 2701 Ma·

315 2737 423 2772 gnum
447 2724 624 2763 Bafilium,
652 2722 818 2766 Magnum
840 2718 1056 2754 Athanasium
1080 2740 1090 2755 ,
1117 2715 1196 2750 Gre-

318 2778 449 2820 gotium
472 2774 723 2807 Nazianzenum
745 2794 755 2809 ,
781 2770 926 2814 aliosque
945 2767 1097 2808 antiquos
1121 2765 1196 2809 Epi-

317 2827 434 2867 scopos
450 2824 483 2856 &
495 2823 637 2865 ipsorum
649 2820 872 2853 sanfflffimam
883 2816 1073 2853 modestiam
1084 2815 1186 2858 deprae

319 2875 409 2908 dicat
421 2897 431 2912 ‚
459 2883 496 2905 ac
511 2869 713 2914 prosequitur
734 2869 773 2902 de
786 2869 832 2902 sui
844 2869 998 2911 temporis
1008 2865 1196 2909 Episcopis:

323 2925 413 2958 Vides
426 2947 435 2963 ‚
461 2930 606 2964 quantum
619 2918 659 2960 fit
679 2918 866 2956 interstitium
894 2942 904 2958 ‚
929 2925 1097 2960 quantaque
1117 2915 1198 2955 diffe-

323 2979 421 3008 rentia
432 2972 545 3005 illorum
557 2973 720 3002 Beatorum
731 2980 764 3001 ac
776 2969 946 3001 sannorum
959 2972 1089 3001 virorum
1101 2964 1138 2997 ab
1148 2965 1196 2998 his

323 3030 372 3067 qui
395 3033 471 3056 nunc
476 3020 564 3064 sunt.
594 3019 641 3053 Illi
648 3026 784 3062 potentes
807 3027 891 3061 opere
911 3017 1079 3060 &sermone
1090 3023 1197 3056 erant,

324 3083 357 3107 at
380 3073 423 3113 isti
443 3077 475 3104 in
492 3074 635 3111 jumentis
657 3071 784 3111 &equis
797 3092 808 3108 ‚
833 3080 868 3101 ac
889 3068 976 3101 mulis
991 3090 1001 3105 ‚
1026 3067 1060 3098 (τ
1077 3070 1173 3106 coquis
1186 3089 1196 3104 ,

324 3121 479 3168 menfisque
487 3119 654 3163 splendidis
659 3118 788 3159 studium
799 3125 928 3159 ponunt.
958 3120 1092 3156 Denique
1096 3113 1126 3155 fi
1130 3120 1195 3156 quis

326 3186 370 3207 ces
387 3173 468 3215 forte³
489 3172 526 3204 de
544 3169 639 3213 sacris
658 3170 742 3202 libris
758 3175 938 3210 interroget,
964 3164 1140 3207 respondent
1163 3166 1197 3198 (9·

327 3226 445 3256 dicunt:
473 3225 619 3262 pauperes
637 3218 759 3262 sumus,
783 3217 956 3259 &facultas
977 3214 1066 3248 libros
1087 3224 1197 3256 compa-

327 3275 419 3306 randi
444 3284 499 3304 non
519 3270 556 3310 est
577 3270 660 3303 nobis
684 3293 691 3300 .
720 3267 819 3307 Postea
841 3268 911 3300 vero
929 3266 1080 3307 prodeunt
1103 3288 1112 3303 ‚
1140 3275 1196 3297 non

327 3333 362 3356 ut
379 3330 524 3364 pauperes
538 3346 549 3361 ,
571 3317 812 3364 sedvestimentis
831 3317 932 3357 politis
944 3326 978 3347 ac
1000 3315 1103 3346 nitidis
1123 3319 1197 3346 ami-

327 3374 388 3413 ἅτ’,
413 3370 619 3414 marsupiaque
625 3370 716 3411 plena
737 3365 850 3398 &colla
868 3363 920 3406 fibi
927 3372 1095 3405 parantes,
1123 3372 1198 3396 tam·

328 3436 413 3467 quam
442 3420 576 3466 saginati
601 3420 693 3462 aliqui
718 3420 800 3451 tauri
826 3438 839 3458 ‚
874 3412 1077 3459 discipulorum
1103 3421 1199 3449 autem

125 1650 205 1691 Cap„
220 1657 268 1686 23.

142 2939 225 2969 Tem·
245 2941 274 2968 6.

1279 160 1668 190 SECUNDI

1250 227 1468 261 militudinem
1479 226 1641 261 attrabunt
1653 250 1664 267 ,
1689 232 1740 260 aid
1747 234 1846 269 potius
1864 236 2029 271 corporum,
2055 233 2127 271 quin

1250 278 1383 318 &opum
1405 276 1562 320 affluentia
1578 276 1821 322 subintroduHas
1832 288 1954 321 tenent,
1975 287 2131 321 praetextu

1252 327 1425 360 ancillarum
1441 353 1447 359 .
1475 330 1499 359 0
1512 328 1625 360 malam
1644 328 1823 370 opulentiam
1835 352 1843 360 .
1870 334 1894 363 0
1907 329 2040 364 acerbam
2055 340 2131 362 ava-

1251 382 1354 410 ritiam
1370 403 1377 409 .
1403 378 1488 424 Qae
1500 376 1614 411 omnia
1625 376 1745 422 largius
1767 375 1900 412 deducit
1909 380 1943 413 in
1955 388 2045 415 nona
2059 380 2132 414 Ho-

1252 426 1343 461 milia
1356 428 1447 470 super
1460 427 1642 470 Epistolam
1666 427 1707 462 ad
1718 425 1938 472 Philippenses
1948 453 1957 462 .
1982 430 2135 476 Qomo·

1251 478 1295 511 do
1310 477 1467 511 Eusebius
1479 477 1594 512 Pelufii
1607 478 1787 522 Episcopus
1805 490 1843 512 ac
1855 478 1922 522 ejus
1933 477 2132 512 OEconomus

1253 528 1423 573 Zozymus
1451 529 1692 572 conspirarint,
1718 527 1977 563 Ecclefiasticam
2000 528 2082 562 inter
2101 529 2134 562 se

1252 577 1389 612 divisam
1412 576 1624 613 substantiam
1645 577 1884 622 dilapidarint-,
1908 579 2134 622 reliquumque

1253 627 1389 662 Clerum
1409 627 1631 663 defraudarint
1654 641 1691 663 ac
1704 636 1875 672 pauperes,
1900 629 2012 662 multis
2031 627 2135 672 queri-

1253 689 1304 713 tur
1326 678 1599 724 &castigandum
1612 679 1797 723 expostulat
1824 677 1844 710 ὲ
1864 678 1921 712 suo
1945 679 2133 721 &ipsorum

1254 727 1438 763 Patriarcha
1465 728 1585 763 Sandio
1605 728 1735 772 Cyrillo
1756 727 1984 762 Alexandrino
1994 727 2133 762 Isidorus

1254 778 1419 813 Pelufiota
1451 804 1457 810 .
1494 765 1679 813 Istiusmodi
1716 778 1953 822 Episcoporum
1988 779 2132 812 excessus

1252 838 1434 876 coegerunt
1451 829 1609 863 Ecclefias
1624 829 1666 863 ad
1680 829 1744 863 alia
1764 828 1895 862 consilia
1914 827 1948 862 ἀ
1959 826 2134 872 cogitatio-

1253 890 1332 919 nes,
1357 879 1398 913 a'd
1423 890 1544 914 novam
1554 878 1844 916 administrationis
1865 888 1903 913 ac
1923 876 2133 922 dispensatio-

1254 929 1305 964 nis
1316 929 1453 963 formam
1465 955 1473 963 .
1621 928 1623 931 ’

2151 720 2207 751 Lib.
2233 732 2260 750 ι.

2151 763 2197 798 Ep.
2223 769 2286 795 ιη·

1303 979 1463 1024 Pleraeque
1477 992 1610 1015 omnem
1623 981 1715 1018 suum
1740 987 1932 1025 proventum
1955 979 1990 1013 &
2011 978 2131 1013 obven-

1253 1039 1323 1066 tum
1343 1032 1518 1065 sanxerunt
1538 1031 1755 1065 dividendum
1777 1032 1812 1064 in
1833 1040 1971 1075 quatuor
1994 1029 2131 1072 aequales

1254 1081 1440 1124 portiones:
1471 1081 1632 1125 Episcopo
1656 1105 1667 1121 ,
1692 1082 1793 1116 Clero
1811 1105 1821 1122 ‚
1848 1078 2061 1124 pauperibus,
2088 1079 2132 1112 fa-

1254 1130 1347 1164 bricae
1360 1155 1367 1163 .
1396 1129 1540 1164 Alterius
1561 1140 1683 1174 partem
1696 1131 1870 1165 sanxerunt
1890 1130 1957 1164 fine
1977 1129 2054 1163 furti
2071 1128 2133 1163 cri-

1254 1180 1343 1214 mine
1355 1190 1423 1214 non
1439 1182 1526 1223 poffe
1547 1181 1589 1215 ab
1601 1180 1701 1215 altero
1711 1180 1882 1226 contingi.
1909 1179 2039 1224 Cuique
2048 1178 2131 1222 parti
2146 1211 2169 1219 ,β

1253 1228 1411 1264 dederunt
1435 1231 1527 1264 suum
1549 1231 1769 1265 OEconomum
1792 1243 1799 1263 :
1827 1230 1871 1263 Et
1894 1241 1936 1264 ne
1956 1240 2030 1263 cum
2057 1229 2132 1271 Epi-

1254 1282 1351 1323 scopo
1369 1281 1553 1324 conspirare
1573 1283 1692 1324 posset,
1722 1283 1898 1315 sanxerunt
1920 1289 1989 1312 non
2010 1275 2131 1321 abipso

1254 1330 1324 1363 solo
1337 1354 1348 1370 ‚
1373 1330 1427 1364 sed
1446 1331 1547 1364 etiam
1567 1330 1586 1364 ὲ.
1610 1330 1710 1365 Clero
1734 1329 1944 1375 eligendum,
1970 1336 2026 1362 aut
2046 1326 2132 1361 certe

1253 1388 1364 1410 coram
1384 1388 1524 1419 utroque
1533 1375 1800 1419 compellendum
1822 1379 1862 1412 ad
1873 1377 2031 1413 rationes.
2058 1376 2132 1411 Nec

1254 1424 1378 1460 mireris
1396 1426 1527 1468 plenam
1551 1434 1702 1469 quartam
1728 1425 1846 1460 ceffiss'e
1864 1427 1924 1459 uni
1946 1426 2132 1469 Episcopo.

1253 1476 1414 1520 joannem
1439 1485 1590 1516 quartum
1609 1474 2027 1517 'constantinopolitanum
2055 1474 2134 1518 Epi-

1254 1523 1388 1566 scopum
1411 1522 1529 1556 merito
1550 1522 1698 1565 praedicat
1707 1521 1979 1565 Theophylastus
1987 1524 2133 1558 Simoca-

1253 1581 1303 1606 ta:
1323 1575 1466 1617 Joannes
1483 1571 1615 1614 Ecclefiae
1626 1575 1804 1611 Byzantinae
1817 1571 1936 1615 Praesul
1953 1572 2043 1614 buius
2055 1574 2131 1607 lucis
2149 1576 2177 1606 L.
2189 1584 2217 1611 7.
2237 1583 2264 1607 c·
2275 1578 2306 1606 6.

1251 1621 1339 1666 uficra
1391 1622 1540 1656 reddidit.
1571 1625 1636 1666 ,Qui
1654 1623 1735 1665 quod
1752 1623 1920 1664 voluptates
1939 1624 2049 1667 egregie
2065 1621 2130 1667 pes²

1247 1670 1314 1716 sum
1336 1679 1418 1714 aret,
1445 1670 1617 1716 &vitiosas
1639 1677 1736 1706 animi
1759 1678 1898 1706 motiones
1916 1672 2127 1716 compesceret,

1250 1730 1324 1756 vent
1342 1729 1408 1765 ique
1427 1723 1567 1763 affiduum
1589 1722 1695 1757 bellum
1710 1722 1825 1764 faceret
1841 1749 1852 1764 ‚
1877 1723 1897 1755 ἂ
1910 1723 2064 1762 Byzantiis
2083 1735 2127 1757 co-

1246 1778 1437 1817 gnomentum
1457 1774 1636 1814 Jejunatoris
1662 1773 1730 1807 tulit
1755 1799 1762 1806 .
1803 1776 1917 1807 Fertur
1939 1775 1960 1806 ἃ
1985 1776 2128 1806 Maurmo

1250 1824 1429 1864 Imperatore
1448 1822 1597 1865 complura
1631 1823 1745 1856 talenta
1780 1830 1932 1857 mutuatus
1957 1848 1968 1864 ‚
2004 1825 2128 1867 syngra-

1246 1864 1341 1914 phanl
1363 1874 1407 1905 illi
1428 1873 1497 1906 dedi
1518 1884 1534 1906 e
1545 1899 1557 1915 ‚
1585 1874 1690 1907 &rem
1698 1872 1884 1915 familiarem
1896 1868 1898 1871 ’
1904 1877 2022 1917 pignori
2039 1880 2128 1915 oppo-

1245 1920 1346 1966 suisse.
1375 1922 1529 1965 Postquam
1547 1924 1594 1956 die
1617 1922 1669 1966 suo
1685 1922 1722 1964 est
1745 1922 1940 1965 perfundas,
1969 1926 2128 1956 Mauritius

1249 1978 1282 2005 in
1305 1974 1370 2014 ejus
1374 1971 1541 2013 facultates
1564 1978 1736 2015 inquirens,
1758 1980 1967 2014 paupertatem
1986 1971 2128 2015 conseda-

1250 2033 1315 2057 tum
1339 2028 1457 2056 invenit
1478 2047 1490 2064 ,
1514 2034 1549 2056 ae
1570 2031 1743 2066 magnopere
1756 2021 1933 2066 fingularem
1954 2021 2127 2056 Hierarcbae

1245 2071 1475 2115 sanfflmoniam
1484 2075 1649 2107 admiratus
1659 2096 1670 2113 ,
1695 2072 1900 2117 syngrapham
1916 2075 2049 2117 gratuito
2063 2083 2128 2105 con-

1246 2121 1353 2165 scidit.
1380 2122 1474 2155 Nibil
1487 2122 1632 2166 siquidem
1657 2122 1896 2167 aliudinveniffe
1916 2124 2004 2165 ajunt
2012 2130 2127 2165 praeter

1249 2172 1353 2203 lec‘i'um
1362 2173 1509 2213 lignm‚
1534 2175 1696 2207 &laneum
1718 2173 1882 2217 stragulum
1907 2173 2015 2206 nullius
2023 2176 2127 2213 pretii,

1251 2230 1286 2253 ac
1299 2219 1460 2261 deformem
1465 2221 1608 2262 penulam
1619 2245 1626 2252 .
1654 2222 1712 2254 Vili
1723 2228 1803 2254 enim
1812 2222 1917 2262 vestitu
1926 2221 2131 2254 deleHabatur

1251 2274 1299 2302 vir
1304 2269 1486 2311 frugalitate
1496 2276 1573 2302 vitae
1582 2269 1751 2311 conspicuus
1762 2296 1769 2302 .
1793 2270 1871 2304 Fuit
1884 2270 1985 2313 digna
1998 2271 2131 2313 Episco-

1251 2330 1295 2362 po
1306 2318 1371 2351 vita
1384 2344 1391 2350 .
1419 2316 1567 2351 Similem
1591 2318 1625 2350 in
1639 2318 1768 2360 Magno
1791 2318 1912 2351 Bafiiio
1923 2318 2048 2352 Valens
2061 2318 2132 2353 Au-

1251 2367 1385 2413 gustuS‚
1410 2366 1508 2400 &alii
1531 2366 1564 2399 in
1577 2366 1648 2400 aliis
1668 2367 1742 2399 sunt
1754 2365 1921 2409 admirati.
1950 2366 2131 2403 Nihilomi-

1255 2417 1314 2451 nus
1334 2417 1500 2451 adversum
1523 2415 1618 2455 illos,
1645 2416 1704 2459 qui
1724 2416 1781 2449 suo
1795 2414 2042 2460 obganniebant
2053 2419 2130 2461 Epi-

1255 2468 1352 2511 scopo
1365 2480 1376 2500 .-
1401 2467 1452 2499 Ille
1474 2466 1562 2500 lavat
1582 2475 1615 2498 ut
1636 2477 1708 2510 ego,
1734 2466 1855 2499 comedit
1875 2490 1887 2506 ‚
1913 2465 1988 2499 bibit
2007 2490 2018 2505 ,
2044 2467 2129 2508 vesli-

1255 2522 1363 2550 mentis
1373 2520 1503 2558 operitur
1514 2541 1525 2557 ‚
1553 2517 1657 2549 domus
1677 2526 1775 2549 euram
1782 2521 1861 2559 gerit
1878 2524 1968 2558 atque
1971 2516 2102 2557 familiae
2111 2530 2127 2560 ,-

1253 2569 1336 2608 cujus
1347 2577 1411 2609 ergo
1428 2571 1470 2599 rei
1483 2570 1586 2610 gratia
1597 2565 1636 2605 est
1661 2565 1733 2598 mihi
1752 2567 1904 2607 praelatus
1917 2566 1934 2598 ,ἓ
1961 2568 2023 2599 sed
2039 2567 2130 2609 &fa-

1254 2618 1346 2650 mulos
1368 2615 1475 2656 habet,
1501 2616 1608 2658 quiilll
1631 2614 1797 2655 ministrant
1810 2639 1822 2655 ,
1847 2614 1978 2659 &asello
1988 2616 2128 2650 vehitur.-

1254 2671 1318 2700 σαν
1326 2666 1443 2708 praeeffe
1455 2665 1528 2698 mibi
1537 2665 1652 2708 debet?
1676 2663 1860 2699 Adversum
1871 2663 1933 2699 hos
1944 2690 1954 2706 ,
1981 2666 2130 2710 inquam,

1253 2725 1504 2752 murmuratores
1526 2715 1608 2750 reste
1626 2715 1748 2759 sctipfit
1770 2715 1806 2748 in
1830 2715 1933 2759 prima
1946 2716 2038 2758 super
2053 2718 2130 2760 Epi-

1253 2766 1372 2801 stolam
1383 2765 1423 2799 ad
1434 2764 1553 2799 Titum
1566 2765 1717 2799 Homilia
1726 2765 1859 2799 Sanetus
1877 2765 2015 2808 Ioannes
2026 2766 2131 2810 Chry·

1255 2815 1435 2851 sostomus:
1468 2817 1563 2855 Vide,
1582 2825 1697 2858 quanta
1706 2826 1804 2848 rerum
1817 2813 1988 2859 absurditas
2002 2817 2018 2848 ,θ
2043 2822 2131 2850 Num

1256 2864 1418 2909 Episcopus
1439 2865 1522 2899 debet
1542 2877 1641 2900 carere
1666 2864 1797 2906 Ministro
1816 2890 1827 2905 ,
1853 2874 1886 2898 ut
1911 2867 1956 2899 illi
1975 2866 2075 2908 neceffe
2090 2865 2131 2908 fit

1255 2917 1288 2950 θ
1300 2917 1449 2949 incendere
1461 2921 1559 2961 ignem
1572 2940 1583 2956 ,
1607 2917 1643 2949 ό·
1654 2926 1747 2956 aquas
1759 2914 1880 2956 adferre
1889 2939 1899 2954 ,
1926 2917 1960 2949 6·
1969 2918 2050 2959 ligna
2056 2923 2132 2957 per-

1271 2971 1386 3010 ringere
1399 2990 1410 3006 ,
1435 2974 1526 3008 atque
1547 2971 1580 2998 in
1594 2964 1699 3006 forum
1717 2963 1798 3007 saepe'
1819 2965 1967 3007 necessarie
1989 2966 2130 3009 ingredi?

1257 3019 1302 3049 Et
1322 3015 1413 3057 potest
1435 3015 1487 3058 effe
1497 3017 1593 3054 maior
1601 3014 1803 3057 perversitas,
1829 3017 1979 3058 majorque
1987 3013 2130 3057 confufio?

1258 3064 1403 3100 Nervose
1421 3064 1565 3100 ostendit
1589 3065 1752 3108 Episcopo
1775 3063 1880 3099 deberi
1893 3065 2133 3108 suam-dignita-

1257 3125 1324 3150 tem
1344 3114 1524 3149 &statum.
1550 3114 1596 3149 Et
1620 3115 1693 3158 quis
1709 3115 1836 3158 ignoret
1850 3114 2047 3159 Episcopum
2068 3113 2131 3147 effe

1258 3165 1387 3200 Patrem
1414 3165 1565 3199 omnium
1602 3175 1777 3208 pauperum
1796 3189 1806 3205 ‚
1845 3164 1880 3198 ἀ
1902 3162 1984 3198 nulli
2008 3159 2131 3205 hospiti

1257 3214 1473 3250 claudendam
1495 3214 1589 3258 ipfius
1609 3214 1746 3249 domum
1761 3215 1777 3246 ἕ
1804 3215 1945 3260 Magnas
1968 3222 2048 3257 opes
2064 3210 2133 3246 haec

1258 3266 1441 3309 requirunt·
1794 3300 1798 3306 ,

1305 3316 1393 3363 Qis
1406 3314 1529 3358 primus
1541 3312 1626 3348 hanc
1646 3313 1836 3349 divifionem
1854 3312 1990 3356 coeperit
2002 3335 2013 3351 ,
2038 3311 2134 3356 igno-

1259 3376 1312 3399 ro.
1339 3365 1517 3399 Gratianus
1537 3364 1642 3406 primo
1656 3389 1666 3404 ‚
1691 3365 1731 3398 ad
1742 3361 1848 3406 quinti
1870 3361 1974 3395 saeculi
1987 3361 2132 3395 medium

1261 3414 1422 3451 celebrato
1451 3438 1463 3456 ,
1487 3412 1659 3450 Toletano
1685 3410 1840 3448 Concilio
1865 3409 2018 3494 adscribat
2044 3409 2133 3446 hunc

2009 3469 2085 3495 ano·
