2366 3756
123 1937 183 1971 Lib.
217 1947 242 1975 5.

957 215 1184 262 DtcT

583 403 1078 493 C'AN

490 810 987 854 Sciiottoui

392 953 539 990 Ustralis
562 953 733 999 navigatio
752 951 865 997 Jacobi
879 952 913 987 le
935 950 1068 990 Maire,
1090 958 1182 984 anno

419 1003 514 1048 hujus
534 1004 640 1039 saeculi
662 1004 899 1038 decimonono
923 1001 1011 1036 edita
1027 997 1184 1044 Lugduni

297 1055 499 1092 Batavorum
517 1077 529 1094 ‚
553 1053 622 1090 haec
642 1054 753 1089 scribit
776 1053 818 1088 de
842 1050 934 1087 Indis
959 1063 966 1083 :
1004 1052 1068 1094 ,Qui
1090 1055 1185 1082 imra-

294 1106 375 1140 bant
396 1117 507 1140 navem
531 1104 679 1145 nestram,
702 1109 738 1138 in
756 1115 857 1149 genua
864 1103 1076 1144 procidentes,
1098 1100 1185 1142 pedi-

295 1155 354 1190 bus
366 1155 468 1196 nostris
480 1153 576 1199 oftula
585 1155 720 1199 figebant
730 1181 737 1187 .
767 1154 811 1187 Et
822 1151 906 1186 infra
919 1151 960 1185 de
971 1151 1040 1193 ipso
1052 1150 1184 1184 illorum

293 1205 392 1249 Rege
403 1218 416 1240 .-
442 1210 575 1239 Comites
590 1206 667 1238 illius
674 1206 772 1247 pedes
785 1202 893 1244 nostros
916 1198 1163 1243 exosculabantur
1174 1224 1185 1240 ‚

294 1254 481 1298 acceptosque
501 1267 548 1288 eos
575 1260 607 1288 in
629 1255 770 1287 manibus
794 1252 860 1297 suis
877 1257 969 1293 capiti
993 1249 1184 1293 imponebant

299 1306 345 1338 ad
379 1305 567 1344 demiffionem
602 1301 867 1346 ficbjeoqionemque
892 1300 1152 1341 demonstrandam
1179 1325 1185 1330 .

294 1355 401 1402 Qod
412 1353 631 1388 confoederati
643 1353 751 1398 Belgii
765 1353 910 1396 Legatus
923 1351 1063 1386 Turcici
1086 1350 1185 1393 lmpe-

292 1406 411 1439 tatoris
433 1404 551 1438 vestem
562 1403 660 1438 fuerit
673 1402 767 1436 flexis
793 1400 931 1447 genibus
945 1401 1109 1438 osculatus
1130 1411 1185 1434 an-

294 1465 342 1488 no
355 1455 515 1497 praesentis
527 1454 634 1487 saeculi
659 1452 884 1492 duodecimo,
912 1451 1050 1485 affirmat
1073 1449 1185 1483 Eccle-

294 1503 577 1538 fiastico-Politica
591 1501 821 1546 Chronologia
833 1526 844 1542 ,
872 1501 984 1535 addita
992 1510 1086 1534 tomo
1103 1500 1186 1533 oila-

294 1565 341 1588 νο
351 1550 793 1589 ChroniciChronieorum.
821 1549 1047 1599 Qodipsum
1066 1546 1085 1580 ὲ
1110 1547 1186 1579 Ger-

296 1603 412 1637 lachio
433 1602 637 1636 Ptaedicante
668 1600 862 1637 Luthetano
888 1600 1009 1632 factum
1020 1595 1186 1630 Martinus

291 1651 426 1686 Crufius
439 1652 576 1684 affirmat
584 1651 625 1688 ‚in
638 1650 755 1687 Turco
766 1666 777 1674 -
791 1647 918 1681 Graecia
930 1671 938 1679 .
965 1644 1186 1690 Evangelicus

291 1701 355 1737 iste
365 1701 413 1736 vir
428 1700 572 1735 omnino
582 1699 661 1735 feeit
672 1723 684 1741 ‚
711 1698 801 1742 quod
811 1698 830 1731 ὲ
842 1697 995 1740 Bajazete
1019 1695 1187 1735 Adriano·

292 1751 590 1795 poleosPtaefesto
616 1750 648 1784 ὅ(
681 1749 755 1783 aliis
776 1748 967 1782 Tuscorum
990 1744 1187 1780 Proceribus

295 1802 393 1836 fuiffe
404 1802 526 1835 fastum
539 1797 723 1842 Mustaphae
736 1823 748 1840 ,
773 1796 912 1832 Turcici
928 1796 1061 1840 Imperii
1075 1793 1186 1830 adver-

295 1853 348 1886 sus
360 1853 489 1886 fratrem
500 1848 718 1890 Amurathem
728 1847 907 1883 secundum
919 1845 1063 1881 invasori
1074 1869 1086 1885 ,
1113 1845 1186 1879 scri-

296 1902 345 1936 bit
367 1901 533 1936 Laonicus
573 1898 819 1942 Chalcondylas
862 1911 871 1930 ³
912 1901 992 1931 Cum
1012 1894 1186 1937 Mustaphas

296 1957 414 1995 agmine
439 1949 591 1991 composita
609 1951 757 1983 accederet
770 1973 782 1990 ,
807 1951 894 1982 Turci
917 1946 1063 1989 confestim
1087 1956 1186 1978 omnes

296 2003 340 2034 ad
359 2002 445 2034 illum
466 1998 667 2041 tranfitionem
683 1997 807 2042 faciunt
836 2022 848 2039 ,
873 2008 998 2040 eumque
1015 2005 1051 2030 ut
1073 1999 1187 2039 Regem

297 2053 446 2085 adorant.
474 2049 589 2094 Pergit
612 2048 780 2084 Laonicus
800 2047 842 2083 de
868 2046 1064 2082 Mahomete
1077 2047 1187 2080 secun-

296 2102 343 2136 do
359 2114 367 2134 ι
392 2105 470 2134 Cum
481 2100 663 2133 Mahometes
675 2103 733 2133 iter
739 2107 796 2140 per
810 2098 1040 2139 Cappadociam
1064 2103 1164 2138 ageret
1176 2117 1186 2133 ‚

214 2178 241 2197 ζ,-
293 2151 375 2194 filius
397 2153 464 2192 ejus
487 2159 560 2183 natu
584 2156 741 2180 maximus
759 2171 771 2186 ‚
796 2152 846 2187 qui
871 2149 1043 2177 Amazaeam
1066 2148 1187 2184 imperio

297 2199 528 2238 moderabatur,
554 2196 726 2233 accedebat,
750 2205 874 2228 munera
889 2199 1024 2229 maxima
1037 2196 1130 2227 Patri
1141 2192 1187 2236 of-

293 2248 399 2291 ferens
413 2273 424 2289 ,
455 2257 574 2290 eumque
599 2253 633 2280 in
647 2245 981 2288 terramprocumbens,
1009 2253 1044 2280 ut
1065 2256 1127 2279 mos
1149 2244 1187 2285 est

294 2304 414 2341 gentis,
441 2299 605 2331 adoravit.
634 2296 746 2331 Etiam
770 2296 812 2331 de
834 2296 940 2340 primo
963 2296 1035 2339 post
1057 2305 1184 2338 captam

302 2347 431 2384 Urbem
444 2344 632 2382 patriarcha
646 2345 828 2381 Gennadio
840 2369 851 2386 ,
877 2357 915 2380 ac
924 2344 993 2389 ejus
1007 2343 1185 2380 Ecclesiam

299 2399 446 2433 visitante
467 2397 555 2432 dicto
574 2394 771 2432 Mahomete
796 2395 909 2430 scribit
933 2395 1075 2430 Politica
1099 2393 1185 2439 apud

300 2448 592 2482 Tmo-Graeciam
611 2445 770 2480 historia:
798 2447 894 2490 ‚Quod
915 2458 981 2480 cum
1004 2444 1186 2479 Patrimha

297 2498 464 2542 didiciffet,
490 2499 506 2531 ι’
523 2495 580 2540 sua
590 2495 773 2530 habitatione
784 2495 958 2539 descendit,
983 2507 1018 2529 ac
1030 2497 1187 2530 §ultanum

296 2548 437 2591 salutans
446 2548 606 2580 adoravit.
633 2547 679 2581 Et
691 2546 733 2581 de
743 2545 931 2581 Patriarcha
944 2571 956 2588 ,
981 2545 1061 2580 dum
1072 2545 1090 2579 ὲ
1106 2546 1188 2580 Soli-

298 2608 424 2631 manno
435 2596 578 2631 secundo
589 2595 831 2631 patriarchatus
851 2596 1077 2631 investituram
1099 2607 1188 2631 acce-

300 2648 351 2690 pit
360 2672 371 2688 ‚
397 2645 541 2691 josepho
553 2655 673 2690 quarto
685 2644 781 2681 habet
792 2645 1022 2680 patriarchalis
1042 2658 1096 2691 per
1109 2647 1188 2681 Em-

296 2697 484 2731 manuelem
496 2698 672 2732 Maiaxum
693 2696 852 2740 descripta
876 2696 1033 2731 historia:
1059 2700 1186 2730 Manum

298 2748 416 2780 sultani
435 2746 599 2789 osculatus,
624 2746 733 2792 insigne
753 2746 908 2789 potestatis
924 2752 1034 2789 accepit
1047 2770 1055 2778 .
1083 2747 1183 2782 Vide-

300 2798 381 2831 licet
400 2796 618 2832 patriarchale
641 2796 787 2832 Pedum.
816 2797 859 2830 Et
885 2796 926 2831 de
952 2795 1106 2831 investito
1128 2809 1182 2840 per

299 2846 454 2880 eumdem
475 2846 602 2891 Regem
628 2848 797 2883 Hieremia
825 2845 985 2882 secundo:
1015 2851 1181 2881 Hieremias

303 2908 425 2929 manum
435 2900 526 2940 Regis
538 2895 715 2939 deosculatus
727 2898 766 2941 eli
785 2922 796 2938 ,
820 2898 941 2941 concessu
969 2898 1003 2931 (9⁸
1027 2897 1158 2940 beneficio
1171 2922 1180 2937 ‚

297 2947 381 2989 quod
399 2945 509 2980 habent
529 2947 717 2982 Patriarchae
730 2950 803 2989 jam
829 2950 898 2982 inde
923 2948 944 2980 ἅ
968 2955 1098 2990 tempore
1119 2949 1182 2981 sul-

302 3001 372 3028 tani
399 2996 575 3030 Mabometis
598 3021 608 3037 ,
645 3003 696 3039 qui
730 2998 836 3031 Urbem
871 3002 946 3040 cepit
969 3021 980 3037 ,
1016 3010 1073 3041 quo
1092 3000 1156 3032 licet
1171 3022 1181 3038 ,

295 3051 474 3088 quicumque
495 3046 675 3080 Patriarcba
698 3046 802 3088 fabius
816 3048 916 3090 ficei-it
938 3072 948 3088 ‚
976 3051 1086 3092 Regem
1114 3050 1182 3081 deo-

294 3095 426 3139 sculari.
455 3095 499 3130 Et
515 3095 556 3129 de
576 3097 695 3131 eodem
718 3121 730 3137 ,
754 3098 834 3133 dum
861 3099 1022 3133 Solimani
1046 3099 1119 3134 filio
1145 3098 1178 3131 δε

298 3146 470 3180 successori
497 3144 691 3180 Amurathae
715 3147 811 3182 tertio
842 3148 1020 3183 Pescefium
1061 3148 1178 3187 solvit,

296 3196 471 3230 Hieremia
492 3208 500 3228 ;
546 3199 709 3229 Hieremias
733 3208 808 3232 more
829 3199 1032 3232 Patriarcbico
1056 3210 1179 3232 manum

297 3250 390 3289 Regis
407 3245 444 3286 est
463 3244 646 3288 deosculatus
672 3271 679 3278 .
728 3246 839 3293 Regiae
876 3260 991 3283 manus
1029 3249 1178 3284 osculum

295 3296 510 3339 scriptor-iste
521 3296 659 3339 appellat
673 3307 796 3332 morem
820 3298 1077 3334 Patriarchicum
1091 3324 1100 3339 ‚
1127 3298 1180 3332 da-

297 3346 461 3389 tumquea
474 3346 615 3380 secundo
628 3345 822 3382 Mahornete
832 3348 1049 3384 beneficium:
1078 3347 1178 3395 Qiod

300 3394 417 3438 nempe
437 3396 494 3429 alii
511 3406 623 3431 omnes
645 3396 869 3432 oscularentur
890 3398 996 3444 Regis
1033 3401 1169 3443 pedem.

299 3445 394 3489 an
423 3445 528 3487 ipsum
552 3447 652 3480 etiam
684 3446 832 3481 laudatus
858 3448 1052 3483 Gennadius
1080 3449 1177 3482 fuerit

299 3494 487 3535 osculatus,
514 3496 569 3529 vix
591 3496 636 3530 est
658 3496 892 3540 ambigendum
907 3522 914 3531 .
943 3499 1066 3535 Verum
1093 3496 1180 3543 quod

399 3543 589 3591 ,CbristLupi
598 3552 683 3591 oper.
692 3549 808 3581 TomV.
1193 3547 1202 3590 1

1217 229 1451 273 arus,

1193 398 1499 495 ΟΝ

1954 229 2061 278 3195,

1667 400 1710 484 Ι
1736 400 1843 488 X*

300 592 553 740 QUod
587 592 715 643 solius
750 592 879 662 Papae
914 587 1050 663 pedes
1092 602 1248 639 omnes
1284 583 1510 653 Principes
1542 581 1840 636 deosculatur.

1242 799 1289 835 vir
1300 795 1509 834 orthodoxus
1520 798 1599 833 esset
1625 797 1660 833 &
1672 797 1808 834 Sanctus
1823 821 1835 838 ‚
1859 794 1986 834 Divina
1997 797 2128 837 bonitas

1242 850 1334 885 dedit
1352 849 1382 883 ei
1395 849 1535 893 gratiam
1556 850 1592 883 in
1604 847 1739 883 Barbari
1752 847 1858 883 oculis
1871 872 1882 888 ‚
1908 858 2007 892 atque
2019 850 2065 885 ita
2090 851 2127 886 &

1243 900 1327 934 istud
1339 898 1439 934 etiam
1473 910 1532 943 pro
1544 897 1778 937 successoribus
1800 897 2008 943 privilegium
2020 926 2027 932 .
2054 900 2130 935 Nec
2146 915 2176 946 p,
2197 916 2266 953 15⁶5

1244 950 1374 985 tantum
1394 948 1435 984 de
1461 950 1533 993 ipso
1544 949 1683 985 Sultano
1696 973 1708 990 ,
1735 948 1900 984 sedetiam
1921 948 1963 984 de
1975 946 2131 985 Christia-

1246 1010 1293 1033 no
1306 998 1647 1043 Constantinopoleos
1658 998 1783 1045 populo
1807 1000 1843 1034 ὅ(
1856 998 2015 1036 Ebraimo
2037 999 2131 1035 Basra

1237 1047 1354 1084 ,scribit
1376 1048 1663 1098 eademxhistoria:
1691 1054 1848 1084 accurrens
1868 1051 1997 1092 populus
2019 1049 2135 1094 εἰσῄα,-

1243 1099 1362 1133 labatur
1380 1099 1618 1147 pedes-Raffae.
1645 1099 1690 1134 Et
1720 1101 1762 1135 de
1791 1101 1905 1134 nescio.
1914 1111 1982 1143 quo
1992 1099 2137 1140 Pseudo-

1246 1149 1344 1184 Vatis
1371 1147 1577 1183 Mahometis
1599 1149 1865 1194 consanguineo,
1890 1161 1989 1194 quem
2011 1149 2134 1190 utiPa-

1246 1197 1421 1234 triarcham
1446 1199 1480 1232 δε
1510 1195 1709 1242 prophetam
1731 1199 1945 1234 venerabatur
1971 1210 2061 1233 coeca
2086 1199 2134 1232 su-

1247 1249 1394 1293 perstitio
1418 1273 1429 1289 ,
1465 1247 1575 1282 scribit
1599 1249 1635 1281 in
1662 1247 2043 1292 Constantinopolitanae
2079 1259 2136 1292 per

1249 1297 1465 1335 Amurathem
1482 1298 1661 1333 secundum
1685 1297 1869 1333 obsidionis
1887 1299 2021 1333 historia
2042 1299 2139 1342 Joan-

1249 1360 1304 1383 nes
1327 1349 1485 1383 Cananus
1498 1362 1509 1381 .·
1536 1351 1706 1390 Tamquam
1734 1349 1878 1391 Angelum
1897 1349 1937 1383 de
1960 1350 2028 1383 coslo
2048 1350 2138 1382 Turci

1245 1403 1332 1442 proni
1343 1396 1512 1431 admittunt
1521 1421 1532 1438 ‚
1557 1401 1651 1440 neque
1665 1409 1774 1431 manus
1788 1398 1871 1432 illius
1884 1400 1918 1432 (τ
1922 1400 2018 1441 pedes
2031 1398 2139 1442 solum-

1250 1450 1331 1483 modo
1342 1446 1543 1490 deosculantur
1557 1469 1569 1487 ,
1590 1445 1649 1490 sed
1674 1449 1708 1481 (θ’
1728 1449 1837 1488 mulae,
1863 1460 1923 1491 qua
1946 1447 2139 1488 vehebatur,

1243 1498 1349 1539 fraena
1375 1497 1411 1529 <5
1415 1497 1511 1537 pedes
1527 1520 1534 1526 .
1560 1495 1688 1529 Verum
1700 1495 1778 1529 huic
1789 1494 1965 1532 Thrazoni
1987 1498 2137 1541 supersti-

1251 1546 1331 1579 tiosa
1352 1543 1511 1583 stultitia,
1537 1542 1592 1578 isti
1613 1543 1715 1577 Baffae
1742 1544 1913 1587 indebita,
1940 1547 2056 1589 utpote
2077 1547 2141 1582 soli

1251 1593 1340 1639 Regi
1360 1602 1552 1636 competens
1574 1616 1586 1632 ‚
1612 1594 1791 1628 reverentia
1817 1595 1881 1628 fuit
1903 1595 2050 1639 impensa
2060 1616 2079 1630 ,ι
2095 1597 2141 1631 Et

1252 1645 1333 1688 quin
1346 1643 1450 1686 ipsam
1463 1641 1564 1676 etiam
1574 1641 1771 1686 Gerlachius
1782 1643 1965 1681 Praedicans
1975 1645 2143 1690 impende·

1251 1694 1312 1736 xit,
1338 1703 1408 1727 non
1420 1691 1467 1726 est
1492 1692 1582 1737 quod
1595 1692 1817 1737 dubitemus:
1831 1695 1912 1738 quin
1934 1696 2035 1731 fuerit
2051 1698 2144 1733 oscu-

1249 1744 1332 1780 latus
1348 1742 1453 1788 Regis
1464 1740 1579 1786 pedem
1593 1768 1600 1775 .
1630 1742 1760 1787 Nempe
1770 1743 1898 1779 Fratres
1921 1743 1974 1779 isti
1989 1746 2143 1792 Evange-

1248 1794 1302 1829 lici
1314 1819 1326 1835 ,
1351 1793 1385 1829 δε
1396 1804 1520 1837 magno
1530 1792 1644 1836 Tusce
1654 1791 1817 1828 honorem
1830 1795 1931 1829 istum
1939 1790 2145 1840 impendere,

1247 1846 1281 1879 &
1302 1844 1367 1878 suis
1394 1842 1515 1877 Nautis
1538 1843 1722 1886 impensum
1746 1843 1921 1887 admittere
1931 1847 2065 1890 possunt
2077 1840 2145 1882 sine

1249 1893 1493 1930 omnicrimine
1505 1917 1517 1934 ,
1545 1892 1658 1929 verum
1669 1893 1808 1931 Summo
1820 1894 1979 1930 Pontifici
2005 1896 2025 1930 a
2045 1897 2147 1932 nobis

1251 1943 1416 1988 impensus
1427 1943 1602 1978 damnatur
1612 1943 1654 1979 de
1666 1943 1857 1980 Idololatria
1870 1971 1878 1979 .
1906 1945 2044 1982 Revixit
2056 1946 2144 1992 apud

1251 1996 1338 2040 ipsos
1350 1994 1486 2039 antiqua
1508 1993 1760 2033 Donatistarum
1773 1994 1925 2045 Regula:
1951 1998 2044 2041 ‚Quod
2060 1999 2141 2035 volu·

1249 2058 1314 2081 mus
1333 2044 1471 2089 sanc‘lum
1483 2047 1539 2089 est.

1299 2095 1425 2129 Pedum
1446 2098 1528 2140 ergo
1541 2100 1795 2136 osculandorum
1818 2113 1892 2137 mos
1916 2100 2076 2148 estlonge
2088 2102 2146 2138 ani

1249 2144 1465 2187 tiquiffimus‚
1491 2155 1529 2179 ac
1552 2148 1595 2181 de
1610 2149 1686 2190 'ejus
1710 2150 1797 2192 apud
1807 2152 1983 2186 Romanos
2005 2151 2146 2188 exordio

1250 2194 1360 2229 scribit
1385 2195 1419 2228 in
1444 2194 1590 2231 Tiberio
1613 2196 1738 2232 Caesare
1768 2199 1944 2234 Svetonius
1962 2200 2146 2246 Tranquil-

1249 2245 1298 2279 lus
1323 2259 1330 2278 :
1357 2243 1537 2287 Priusquam
1557 2246 1800 2290 triumphaturus
1821 2255 1853 2281 in
1878 2252 2062 2292 Capitolium
2092 2251 2146 2294 ste-
2160 2248 2233 2286 Cap·
2249 2259 2296 2280 2⁰·
2319 2251 2322 2254 ’

1249 2295 1341 2328 ἐῖσαι
1355 2318 1366 2334 ,
1393 2293 1544 2337 descendit
1569 2297 1585 2328 ἑ
1604 2306 1689 2329 curru
1714 2321 1726 2338 ,
1745 2296 1835 2341 seque
1855 2300 2028 2342 praefidenti
2053 2304 2144 2336 Patri

1249 2346 1294 2377 ad
1309 2355 1409 2388 genua
1430 2342 1504 2385 misit
1518 2369 1525 2376 .
1552 2346 1596 2380 Et
1619 2346 1703 2380 infra
1725 2360 1735 2380 ;
1760 2347 1919 2391 Tiberius,
1945 2351 2012 2394 jam
2039 2353 2143 2387 fastus
2159 2365 2232 2403 Cap,
2250 2374 2298 2404 ²7ae

1249 2395 1429 2438 Imperator
1441 2419 1451 2435 ,
1477 2395 1665 2430 adulationes
1677 2398 1751 2432 adeo
1763 2397 1922 2442 aversatus
1933 2401 1972 2441 est
1982 2424 1992 2441 ,
2017 2411 2050 2436 ut
2063 2407 2141 2437 Con-

1244 2444 1375 2489 sularem
1383 2443 1622 2488 satisfacientem
1626 2445 1683 2488 Ji‘bi
1693 2470 1704 2487 ‚
1730 2459 1766 2482 ac
1770 2456 1827 2491 per
1831 2461 1931 2493 genua
1942 2463 2026 2487 orare
2037 2463 2141 2487 conan-

1249 2504 1308 2529 tem
1324 2518 1335 2535 ,
1361 2500 1405 2527 ita
1413 2493 1569 2539 suffugerit
1583 2521 1594 2536 ‚
1607 2506 1640 2530 ut
1651 2499 1771 2533 caderet
1780 2497 1922 2542 ficpinus.
1951 2502 1995 2536 Et
2013 2503 2055 2537 de
2072 2504 2140 2539 Ne-

1249 2557 1329 2579 rone
1342 2544 1513 2590 Augusto:
1545 2548 1719 2585 Tyridatem
1731 2553 1878 2584 Armeniae
1888 2555 1997 2596 Regem
2020 2553 2140 2596 admifit

1248 2596 1292 2629 ad
1297 2606 1422 2639 genua,
1447 2597 1669 2641 alle-vatumque
1679 2600 1985 2644 dextravexosculaetus
2010 2604 2065 2645 est.
2093 2605 2138 2638 Et

1249 2646 1283 2679 in
1320 2644 1469 2680 Adriano
1496 2648 1650 2693 Augusto
1681 2649 1796 2688 aeElius
1833 2651 2021 2695 Spartianus
2043 2667 2050 2684 :
2087 2656 2138 2687 Su-

1244 2701 1385 2738 pervenit
1409 2697 1548 2739 quaedam
1572 2700 1680 2737 mulier
1699 2723 1711 2741 ‚
1748 2711 1817 2742 quae
1840 2703 1948 2739 diceret
1973 2701 2087 2746 fhmnio
2103 2703 2138 2747 se
2155 2710 2227 2749 Cap·
2245 2716 2292 2748 254

1247 2751 1389 2780 monitam
1411 2770 1422 2787 ‚
1457 2756 1491 2780 ut
1529 2749 1660 2781 Adriani
1685 2761 1786 2794 genua
1809 2751 1988 2796 oscularetur
2013 2778 2024 2794 ,
2062 2765 2139 2789 rece-

1243 2805 1335 2839 ptura
1348 2795 1444 2840 visum
1458 2821 1468 2837 ,
1488 2797 1519 2839 fi
1540 2799 1574 2831 id
1579 2797 1690 2843 feciffet
1703 2824 1711 2832 .
1739 2803 1832 2844 ,Quod
1851 2801 2047 2845 insomnium,
2072 2815 2139 2838 cum

1246 2847 1405 2890 impleffet‚
1431 2848 1520 2880 oculos
1530 2854 1635 2891 recepit
1649 2874 1656 2881 .
1684 2849 1727 2884 Et
1752 2852 1794 2885 de
1816 2851 2010 2887 Maximino
2028 2855 2138 2889 secun-

1247 2898 1291 2932 do
1312 2897 1416 2941 Julius
1432 2899 1661 2942 Capitolinus:
1689 2905 1727 2933 In
1733 2900 1970 2944 salutationibus
1976 2903 2137 2947 superbiffi-
2153 2905 2263 2941 Cap-2⁸

1245 2959 1311 2981 mus
1325 2957 1392 2982 erat
1406 2972 1416 2988 ,
1443 2950 1478 2981 (2⁴
1489 2960 1611 2983 manum
1619 2951 1793 2994 porrigebat
1807 2976 1819 2992 ,
1839 2953 2001 2996 genuafibi
2014 2953 2138 2996 osculaem‘

1241 2998 1416 3040 patiebatur
1442 3022 1453 3039 ,
1479 3001 1514 3034 (w
1535 3012 1755 3044 nonnumquam
1777 3008 1870 3035 etiam
1889 3004 1984 3044 pedes
2008 3028 2015 3036 .
2043 3006 2138 3048 ,Quod

1245 3059 1405 3090 numquam
1412 3049 1513 3092 passus
1529 3049 1566 3090 est
1578 3053 1680 3084 Semor
1694 3054 1880 3085 Maximinus
1893 3076 1904 3093 ‚
1932 3059 1983 3095 qui
1996 3055 2133 3088 dicebat:

1246 3102 1297 3130 Dii
1314 3098 1491 3139 prohibeant
1523 3123 1534 3139 ,
1560 3109 1595 3133 ut
1615 3099 1771 3144 quisquam
1796 3107 1987 3146 ingenuorum
2006 3103 2134 3145 pedibus

1245 3153 1318 3180 meis
1337 3146 1460 3190 osculum
1484 3150 1561 3192 figat
1582 3172 1596 3185 .-
1619 3151 1663 3185 Et
1689 3151 1949 3186 de-Alexandro
1979 3152 2131 3197 Augusto

1247 3197 1362 3231 AElius
1393 3199 1597 3243 Lampridius
1622 3212 1629 3232 :
1668 3201 1864 3236 salutabatur
1901 3208 2017 3235 nomine
2035 3227 2046 3243 ,
2079 3202 2130 3235 boc

1246 3247 1284 3287 est
1298 3271 1308 3287 ,
1335 3250 1399 3282 Ave
1422 3251 1592 3284 Alexander
1614 3276 1621 3283 .
1647 3253 1680 3284 Si
1702 3258 1770 3295 quir
1794 3260 1885 3293 caput
1903 3252 2048 3295 flexisset,
2074 3258 2128 3284 aut

1247 3298 1385 3330 blandius
1398 3299 1517 3342 aliquid
1526 3302 1647 3345 dixiffet
1658 3326 1668 3343 ,
1694 3307 1740 3335 uti
1751 3303 1886 3334 adulator
1910 3303 1963 3336 vel
1973 3302 2131 3343 abjicieba-

1248 3357 1318 3385 tur,
1343 3349 1393 3382 vel
1410 3351 1568 3384 ridebatur
1592 3358 1709 3395 ingenti
1728 3351 1885 3386 cachinno.
1915 3351 2011 3385 Adeo
2037 3351 2127 3394 pedis

1250 3398 1396 3432 osculum
1417 3402 1562 3443 optimus
1573 3401 1729 3444 Princeps
1752 3413 1819 3436 non
1832 3401 2011 3445 patiebatur
2025 3425 2032 3432 .
2058 3399 2129 3435 Pri-
2145 3409 2216 3446 Cap.
2232 3413 2277 3439 ιε.

1251 3459 1320 3481 mus
1333 3448 1437 3491 ipsum
1450 3451 1558 3494 exegit
1566 3450 1798 3484 Diocletianus
1813 3473 1823 3489 ,
1848 3450 1889 3484 de
1911 3461 1978 3493 quo
1995 3450 2127 3487 Eusebii

1252 3498 1449 3533 Caesariensis
1475 3499 1626 3543 Episcopi
1650 3499 1843 3535 chronicon
1867 3512 1879 3534 .·
1904 3502 2028 3534 Primus
2055 3504 2125 3538 Dio-

1634 3548 1666 3583 R
1717 3562 1741 3588 2

1938 3553 2079 3585 <laianu-r
