2366 3756
122 437 157 468 C.
172 442 214 468 16.

110 1243 149 1272 A·
164 1242 248 1278 1338.

117 2678 179 2711 Lib.
209 2689 234 2709 r·

950 121 1431 166 D1crarus.

298 206 343 242 Et
354 204 430 238 dum
444 214 502 249 pro
512 202 655 239 Ladislai
667 206 847 251 Hungariae
858 202 960 249 Regis
970 204 1071 239 tutela
1092 214 1168 238 cum

295 255 439 299 ejusdem
461 254 571 300 Regni
592 254 782 290 Proceribus
804 255 997 298 disceptaret
1028 253 1169 288 Frederi·

295 316 354 338 cus
373 305 692 348 tertiusImperator‚
719 303 899 339 &Nicolai
911 304 1018 348 quinti
1031 303 1170 337 Pontifi-

296 356 344 388 cis
380 356 536 389 sententia
558 356 719 397 juvaretur
743 379 756 394 ‚
790 353 938 389 consulta
975 353 1170 388 Viennenfis

298 405 505 440 Univerfitas
526 404 718 439 Proceribus
748 403 934 447 respondit:
962 406 1021 437 Per
1039 406 1172 446 appella-

297 460 404 489 tionem
415 457 458 487 ad
460 455 599 496 futurum
611 455 773 488 Concilium
781 455 1026 496 interponendam
1047 453 1168 497 suspen-

297 506 331 538 di
347 506 423 549 poffe
441 509 569 538 Romani
593 503 736 548 Praesulis
745 507 893 538 mandata
905 529 912 536 .
940 504 1091 539 Pluribus
1101 504 1169 538 haec

295 556 391 590 refert
401 556 437 588 in
455 554 539 588 libro
550 554 591 588 de
603 554 686 590 statu
699 554 836 597 Europae
847 554 905 589 sub
927 554 1099 589 Frederico
1109 564 1170 589 ter-

295 605 346 639 tio
369 604 497 638 AEneas
517 604 647 647 Sylvius
672 624 684 636 -.
721 603 765 638 Et
788 605 830 639 de
858 605 1030 639 Ludovico
1052 615 1168 648 quarto

295 655 510 696 Imperatore,
539 655 596 696 qui
618 655 636 687 a
664 654 800 697 Joannis
823 654 967 699 vigesimi
990 654 1121 689 secundi
1133 655 1166 687 in

295 705 329 738 se
350 704 516 740 sententiis
536 705 577 738 ad
599 704 768 747 Synodum
790 705 1002 749 appellaverat
1020 729 1031 746 ,
1057 703 1167 739 scribit

293 753 557 798 supplementum
593 753 733 788 Abbatis
757 754 970 800 Uspergenfis
991 770 1002 788 .-
1040 756 1168 788 Ludovi-

292 816 346 838 cus
368 809 530 846 Imperator
553 809 672 837 comitia
703 804 852 838 celebrans
876 808 960 848 apud
984 803 1167 844 Francfort‚

292 857 408 895 scripio
416 854 531 894 publico
547 854 619 886 Ac‘Ia
623 857 656 899 J
658 861 763 887 oannis
774 864 875 888 contra
881 855 915 898 se
927 858 1021 896 rejicit
1034 880 1041 886 .
1067 858 1103 886 In
1115 864 1168 895 quo

288 902 399 946 scripio
410 903 485 944 fuse
511 914 545 936 ac
558 903 682 944 fortiter
706 904 862 945 ostenditur
882 906 1022 948 processus
1027 908 1167 949 Joannis

279 952 376 996 fuiffe
398 952 521 995 exccffus
534 956 782 994 inpraejudicium
806 957 974 988 Elec‘lorum
997 958 1168 994 Principum

290 1014 327 1036 ac
335 1008 425 1036 totius
437 1005 606 1036 Germaniae
617 1026 629 1042 ,
654 1009 959 1037 excommunicationis
974 1003 1090 1046 fulmen
1111 1014 1168 1035 non

287 1051 404 1096 semper
418 1052 513 1094 ferire
535 1075 547 1092 ‚
564 1055 597 1096 J
600 1063 721 1085 oannem
742 1061 843 1086 contra
865 1058 960 1088 Deum
997 1055 1032 1087 (zi
1056 1065 1168 1085 omnem

286 1102 436 1144 justitiam
447 1114 531 1146 agere
546 1127 557 1143 ‚
582 1108 634 1145 qui
654 1104 818 1136 mandavit
841 1116 877 1137 ne
897 1105 1036 1137 obediant
1051 1102 1168 1145 subditi

290 1156 485 1195 Imperatori.
513 1157 631 1186 Vanum
651 1154 705 1196 effe
718 1177 729 1193 ‚
756 1154 836 1194 quod
852 1155 911 1186 dici
929 1152 1019 1196 fhl‘et,
1050 1156 1168 1194 Papam

288 1214 347 1235 non
357 1202 464 1236 habere
476 1205 679 1245 Superiorem.
706 1206 752 1234 Et
763 1204 845 1244 quod
853 1205 1013 1236 Concilium
1029 1202 1068 1244 fit
1073 1201 1168 1245 supra

288 1255 411 1294 Papam
425 1276 432 1283 .
458 1255 504 1284 Et
529 1253 610 1294 quod
627 1251 750 1292 defensio
767 1254 851 1292 juris
873 1258 994 1296 Imperii
1007 1251 1079 1293 fita
1099 1255 1169 1293 j'ure

285 1305 402 1335 Divino
427 1303 461 1335 (5·
478 1301 538 1342 fide
557 1300 714 1334 catholica
729 1325 736 1333 .
762 1304 833 1335 Ideo
851 1305 1011 1345 appellatio
1033 1301 1168 1346 Caesaris

286 1353 332 1384 ad
335 1351 473 1395 generale
485 1352 647 1384 Concilium
650 1350 733 1392 justa
739 1351 821 1392 fuit.
853 1358 932 1387 Hine
949 1364 1059 1397 magna
1069 1354 1169 1386 turba-

286 1407 329 1436 tio
341 1413 392 1434 con
391 1400 491 1445 secuta
501 1400 539 1440 est
549 1407 581 1434 in
593 1406 720 1442 Imperio
736 1410 792 1442 per
805 1404 991 1438 Alemaniam
1003 1428 1014 1443 ‚
1039 1405 1169 1437 maxime

285 1457 319 1485 in
329 1454 443 1484 Svevia
468 1451 631 1483 &Ducam
643 1452 934 1496 VVirtembergenfi‚
959 1453 1022 1496 post
1039 1454 1169 1496 publica-

285 1507 394 1534 tionem
420 1499 508 1541 hujus
529 1503 699 1542 Imperialis
722 1503 832 1543 Scripti
854 1528 861 1535 .
900 1508 986 1537 Nam
1008 1502 1145 1536 Monacbi
1158 1526 1169 1541 ,

285 1557 339 1593 qui
360 1556 392 1583 in
408 1556 546 1594 granam
559 1552 709 1594 Pontifici:
730 1553 925 1587 InterdicYum
942 1551 1070 1595 servare
1092 1552 1168 1583 vole·

282 1600 362 1632 bant
383 1624 394 1639 ‚
421 1599 648 1640 Francqfordiae
673 1624 684 1639 ,
710 1603 881 1644 Reutlingae
901 1626 912 1641 ,
949 1603 984 1634 6·
1005 1600 1076 1633 alibi
1095 1598 1174 1641 pulsi

279 1648 407 1692 fuerunt
414 1656 471 1689 per
486 1653 713 1688 Imperatorem.
741 1648 841 1694 Qod
857 1650 970 1695 nempe
995 1649 1029 1683 ὅ(
1043 1650 1107 1694 ips.-
1135 1650 1168 1683 ὅ(

283 1697 371 1733 dista
381 1698 409 1730 F
411 1696 683 1731 rancofordienfis
694 1697 793 1732 Curia
808 1701 927 1736 vellent
941 1713 995 1735 om
1002 1712 1055 1735 nes
1067 1701 1168 1744 Papa·

284 1748 334 1782 les
353 1747 527 1781 sententias
551 1758 607 1790 per
626 1748 879 1791 appellationem
900 1753 962 1786 effe
974 1752 1136 1795 suspensas
1158 1776 1167 1784 .

284 1799 375 1845 Qae
396 1798 510 1831 omnia
531 1796 629 1834 latius
640 1798 772 1833 deducit
798 1799 832 1834 &
855 1801 963 1837 firmat
977 1801 1168 1847 incognitus

285 1847 456 1881 Ludovici
469 1846 664 1891 Apologus.
693 1845 784 1883 Etin
797 1850 945 1894 Epistola
965 1853 1006 1886 ad
1022 1851 1168 1886 Christo-

285 1897 430 1942 phorum
447 1898 622 1932 Fauvaeum
645 1901 807 1933 consonat
828 1901 968 1944 Ioannes
979 1901 1146 1944 Launojus
1158 1916 1169 1934 :

286 1949 340 1981 Ad
351 1949 477 1981 eandem
504 1946 694 1991 disciplinam
709 1956 841 1991 pertinet
852 1975 864 1991 ‚
892 1950 1080 1995 Parifienfiem
1098 1956 1170 1984 Aca-

285 1999 416 2031 demiam
433 1998 550 2032 credere
560 2022 572 2038 ,
597 1999 680 2041 quod
682 2001 765 2040 poffit
785 2002 806 2032 ἃ
817 2004 947 2034 Romano
973 2002 1112 2044 Pontifice
1127 2003 1171 2034 ad

287 2048 450 2081 Concilium
466 2054 629 2090 provocari
648 2074 661 2091 ,
687 2051 822 2093 &iquid
839 2053 1002 2086 Concilium
1016 2052 1054 2093 fit
1073 2051 1170 2094 supra

286 2101 454 2132 Romanum
467 2098 652 2139 Pontificem.
677 2100 722 2132 Et
732 2099 820 2133 certe
828 2101 1005 2142 appellatio
1020 2101 1088 2133 fieri
1100 2110 1168 2133 non

283 2148 386 2192 -poffit
407 2149 465 2180 nifi
491 2147 531 2180 ad
545 2148 750 2189 Superiorem
763 2173 770 2180 .

337 2194 537 2238 Respondeo
569 2197 737 2230 materiam
762 2195 857 2233 hanc
880 2200 943 2233 esse
967 2199 1168 2243 scabrosam.

288 2246 440 2279 Interim>
459 2245 537 2280 volo
554 2270 566 2287 ,
597 2256 664 2280 non
689 2255 855 2291 tamquam
879 2249 1037 2284 Romanae
1062 2250 1171 2284 Curiae

286 2294 439 2329 adulator
458 2319 470 2335 ,
505 2295 558 2329 sed
580 2305 747 2338 tamquam
782 2298 1011 2334 Ecclefiasticae
1042 2300 1170 2334 Hierat-

286 2344 370 2379 ehiae
381 2343 711 2389 sedulusinquifitor‚
738 2358 848 2381 meum
862 2348 986 2383 sensum
1009 2348 1090 2385 liber
1100 2360 1170 2393 ape-

289 2396 353 2429 rire
366 2407 379 2427 .·
401 2394 565 2438 Imprimis
586 2395 695 2439 itaque
718 2395 847 2431 affirmo
872 2399 1054 2442 interjectas
1072 2400 1091 2433 a
1104 2399 1171 2434 Ro-

288 2444 383 2479 'mani
407 2445 563 2488 Episcopi
584 2445 707 2487 judicio
728 2446 770 2481 ad
789 2449 974 2492 generalem
998 2449 1172 2493 Synodum

287 2494 540 2538 provocationes
563 2496 655 2529 fuisse
676 2498 801 2540 semper
821 2500 936 2531 exosas
958 2499 993 2532 in
1011 2499 1150 2533 Ecclesia
1163 2524 1173 2540 ‚

290 2545 327 2579 δε
346 2545 435 2578 male
454 2545 589 2579 oluiffe.
618 2546 752 2581 Etenim
778 2547 819 2581 de
844 2549 1028 2582 Donatistis
1047 2549 1065 2582 a
1087 2548 1169 2583 Mel-

290 2593 419 2628 chiadis
449 2594 574 2636 judicio
600 2596 856 2637 provocantibus
891 2599 1001 2632 scribit
1042 2600 1173 2633 Sanetus

291 2646 439 2687 Optatus
449 2643 666 2678 Milevitanus
687 2645 887 2690 Episcopus.-
916 2652 1055 2682 Donatus
1075 2650 1173 2692 appel-

292 2694 417 2727 landum
427 2694 478 2737 esse
488 2694 527 2727 ab
539 2693 695 2738 Episcopis
716 2698 866 2729 credidit.
893 2700 943 2729 Ad
961 2711 1053 2741 quam
1074 2701 1175 2742 appel-

294 2745 438 2777 lationem
460 2744 669 2783 constantinus
705 2751 872 2788 Imperator
888 2749 930 2788 sic
952 2747 1106 2791 respondit
1126 2763 1132 2783 :
1159 2753 1175 2782 ὸ

294 2793 405 2827 rabida
420 2792 535 2834 furoris
558 2797 687 2828 audacia
714 2821 724 2836 ,
751 2795 822 2836 ficut
847 2802 879 2829 in
900 2797 990 2839 caufis
1015 2802 1175 2833 Gentilium

294 2841 439 2887 fierifiilet
450 2867 460 2883 ‚
478 2845 702 2884 appellationem
714 2845 963 2890 interposuerunt.
994 2848 1173 2883 Rationem

298 2893 423 2928 ibidem
435 2893 515 2926 dant
540 2905 663 2938 magnae
682 2898 884 2931 austeritatis
898 2899 1050 2942 Episcopi
1064 2900 1174 2933 Euno-

297 2944 386 2978 mius
413 2955 451 2976 ac
474 2944 674 2986 Olympius:
711 2950 865 2980 Sententia
890 2951 985 2982 decem
1010 2950 1044 2983 <¹:2¹
1069 2962 1175 2983 novem

300 2992 509 3034 Epist-oporam
523 2996 593 3033 jam
614 2994 726 3028 dudum
746 2999 822 3030 data
845 2999 957 3041 diffiilvi
978 3011 1036 3032 non
1065 2999 1169 3042 potest.

302 3042 359 3077 Ad
373 3052 443 3084 quae
464 3043 557 3076 verba
578 3044 688 3078 scribit
699 3046 830 3081 Gabriel
842 3049 1063 3092 Albaspinaeus
1075 3051 1176 3085 Aure-

302 3092 452 3126 lianenfis
474 3091 653 3136 Episcopus
675 3107 682 3126 ε
734 3100 863 3138 Optatus
883 3101 973 3131 noluit
992 3101 1088 3133 dicere
1107 3123 1116 3139 ‚
1144 3101 1174 3133 A

302 3140 519 3181 Melchiade,
546 3142 599 3176 scd
623 3143 663 3177 ab
684 3146 854 3191 Episcopis
878 3150 1109 3193 appellandum
1122 3150 1177 3183 du-

303 3193 354 3226 xit.
366 3216 377 3232 ,
404 3203 439 3225 ne
447 3192 649 3227 auctoritatem
660 3196 771 3228 Summi
783 3199 935 3241 Pontificis
946 3201 1068 3233 laederet
1080 3225 1086 3232 .
1114 3205 1177 3233 Cae-

304 3252 401 3277 terum
413 3254 470 3275 non
479 3242 515 3283 est
527 3244 608 3285 quod
617 3246 755 3278 Haeretici
768 3246 805 3278 ab
815 3247 870 3282 hac
881 3249 997 3289 historia
1018 3252 1179 3293 quidquam

301 3298 338 3326 in
349 3293 473 3326 eandem
482 3295 596 3326 Summi
612 3296 763 3337 Pontificis
775 3296 929 3339 desumant
939 3325 949 3340 ‚
977 3310 1011 3333 ut
1033 3301 1179 3334 docuimus

307 3350 339 3376 in
349 3341 618 3385 observationibus.
649 3345 835 3380 Romanam
859 3349 1058 3386 Melchiadis
1085 3350 1180 3384 &ad-

308 3393 415 3427 versus
437 3393 608 3428 Donatum
632 3394 650 3427 ὲ
676 3394 765 3428 Cafis
786 3397 887 3441 nigris
907 3423 917 3439 ‚
945 3401 979 3434 ὃς
1003 3411 1061 3444 pro
1083 3400 1181 3434 Caeci-

408 3442 598 3486 ChriflLupi
609 3450 694 3486 oper.
709 3449 824 3478 TomV.

1939 135 2032 181 255

1230 202 1320 236 liano
1340 200 1536 237 sententiam
1547 200 1694 236 adfirmat
1705 199 1738 235 in
1752 201 1950 246 praeambulis
1958 204 2105 241 observa⁴

1232 251 1378 286 tionibus
1402 264 1439 286 ac
1452 251 1652 286 demonstrat
1663 251 1756 286 fuisse
1768 254 1989 290 Constantino
2001 254 2103 299 Impe-

1231 302 1326 336 ratori
1349 300 1430 335 adeo
1441 303 1671 336 sacrosanstam
1697 311 1793 345 atque
1813 303 2040 345 immobilem,
2066 314 2103 339 ut

1232 364 1290 385 nec
1309 352 1351 385 ab
1374 351 1553 385 Arelatensi
1576 352 1714 395 Synodo
1725 354 1905 395 permiserit
1924 355 2079 389 remaritari
2092 368 2103 387 .-

1233 400 1322 434 Alias
1344 399 1594 435 Donatistarum
1616 404 1808 445 quaestiones
1828 404 1934 438 asserit
1966 405 2039 439 istic
2059 403 2106 438 di-

1231 453 1342 485 scurias
1369 449 1588 493 &judicatas.
1619 450 1675 484 An
1688 463 1729 485 ex
1750 453 1842 488 firma
1866 454 1975 488 radice
1994 455 2106 498 depro-

1231 512 1296 533 mat
1309 500 1376 534 haec
1387 503 1500 534 omnia
1513 524 1523 540 ‚
1550 500 1594 534 est
1608 500 1671 534 alia
1683 500 1814 544 quaestio
1828 528 1835 535 .
1863 504 1997 538 Interim
2020 505 2105 538 inter

1230 550 1388 585 Primates
1423 550 1607 585 Galliarum
1653 548 1831 586 Antistites
1880 554 1913 586 &
1949 554 2108 588 Doctores

1232 601 1336 644 ipsum
1370 609 1519 635 numerat
1548 601 1693 635 universa
1717 601 1880 637 Ecclefia.
1923 603 2054 638 Docere
2074 604 2106 637 se

1232 651 1402 694 profitetur
1427 652 1527 684 etiam
1542 661 1618 685 cum
1629 650 1780 685 Domino
1803 652 1973 687 Cardinali
1996 653 2107 687 Perro·

1233 700 1308 734 nio.
1335 698 1435 734 Certe
1455 699 1497 734 ab
1517 699 1584 734 istis
1597 700 1706 743 potius
1719 702 1816 744 quam
1840 703 1859 742 ὲ
1872 704 1998 746 Joanne
2023 702 2109 736 Lau-

1232 750 1312 793 nojo
1321 749 1510 784 discendum
1522 750 1674 784 existimo
1684 751 1808 784 avitum
1820 753 1944 786 sensum
1965 752 2107 786 Gallica-

1233 811 1280 834 nae
1295 800 1461 834 Ecciefiae.
1492 800 1537 834 Et
1547 799 1698 834 adversus
1709 801 1895 843 Julianum,
1923 801 2107 846 Pelagianae

1230 851 1329 883 causae
1350 850 1618 893 instauratorem,
1644 850 1785 893 ideoque
1808 851 1911 884 varias
1941 851 2110 885 Romano-

1230 911 1300 934 rum
1321 900 1523 934 Pontificum
1545 901 1721 935 sententias
1735 909 1967 944 provocantem
1988 901 2027 935 ad
2038 912 2112 934 exa-

1229 961 1302 983 men
1316 949 1477 994 generalis
1489 951 1636 986 Concilii
1652 977 1664 993 ‚
1690 949 1855 994 respondit
1874 951 1907 984 in
1925 951 2021 994 priori
2034 961 2109 984 con-

1229 1010 1276 1033 tra
1287 1000 1391 1041 ipsum
1404 1012 1501 1042 opere
1514 1002 1650 1036 Sanetus
1661 999 1866 1046 Augustinus
1879 1015 1891 1034 .·
1902 1000 2020 1042 Nonest
2031 1001 2112 1043 quod

1224 1057 1367 1092 provoces
1377 1050 1422 1081 ad
1429 1054 1562 1083 Orientis
1577 1051 1728 1091 antistites
1742 1076 1754 1092 ,
1779 1058 1851 1096 quia
1878 1053 1912 1085 <w
1945 1051 2111 1093 ipfiutique

1229 1099 1392 1138 Christiani
1408 1097 1499 1140 sunt,
1526 1102 1559 1133 Θ·
1583 1101 1734 1144 utriusque
1752 1108 1857 1143 partis
1878 1110 2025 1135 terrarum
2033 1100 2110 1143 fides

1230 1149 1283 1190 ifta
1291 1161 1352 1183 una
1365 1148 1403 1188 est
1417 1173 1428 1189 ,
1455 1155 1529 1192 quia
1555 1151 1589 1183 (9·
1596 1151 1675 1191 fides
1691 1152 1744 1188 ista
1755 1152 1926 1191 christiana
1938 1151 1990 1191 est.
2019 1155 2065 1183 Et
2082 1159 2112 1183 te

1230 1200 1308 1233 certo*
1320 1201 1517 1233 Occidentalis
1529 1208 1611 1232 terra
1616 1207 1777 1244 generavit
1791 1225 1802 1241 ,
1829 1207 2018 1244 regeneravit
2037 1204 2114 1234 Occi·
2132 1204 2191 1237 Lib.
2220 1216 2245 1234 1-

1231 1250 1362 1283 dentalis
1375 1249 1520 1290 Ecclefia.
1549 1252 1640 1294 ,Quid
1660 1257 1687 1283 ei
1698 1256 1810 1292 quaeris
1825 1251 1953 1293 inferre,
1985 1252 2063 1292 quod
2082 1255 2115 1282 in
2132 1254 2197 1284 <3²1³-
2218 1255 2248 1279 4·

1231 1311 1267 1333 ea
1287 1310 1344 1332 non
1363 1298 1500 1338 invenisti
1513 1324 1524 1339 ‚
1550 1301 1669 1342 quando
1691 1306 1724 1333 in
1755 1304 1819 1342 ejus
1837 1302 1971 1335 membra
1984 1300 2115 1340 venisti?

1232 1349 1269 1383 In
1294 1350 1361 1383 alio
1373 1349 1515 1391 ejusdem
1535 1352 1642 1393 operis
1665 1349 1751 1384 libro
1762 1350 1961 1385 demonstrat
1973 1351 2116 1395 origina-

1232 1399 1270 1432 lis
1286 1400 1409 1442 peccati
1423 1399 1520 1433 fidem
1534 1402 1596 1434 effe
1624 1401 1724 1434 fixam
1738 1402 1837 1435 totius
1859 1400 2009 1436 Ecclefiae
2020 1399 2117 1435 tradi-

1231 1450 1358 1484 tionem
1383 1460 1425 1482 ex
1447 1449 1568 1483 Graecis
1594 1461 1633 1485 ac
1658 1448 1786 1484 Latinis
1808 1450 1960 1484 Patribus
1979 1475 1989 1490 ,
2018 1461 2116 1492 atque

1232 1499 1435 1541 prosequitur
1459 1509 1467 1529 ι
1491 1500 1526 1530 Si
1550 1497 1740 1539 Epifiopalis
1763 1502 1890 1538 synodus
1910 1512 1948 1533 ex
1969 1508 2028 1532 toto
2050 1500 2116 1533 orbo

1230 1556 1445 1589 congregaretur
1457 1570 1469 1585 ,
1494 1547 1603 1579 mirum
1616 1546 1651 1586 fi
1663 1547 1772 1589 possent
1791 1550 1866 1581 tales
1885 1551 1945 1581 illic
1961 1549 2057 1588 facile
2073 1557 2118 1581 tot

1225 1594 1327 1638 sedere
1338 1619 1349 1635 ,
1370 1600 1444 1638 quia
1453 1606 1505 1629 nec
1516 1595 1563 1634 isti
1571 1607 1627 1629 uno
1638 1599 1912 1640 temporefuerunt.
1942 1601 2004 1632 Sed
2011 1599 2116 1641 fideles

1229 1647 1262 1678 (τ
1295 1646 1397 1678 multis
1421 1645 1639 1680 excellentiores
1667 1655 1780 1687 paucos
1805 1648 2029 1692 Dispensatores
2047 1648 2116 1692 suos

1233 1699 1314 1729 Deus
1320 1705 1375 1738 per
1385 1695 1524 1739 diversas
1535 1705 1641 1730 ‘etates
1652 1705 1817 1739 temporum
1831 1724 1841 1740 ‚
1866 1702 2048 1742 locorumque
2072 1702 2119 1733 di-

1226 1747 1354 1790 stantius
1367 1773 1378 1789 ,
1398 1747 1470 1790 ficut
1479 1754 1506 1782 ei
1511 1749 1611 1791 placet
1624 1757 1714 1792 atque
1727 1751 1868 1792 expedire
1878 1752 2002 1791 judicat
2013 1775 2023 1790 ,
2050 1748 2119 1793 ipsi*
2134 1742 2196 1773 [ἢ
2217 1756 2245 1774 ²·

1230 1798 1400 1843 dispensat.
1429 1803 1486 1831 Hos
1508 1806 1608 1843 itaque
1629 1801 1667 1832 de
1688 1804 1758 1834 aliis
1780 1808 1871 1841 atque
1892 1801 1962 1833 aliis
1976 1806 2118 1843 tempori·
2134 1793 2252 1824 capro.

1229 1849 1284 1882 bus
1298 1875 1309 1890 ,
1333 1858 1421 1893 atque
1433 1851 1610 1894 Regionibus
1633 1850 1671 1882 ab
1682 1855 1803 1884 Oriente
1828 1851 1862 1884 (θ’
1874 1852 2027 1885 Occidente
2049 1861 2119 1884 con-
2196 1856 2198 1858 ’

1225 1907 1362 1943 gregatos
1377 1902 1461 1933 vides
1471 1926 1482 1941 ,
1510 1912 1567 1934 non
1579 1908 1612 1934 in
1623 1903 1715 1935 locum
1724 1914 1778 1945 quo
1804 1907 1950 1946 navigare
1973 1900 2122 1945 cogantur?

1230 1948 1371 1988 homines,
1376 1947 1436 1992 sed
1443 1955 1475 1982 in
1485 1951 1594 1984 librum
1606 1961 1659 1995 qui
1671 1960 1819 1997 navigare
1824 1954 1906 1994 pqffit
1919 1954 1963 1985 ad
1973 1952 2114 1986 homines.

1232 2000 1364 2034 Horum
1376 2001 1532 2034 unanime
1544 2001 1585 2035 de
1595 2002 1789 2045 Apostolica
1814 2004 2010 2037 controversi
2033 2003 2119 2047 dog-

1232 2049 1327 2082 matis
1337 2050 1516 2084 traditione
1527 2052 1753 2086 testimonium
1764 2079 1775 2094 ,
1785 2054 1818 2088 ἃς
1828 2064 1868 2086 ex
1881 2054 1953 2097 ipso
1963 2052 2114 2087 haustam·

1233 2097 1379 2131 Romani
1392 2098 1542 2140 Episcopi
1557 2100 1789 2135 definitionem
1798 2103 1949 2137 adfirmat
1970 2105 2032 2138 effe
2046 2114 2119 2136 om-

1234 2147 1267 2179 ni
1289 2145 1430 2190 generali
1445 2147 1603 2181 Concilio
1622 2148 1786 2189 firmiora,
1815 2151 1956 2192 ideoque
1980 2164 2126 2187 omnem›

1231 2196 1481 2240 appellationem
1505 2195 1557 2229 hic
1578 2197 1640 2231 eise
1662 2199 1836 2234 frivolam.
1867 2199 1910 2233 Et
1931 2201 2002 2242 jure
2024 2203 2118 2236 meri-

1232 2254 1284 2280 to.
1312 2245 1416 2292 Quod
1426 2246 1514 2279 enim
1528 2248 1661 2281 unicum
1673 2248 1891 2284 OEcumenicae
1913 2250 2041 2292 Synodi
2066 2252 2118 2284 of-

1233 2296 1345 2329 ficium
1368 2295 1405 2329 fit
1427 2295 1659 2339 Apostolicum
1682 2299 1806 2344 dogma
1831 2311 1872 2335 ex
1886 2300 2045 2343 prioribus
2056 2301 2116 2336 Ec-

1233 2345 1332 2379 clefiae
1343 2344 1494 2380 Patribus
1505 2346 1726 2383 demonstrare
1736 2360 1835 2394 atque
1851 2350 1994 2391 firmare,
2009 2347 2121 2385 osten}y

1234 2396 1267 2430 di
1287 2407 1390 2438 nuper
1417 2397 1450 2429 in
1473 2397 1624 2432 familiari
1647 2398 1782 2442 epistola
1809 2401 1849 2434 ad
1874 2400 2043 2435 Eximium
2056 2401 2116 2435 Pa-

1234 2455 1316 2480 trem
1329 2445 1510 2480 Henricum
1525 2447 1643 2482 Notis.
1671 2449 1782 2484 Etiam
1808 2450 1843 2484 in
1866 2451 1973 2494 primo
1985 2452 2121 2495 sequena

1235 2498 1275 2531 tis
1300 2496 1372 2529 libri
1398 2497 1505 2539 capite
1527 2499 1632 2542 pergit
1656 2498 1884 2544 Augustinus:
1911 2500 2011 2541 Vestra
2034 2503 2117 2544 apud

1234 2554 1396 2588 competens
1411 2548 1560 2587 judicium
1580 2556 1774 2583 communium
1796 2551 2005 2595 Episcoporum
2029 2551 2119 2594 causa

1231 2596 1321 2639 finita
1347 2595 1384 2635 est
1408 2621 1415 2627 .
1448 2601 1515 2630 Nec
1551 2601 1681 2641 amplius
1710 2600 1854 2644 vobiscum
1879 2602 2027 2648 agendum
2055 2601 2093 2641 est
2106 2626 2117 2641 ‚

1236 2648 1381 2689 quantum
1392 2647 1500 2688 adjus
1510 2655 1657 2682 examinis
1668 2656 1821 2692 pertinet,
1853 2653 1946 2694 nist'ut
1963 2654 2117 2693 prolatam

1236 2698 1274 2729 de
1298 2696 1354 2730 bac
1372 2708 1404 2731 re
1410 2697 1592 2740 sententiam
1601 2711 1666 2732 cum
1686 2709 1759 2742 pace
1766 2701 1954 2744 sequamini.
1983 2703 2077 2745 ‚Quod
2092 2700 2122 2742 fi

1237 2747 1388 2780 nolueritis
1410 2771 1421 2787 ,
1446 2750 1466 2779 ἆ
1484 2748 1654 2782 turbulenta
1684 2753 1739 2784 vel
1757 2750 1892 2795 infidiosa
1913 2752 2119 2793 inquietudine

1236 2796 1434 2830 cohibeamini.
1462 2798 1505 2832 Et
1517 2798 1552 2831 in
1565 2800 1674 2843 primo
1686 2801 1726 2834 ad
1739 2802 1892 2836 Sanctum
1906 2801 2119 2835 Bonisacium

1238 2847 1435 2881 Pontificem
1450 2847 1551 2882 libro:
1579 2854 1652 2884 Haec
1663 2851 1842 2885 execrabilia
1855 2854 1995 2895 dogmata
2020 2860 2120 2884 tenen-

1236 2906 1282 2931 tes
1308 2895 1531 2940 &seminantes
1544 2923 1554 2938 ‚
1581 2899 1808 2943 adhucinsuper
1830 2902 1975 2946 flagitant
1995 2902 2120 2934 audien·

1238 2953 1311 2980 tiam
1321 2972 1332 2988 ,
1357 2948 1421 2981 cum
1432 2949 1571 2982 damnati
1585 2951 1714 2983 debeant
1726 2963 1811 2994 agere
1817 2956 2024 2992 poenitentiam
2037 2976 2043 2983 .
2074 2950 2118 2984 Et

1238 2997 1270 3030 in
1285 2998 1431 3042 populari
1444 2997 1482 3031 de
1496 3000 1648 3042 Apostoli
1662 3001 1764 3034 verbis
1782 3003 1929 3034 sermone
1942 3015 1953 3034 .·
1972 3004 2057 3046 Jam
2080 3002 2117 3033 de

1237 3048 1293 3081 hac
1312 3047 1399 3090 causa
1419 3050 1477 3081 duo
1497 3049 1630 3082 concilia
1650 3050 1732 3092 missa
1747 3050 1821 3093 sunt
1848 3053 1892 3084 ad
1914 3053 2020 3084 sedem
2046 3056 2119 3091 Apo·
2138 3034 2221 3102 {earml‘
2244 3045 2270 3062 ²'

1231 3097 1379 3136 stolicam.
1409 3097 1539 3141 Utique
1551 3099 1635 3133 Pro·
1648 3099 1839 3135 Consularis
1853 3102 2032 3135 Provinciae
2043 3101 2120 3133 Car·
2174 3081 2200 3111 p'
2229 3088 2256 3104 ω’

1241 3146 1452 3191 thaginense,
1477 3150 1510 3182 ὃ(
1524 3149 1656 3192 Byzacii
1670 3152 1707 3193 (a
1721 3152 1733 3192 )
1749 3151 1941 3185 Concilium
1956 3150 2122 3183 Milevita·
2140 3150 2298 3197 (amomi-

1241 3207 1328 3230 num.
1340 3198 1416 3231 Inde
1424 3204 1513 3231 etiam
1524 3197 1675 3242 Rescripta
1688 3211 1842 3235 venerunt.
1870 3200 2053 3241 Utriusque
2065 3200 2121 3240 Sy·
2139 3190 2192 3221 ‘¹¹ae
2209 3214 2215 3220 ·
2238 3197 2296 3239 Afi-

1242 3246 1321 3280 nodi
1334 3247 1598 3283 Confirmatoria.
1619 3249 1719 3293 Causa
1726 3251 1817 3293 finita
1829 3250 1874 3290 est.
1897 3254 1995 3284 Error
2005 3255 2122 3282 utinam
2139 3241 2192 3261 ''⁰'‘
2203 3238 2261 3263 Nor
2264 3243 2295 3261 ¹³⁵

1241 3297 1398 3339 aliquando
1415 3298 1542 3340 finiatur
1560 3324 1568 3332 .
1597 3300 1723 3334 Lucide
1748 3301 1895 3334 adfirmat
1922 3299 2121 3343 Apostolicae

1244 3347 1374 3381 Sedisin
1386 3347 1468 3382 adeo
1480 3350 1564 3384 clara
1577 3352 1669 3384 causa
1681 3349 1839 3393 judicium
1854 3352 1915 3386 effe
1928 3351 2056 3383 firmum
2076 3358 2123 3381 at-

1244 3409 1306 3440 que
1325 3397 1500 3433 immobile
1520 3423 1531 3439 ‚
1563 3400 1597 3432 &
1620 3400 1710 3434 nulla
1732 3401 1969 3442 provocatione
1993 3396 2123 3431 devolvi

1671 3447 1705 3480 Y
1755 3461 1775 3486 2
1973 3447 2074 3491 posse,

2141 2875 2177 2904 C.
2201 2885 2245 2908 ²4-
