2366 3756
942 151 992 200 D
1026 166 1044 196 1
1078 164 1109 196 c
1144 166 1171 197 r

277 239 502 281 Patriarchatu
512 236 554 273 ad
566 236 788 273 patriarcham
798 235 1028 272 Alexandrum
1039 235 1151 271 scribit

150 321 157 327 .
276 290 492 331 innocentius
515 288 640 333 primus
666 287 847 324 Pontifex.-
872 286 1068 321 advertimus
1094 298 1153 321 non

105 319 191 392 {5³¹5
217 331 229 352 ¹
235 322 260 353 8¹
278 350 408 385 tampro
416 344 566 375 civitatis
576 339 793 384 magnificentia
801 333 853 370 boc
863 336 955 370 eidem
962 336 1151 379 attributum,

279 452 348 481 rur.
374 444 459 488 ,ραι
478 441 563 478 urbis
573 444 677 477 Rom
696 440 835 476 sedition
843 439 956 473 cederes
967 462 980 487 ³
1005 436 1063 480 nifi
1075 439 1154 489 quod

279 402 380 440 quam
389 392 470 436 quod
477 394 676 435 primoprimi
686 386 809 432 Apostoli
829 388 920 421 sedes
939 387 992 432 effe
1017 386 1152 428 monstre-
1199 371 1211 450 Ι

1203 167 1436 203 arus,
1946 166 2040 218 167

1222 238 1276 271 illa
1298 243 1333 272 in
1352 237 1476 282 tranfieu
1497 238 1630 279 morule,
1652 234 1820 282 flosceptum
1842 239 1928 282 apud
1939 238 2110 284 seconsu'm·

1221 297 1393 333 mutumque
1411 290 1574 333 gauderet.
1603 287 1736 333 Nempe
1745 289 1852 324 Sanffl
1876 289 1963 325 Petri
1977 291 2110 336 Episco-

1220 348 1356 425 3:2¹3·
1381 338 1640 389 Longaesthaec
1663 351 1714 376 res
1723 341 1782 379 suo
1793 339 1872 380 loco
1888 339 1987 381 latius
2009 340 2109 386 eluci}

582 762 1084 854 CAN

1436 629 1448 633 ,-
1502 617 2102 643 'ssffl

1200 761 1506 846 ΟΝ
1677 762 1805 847 ΙΙ.

272 948 536 1098 Quod
569 948 683 1005 solus
717 950 948 1005 Romanus
984 946 1194 1003 Pontifex
1227 951 1320 1013 jure
1355 946 1531 999 dicatur
1565 944 1862 1002 Universalis.

473 1146 994 1195 Scuor1ou0,

369 1292 547 1326 Natolium
558 1290 837 1327 Chalcedonensis
857 1287 1007 1324 Concilii
1019 1296 1163 1334 tempore

394 1342 597 1386 Episcopum
615 1338 1047 1383 Constantinopolitanum‚
1073 1338 1163 1383 quod

273 1389 308 1427 se
318 1390 528 1435 Universalem
541 1390 720 1435 Episcopum
731 1390 864 1425 titulare
886 1389 1021 1432 coeperit
1032 1412 1044 1430 ,
1070 1400 1163 1424 accu-

273 1442 323 1476 sat
334 1466 346 1482 ,
371 1442 464 1477 &ita
475 1443 511 1476 in
524 1442 632 1476 Sancti
644 1441 769 1476 Leonis
780 1440 876 1483 Papae
891 1439 1007 1474 litteris
1028 1440 1162 1484 reperiri

272 1492 413 1527 affirmat
433 1492 470 1525 in
490 1490 651 1533 opusculo
670 1498 787 1525 contra
798 1490 1021 1523 Hincmarum
1033 1489 1162 1526 Laudu-

273 1540 410 1576 mensem
431 1540 632 1584 Episcopum
655 1540 859 1578 Hincmarus
868 1537 1085 1581 Metropolita
1096 1538 1162 1570 Re-

272 1589 399 1625 mensis.
425 1586 602 1625 Consonat
613 1599 757 1634 repertus
771 1586 1063 1627 Constantinopoli
1074 1584 1160 1628 apud

270 1638 386 1674 Patres
397 1638 628 1672 Praedicatores
639 1636 810 1672 adversum
820 1634 953 1669 Graecos
967 1634 1142 1671 Trastatus
1148 1660 1160 1677 ,

270 1687 411 1724 assiduas
421 1686 872 1732 constantinopolitanorum
892 1683 1092 1720 Antistitum
1113 1697 1161 1719 ra·

270 1739 367 1784 pinas
392 1748 587 1773 enumerans
617 1761 629 1777 ,
654 1745 752 1780 atque
787 1735 969 1780 adjungens
994 1746 1003 1766 z
1034 1735 1161 1778 Proceffu

271 1794 415 1831 ternporis
437 1786 580 1831 crescente
605 1790 777 1821 Graecorum
795 1786 917 1819 malitia
931 1810 942 1826 ‚
966 1785 1000 1818 (5
1023 1790 1160 1828 potentia

272 1836 469 1882 invalefiente
481 1861 492 1878 ‚
519 1840 630 1871 Patres
649 1843 701 1880 qui
711 1845 911 1870 convenerunt
923 1840 956 1868 in
965 1843 1072 1877 quarto
1083 1839 1161 1868 Con-

273 1888 338 1924 cilio
360 1913 371 1929 ‚
392 1886 486 1931 suasu
509 1890 663 1929 Principis
683 1891 859 1928 Martiam,
883 1886 1025 1928 quaedam
1035 1886 1162 1928 privile·

268 1944 324 1986 gia
333 1942 478 1975 Romanae
486 1938 571 1971 sedis
576 1936 690 1979 fimilia
700 1962 711 1978 ,
738 1939 774 1971 ό·
785 1936 837 1970 boc
861 1946 964 1969 nomen
977 1935 1160 1971 OEcumeni-

270 1998 331 2022 cus
342 1984 551 2028 Patriarcha,
576 1987 657 2030 quod
672 1985 765 2030 sonas
776 1985 968 2020 orbicularis
995 1987 1049 2020 seu
1069 1985 1161 2021 Uni-

269 2037 401 2072 versalis
411 2035 620 2076 patriarcha,
647 2035 970 2078 constantinopolitano
989 2034 1137 2079 Episcopo
1148 2060 1158 2076 ‚

270 2087 541 2122 contradicentibus
564 2087 650 2120 Sedis
672 2086 838 2129 Apostolicae
866 2090 1011 2129 Legatis,
1036 2087 1160 2119 contule·

271 2145 361 2172 runt.
391 2137 520 2172 Verum
540 2146 676 2178 uterque
700 2136 747 2170 est
770 2135 932 2170 memoria
954 2133 1077 2175 lapsus.
1104 2134 1163 2165 Et-

272 2188 366 2222 enim
391 2185 541 2230 vigesimi
567 2185 676 2219 ostavi
703 2181 982 2217 Chalcedonensis
1009 2181 1162 2216 Canonis

273 2234 465 2269 conditores
488 2233 531 2267 de
553 2232 616 2267 isto
639 2232 740 2268 titulo
766 2242 828 2266 nec
848 2231 1052 2275 cogitarunt.
1083 2230 1163 2266 Ale-

273 2283 430 2318 xandrini
440 2283 612 2321 dumtaxat
622 2283 655 2317 &
669 2279 876 2317 Antiocheni
888 2279 1160 2321 Patriarcharum,
1170 2306 1177 2340 Ι

275 2334 311 2368 &
331 2333 431 2367 trium
458 2330 765 2375 Autocephalorum
791 2330 975 2365 Primatum
1003 2354 1015 2371 ‚
1041 2342 1160 2375 nequa·

275 2394 374 2428 quam
402 2383 563 2417 Romanae
595 2379 767 2416 Cathedrae
792 2380 963 2425 privilegia
989 2380 1161 2421 laeserunt,

276 2432 527 2469 transcribentes
540 2431 599 2466 ista
610 2431 646 2466 in
658 2429 1071 2474 Constantinopolitanum
1084 2431 1161 2475 Epi-

278 2485 414 2527 scopum
429 2507 437 2516 .
463 2482 518 2516 De
531 2481 594 2516 isto
604 2480 734 2516 excessu
744 2478 943 2515 Anatolium
959 2480 1073 2515 nullus
1092 2492 1163 2516 um-

273 2544 374 2576 quam
394 2532 557 2567 accusavit
569 2557 576 2564 .
604 2531 672 2566 Isto
690 2541 802 2565 tamen
824 2539 971 2575 ternpore
981 2530 1160 2575 Olympius

274 2583 465 2617 Evazorum
492 2582 527 2614 in
549 2581 626 2615 Asia
651 2581 833 2623 Episcopus
845 2579 1012 2624 Ephefino
1033 2581 1160 2616 latroci-

275 2632 335 2667 nio
345 2631 526 2674 subscripsit
539 2631 574 2664 in
586 2629 676 2665 hunc
694 2629 853 2665 modum:
881 2630 1080 2672 sanHifflmus
1102 2634 1161 2665 Pa-

275 2691 322 2716 eer
345 2681 435 2721 noster
460 2683 495 2715 (ν
523 2679 709 2725 Universalis
733 2678 973 2724 Archiepifiopus
1009 2680 1160 2722 Dioscorus

275 2743 395 2775 magnae
420 2732 635 2768 Alexandrinae
659 2734 811 2764 Civitatis
836 2753 849 2770 ,
878 2732 935 2764 &a
975 2731 1039 2765 Sed
1065 2731 1159 2767 istam

276 2791 376 2816 tantae
401 2781 599 2816 adulationis
623 2780 795 2816 stultitiam
817 2791 917 2815 nemo
942 2781 988 2814 est
1015 2782 1159 2816 secutus.

276 2832 323 2866 Et
334 2831 422 2875 quod
435 2831 503 2873 ejus
522 2831 754 2873 proscribendae
770 2831 865 2865 causa
876 2854 887 2871 ‚
913 2828 1160 2866 Chalcedonen-

277 2882 316 2916 fis
325 2880 479 2924 synodus
506 2880 641 2917 titulum
660 2882 756 2919 istum
775 2881 897 2916 Sancto
908 2880 1016 2916 Leoni
1039 2881 1159 2920 detule—

276 2933 342 2972 rit,
367 2933 413 2966 est
425 2932 461 2964 in
472 2930 538 2973 ejus
552 2929 684 2965 scholiis
720 2930 852 2966 abunde
871 2931 1037 2965 ostensum
1049 2956 1058 2965 .

328 2982 430 3015 Istum
442 2980 522 3026 ergo
534 2979 687 3024 superbiae
696 2980 807 3016 fucum
821 2983 942 3026 primus
952 2980 1009 3016 fibi
1022 2981 1158 3018 circum-

279 3032 389 3076 posuit
401 3032 541 3074 Joannes
553 3031 734 3074 Cappadox
746 3055 757 3072 ‚
782 3032 874 3067 istius
887 3032 1032 3066 nominis
1046 3034 1156 3068 secun·

278 3081 340 3115 dus
364 3080 551 3115 Patriarcha
577 3080 965 3125 Constantinopolitanus
983 3105 994 3121 ‚
1019 3083 1061 3117 de
1086 3094 1155 3127 quo

278 3132 313 3165 in
342 3131 532 3175 praefatione
557 3131 597 3165 ad
618 3142 765 3166 arcanam
777 3132 930 3177 Procopii
953 3132 1155 3168 Caesareenfis

277 3180 448 3216 historiam
461 3178 571 3215 scribit
582 3181 727 3216 eruditus
755 3181 915 3218 Nicolaus
927 3183 1134 3220 Alemannus
1147 3197 1154 3217 :

278 3235 444 3273 Imperator
447 3234 480 3276 J
482 3230 642 3271 ustinianus
647 3230 687 3273 fic
696 3230 1078 3276 constantinopolitanorum
1089 3237 1150 3267 Pa-

276 3281 477 3315 rriarcbarum
490 3281 585 3323 fastui
609 3282 644 3315 (ν
663 3280 816 3324 supercilio
838 3282 990 3319 blanditus
1019 3284 1057 3325 el}
1079 3309 1090 3325 ‚
1116 3293 1150 3318 ut

272 3335 417 3376 Joannes
435 3331 623 3372 Scholasticus
645 3333 814 3373 Cappadox
825 3333 1000 3378 Justiniano
1013 3358 1023 3374 ,
1049 3337 1070 3367 ἃ
1095 3346 1151 3378 quo

276 3382 440 3421 plurimum
453 3381 632 3426 diligebatur
641 3405 652 3422 ,
677 3382 898 3423 Rempublicam
907 3383 1131 3425 administrante
1139 3407 1149 3423 .

276 3436 395 3470 primus
409 3431 467 3474 fibi
478 3431 681 3468 OEcumenici
704 3442 806 3466 nomen
823 3439 993 3478 arrogarit,
1017 3435 1150 3478 idemque

1227 1146 1324 1173 ratum
1350 1138 1386 1172 Θ
1389 1147 1512 1184 gratum
1517 1143 1637 1180 primus
1650 1142 1781 1172 omnium
1792 1142 1925 1173 orlentis
1950 1142 2110 1181 Imperato-

1227 1201 1291 1223 rum
1311 1187 1468 1229 habuerit,
1492 1198 1585 1231 atque
1603 1185 1670 1230 suis
1681 1187 1944 1227 constitutionibus
1958 1188 2111 1231 justinia.

1227 1250 1285 1273 nus
1294 1237 1493 1283 instripserit.
1522 1236 1723 1282 ,Quamobrem
1735 1237 1931 1280 Epiphanius
1946 1263 1957 1279 ,
1980 1243 2032 1281 qui
2047 1241 2111 1283 Jo-

1227 1295 1300 1323 anni
1307 1287 1428 1332 ficcceffit
1437 1315 1448 1332 ‚
1475 1289 1627 1332 quidquid
1633 1293 1667 1321 in
1679 1291 1826 1322 Romanos
1837 1287 1998 1331 Pontifices
2018 1286 2112 1332 ausus

1229 1341 1263 1373 (π
1283 1338 1346 1382 ipse
1360 1340 1467 1383 flaret,
1491 1336 1651 1380 utiquefibi
1668 1338 1797 1379 facilem
1802 1338 2016 1382 ‚sastinianum
2018 1337 2111 1380 fictu·

1227 1400 1293 1423 rum
1304 1413 1315 1430 ,
1340 1389 1380 1423 ab
1389 1400 1476 1433 eoque
1485 1387 1622 1430 adeofibi
1643 1387 1724 1421 nibil
1737 1387 1806 1429 fore
1817 1389 1984 1422 timendum
2002 1387 2115 1421 intelli-

1223 1439 1338 1483 gebat,
1361 1448 1394 1473 ut
1402 1443 1526 1485 Joanni
1549 1441 1696 1472 Romanae
1716 1437 1852 1480 Bcclefiae
1865 1437 2004 1480 Pontifici
2017 1462 2029 1478 ‚
2054 1439 2114 1476 By·

1227 1494 1362 1521 xantium
1388 1489 1550 1530 appellenti
1573 1509 1584 1525 ,
1610 1489 1668 1519 loco
1691 1489 1792 1520 cedere
1817 1489 1941 1520 noluerit
1959 1511 1971 1527 ,
1998 1491 2113 1529 vixque

1225 1537 1351 1569 tandem
1377 1559 1390 1576 ‚
1427 1545 1461 1569 ut
1485 1535 1677 1567 Marcellinus
1695 1538 1729 1579 J
1731 1534 1873 1575 ustiniani
1908 1537 2115 1569 Cancellarius

1225 1583 1341 1626 refert,
1367 1595 1403 1619 ac
1414 1583 1610 1629 Theophanes
1635 1585 1788 1626 explicat,
1812 1586 1956 1619 dextrum
1977 1583 2115 1627 Ecclefiae

1221 1633 1326 1678 solium
1339 1635 1475 1678 Pontifici
1484 1639 1618 1667 Romano
1630 1636 1710 1677 aegre?
1729 1635 1909 1679 concefferit.
1938 1635 1995 1670 De
2017 1635 2117 1678 Joan·

1225 1696 1266 1720 ne
1277 1684 1470 1719 Patriarcha
1483 1683 1551 1719 haec
1562 1683 1743 1728 Procopius
1755 1685 1788 1718 in
1803 1686 1936 1720 Arcana
1948 1684 2086 1720 historia
2104 1698 2113 1718 ε

1217 1738 1250 1781 J
1252 1734 1417 1775 ustinianus
1434 1739 1611 1768 Amantium
1623 1734 1835 1768 Eunucborum
1846 1736 1925 1769 aulae
1938 1738 2113 1778 Principem

1225 1786 1370 1819 nonnullis
1393 1797 1458 1819 cum
1482 1786 1552 1819 aliis
1573 1784 1724 1826 interfecit
1745 1810 1756 1827 ,
1780 1790 1814 1819 in
1836 1791 1944 1820 crimen
1965 1786 2049 1819 illum
2076 1797 2112 1819 ea
2158 1785 2164 1792 ⁸
2202 1785 2209 1795 ’

1224 1835 1342 1869 tantum
1351 1846 1384 1869 re
1394 1837 1504 1869 ducens
1516 1860 1526 1876 ,
1551 1836 1633 1878 quod
1643 1834 1736 1879 neftio
1747 1846 1838 1879 quam
1849 1846 1950 1869 vocem
1970 1838 2115 1878 petulan-

1224 1886 1285 1922 tius
1292 1886 1430 1929 jadaffet
1442 1891 1473 1918 in
1479 1889 1511 1931 J
1513 1896 1637 1919 oannem
1648 1885 1738 1919 Urbis
1754 1885 1937 1926 Antistium.
1968 1885 2012 1920 Et
2032 1886 2112 1921 Ale-

1227 1940 1367 1970 mannus
1388 1943 1650 1970 commentatur:
1677 1937 1771 1979 ,Quod
1785 1940 1942 1981 Joannem
1956 1936 2113 1982 Justinia-

1227 1996 1283 2019 nus
1301 1987 1467 2028 plurimum
1491 1985 1615 2019 amabat
1638 2008 1648 2025 ‚
1682 1986 1886 2021 OEcumenici
1913 1998 2015 2020 nomen
2040 1997 2110 2021 runc
2169 2024 2171 2026 ,

1223 2038 1358 2078 primum
1387 2035 1444 2079 fibi
1465 2045 1656 2081 arrogantem
1680 2048 1738 2069 non
1759 2036 1930 2081 compescuit
1952 2062 1959 2069 .
1996 2036 2112 2082 Pergit

1220 2085 1402 2128 Procopius
1423 2099 1430 2117 :
1462 2087 1666 2119 sacerdotibus
1688 2092 1722 2120 in
1746 2092 1861 2121 vicinos
1881 2087 2011 2129 fidenter
2032 2086 2111 2130 sam?
2130 2076 2164 2106 C·
2186 2084 2232 2112 ¹3·

1217 2134 1411 2175 peccantibus
1431 2135 1602 2175 indulgebat
1607 2135 1803 2177 Justinianus
1817 2160 1828 2175 ,
1853 2139 1889 2170 Θ
1907 2137 2109 2178 finitc'morum

1219 2182 1298 2215 bona
1307 2181 1512 2224 occupantibus
1517 2182 1735 2225 gratulabatur
1749 2207 1760 2223 ‚
1779 2183 1820 2225 fic
1839 2193 1927 2217 ratus
1953 2187 2108 2220 adversos

1222 2236 1317 2266 Deum
1340 2233 1430 2265 colere
1450 2238 1599 2274 pietatem
1631 2258 1637 2264 .
1664 2233 1707 2267 Et
1735 2233 1884 2269 laudatus
1921 2235 2081 2271 Nicolaus
2093 2251 2113 2271 :-

1221 2287 1293 2314 Non
1298 2279 1393 2324 solum
1403 2284 1503 2314 aliena
1516 2282 1722 2322 occupantibus
1733 2307 1743 2322 ‚
1764 2282 1824 2326 sed
1849 2289 1941 2317 etiam
1964 2287 2109 2326 Constan-

1220 2332 1423 2374 tinopolitanis
1450 2330 1638 2364 Patriarcbis
1651 2356 1662 2372 ,
1688 2331 1894 2369 OEcumenici
1919 2346 2025 2369 nomen
2046 2346 2107 2379 per

1217 2379 1364 2425 fiemmam
1375 2384 1573 2414 Romanorum
1590 2381 1765 2423 Pontificum
1786 2386 1930 2426 injuriam
1941 2394 2105 2428 occupanti-

1218 2430 1275 2464 bus
1290 2455 1299 2463 .
1325 2432 1420 2475 ,Quod
1434 2436 1513 2465 enim
1528 2437 1648 2474 primus
1667 2433 1701 2475 J
1701 2445 1812 2468 oannes
1825 2436 1993 2477 Cappadox
2014 2436 2105 2480 ausus

1211 2481 1317 2525 fuisset
1336 2507 1346 2523 ‚
1371 2479 1433 2524 ipse
1455 2487 1507 2524 qui
1531 2489 1595 2515 tum
1610 2483 1738 2526 Justino'
1770 2486 1918 2519 avunculo
1950 2484 2108 2528 superstite

1220 2531 1441 2574 Rempublicam
1471 2532 1700 2572 administrabat
1717 2558 1728 2574 ,
1759 2547 1842 2579 aequo
1877 2541 1976 2568 animo
2013 2539 2082 2571 tulit
2096 2562 2108 2578 ,

1220 2583 1324 2616 deind?
1334 2587 1496 2624 Imperium
1506 2583 1634 2624 adeptus
1646 2608 1657 2623 ‚
1683 2593 1785 2618 ratum
1791 2595 1974 2630 gratumque
1988 2586 2105 2627 babuit,

1217 2630 1332 2675 suisque
1355 2632 1466 2677 legibus
1476 2632 1667 2677 perniciosum
1690 2646 1794 2668 nomen
1806 2634 1949 2678 inscripfit
1964 2661 1971 2668 .
1999 2639 2105 2681 ,Quare

1212 2681 1426 2726 jurisconsulti
1437 2684 1538 2716 mulm
1545 2691 1677 2725 parcant
1694 2685 1987 2726 interpretationibus
2004 2712 2014 2726 ,
2039 2699 2105 2720 cum

1217 2732 1419 2767 OEcumenici
1444 2744 1547 2767 nomen
1584 2739 1617 2767 in
1644 2733 1814 2777 justiniam·
1839 2735 2106 2776 constitutionibus

1217 2782 1368 2823 offindunt
1379 2808 1388 2816 .

1266 2832 1369 2880 Qiod
1392 2834 1536 2878 Joannes
1557 2832 1742 2878 Cappadox
1775 2834 1986 2879 adsumpserit
2013 2833 2106 2870 hunc

1217 2882 1373 2924 titulum,
1398 2884 1487 2918 lucet
1500 2895 1542 2918 ex
1563 2883 1938 2929 Constantinopolitana
1961 2886 2102 2929 Synodo

1216 2932 1350 2976 subejus
1362 2934 1538 2969 successore
1560 2934 1687 2969 Menna
1701 2961 1709 2968 .
1735 2936 1808 2970 Illic
1820 2936 1910 2970 enim
1936 2938 2030 2969 variae
2052 2948 2105 2970 va-

1212 2983 1335 3018 riorum
1348 2984 1390 3018 ad
1402 2983 1494 3018 illum
1510 2995 1619 3028 preces
1632 2984 1754 3020 habent
1767 2985 1852 3020 hanc
1866 2985 2078 3029 Epigraphen
2093 2999 2102 3018 ε

1214 3033 1389 3075 sancliffimo
1414 3035 1448 3068 (5
1471 3035 1624 3076 beatiffimo
1655 3033 1893 3078 archiepiscope,
1919 3035 2102 3071 OEcumenico

1214 3083 1401 3120 Patriarcbae
1414 3088 1537 3130 Joanni
1574 3110 1581 3118 .
1609 3085 1738 3119 Eodem
1758 3085 1862 3120 modo
1883 3085 2033 3120 titulatur
2058 3086 2101 3120 ab

1215 3132 1307 3168 Actis
1329 3133 1562 3176 synodalibus.
1593 3135 1636 3169 Et
1659 3135 1777 3170 fastum
1792 3135 2002 3170 continuavit
2026 3134 2098 3177 ejus

1215 3183 1370 3217 successor
1391 3182 1614 3229 Epiphanius:
1638 3185 1752 3228 Hujus
1777 3186 1856 3223 item
1877 3186 2035 3219 successor
2048 3185 2100 3219 di-

1214 3234 1282 3267 stus
1293 3233 1435 3270 Mennas
1449 3260 1456 3268 .
1483 3236 1536 3270 Dc
1549 3235 1675 3270 Menna
1688 3236 1774 3271 lucet
1784 3247 1828 3269 ex
1841 3235 1978 3279 praefatis
1994 3234 2099 3275 Astis,

1214 3282 1344 3317 adsidue
1357 3284 1574 3327 repetentibus
1591 3298 1598 3318 ε
1627 3284 1987 3329 Praefidentesanciiffimo
2000 3288 2101 3318 Domi·

1214 3344 1250 3365 '¹⁰
1276 3331 1365 3372 ΜΕΝ
1389 3334 1571 3375 (Εσιιηιιηίεο
1595 3358 1605 3374 ,
1631 3339 1665 3370 et
1690 3335 1870 3370 Patrlarcha
1895 3338 2023 3368 Menna.
2051 3334 2096 3370 Et

1217 3383 1411 3426 justinianus
1424 3385 1565 3420 omnino
1575 3387 1801 3422 confirmavit.
1830 3386 1909 3428 Ejus
1922 3385 2009 3418 enim
2035 3392 2097 3416 ter-

1216 3434 1261 3469 tia
1288 3433 1428 3469 Novella
1453 3436 1504 3469 lex
1528 3434 1624 3470 habet
1648 3435 1736 3471 hunc
1747 3435 1905 3472 titulum:
1932 3437 2094 3473 Imperator

1948 3481 2047 3528 Justi-
