2366 3756
154 903 204 944 Ep.
214 912 258 940 73·

146 1440 250 1482 Dib-4.
269 1454 298 1476 c.

148 1491 194 1519 23-

140 2323 204 2359 nb·
213 2332 239 2355 τ..
253 2331 280 2356 c.

144 2373 193 2404 33-

408 162 501 205 330

692 144 733 191 S.
770 141 1077 192 Gucooizu
1114 156 1357 191 serr-tut
1394 142 1754 191 P0N11r1c1s

340 211 501 268 &bynna-nst
505 221 640 258 exhibuit
651 246 661 261 ‚
672 221 799 264 insicum
809 224 901 259 locum
911 224 1062 267 restitutus
1073 224 1111 262 est
1123 248 1130 258 ,
1150 221 1218 266 1pr
1280 234 1322 260 na
1344 223 1518 261 austeritas
1528 249 1535 256 .
1565 224 1610 261 Et
1633 224 1708 259 illos
1717 233 1830 259 omnes
1841 248 1852 268 ,
1878 222 1967 269 quod
1980 225 2151 265 Nicaenam

340 276 512 317 itaquejam
520 271 614 317 fidem
624 273 707 308 illam
718 297 729 316 ‚
753 278 786 305 in
800 284 890 315 quam
900 283 1030 318 receptus
1048 272 1085 317 est
1096 299 1106 315 ,
1132 274 1217 318 depae

333 326 479 370 palatur,
506 324 614 356 &cum
636 324 697 357 illis
710 322 811 369 facit,
840 322 1068 366 quiHomoufion
1092 323 1216 359 anathe-

336 383 416 410 mate
433 373 616 418 percellunt.
643 374 760 420 DeInde
783 373 933 415 &haerefi
948 379 1155 416 patrocinatur
1172 384 1217 410 eo-

336 435 403 458 rum
421 448 432 464 ,
458 428 509 467 qui
525 421 674 464 'spiritum
695 423 835 460 sanc‘lum
867 422 999 467 spoliant
1021 426 1190 459 Divinitate
1205 447 1212 455 .

335 475 487 518 ‚Quoniam
498 477 590 519 igitur
605 472 687 512 istinc
698 479 777 510 vires
792 480 902 514 accepit
911 474 1044 509 laedendi
1055 473 1210 517 Ecclefias,

335 523 562 565 &publicanda
580 521 645 569 suae
657 529 819 568 impietatis
835 523 950 566 fiducia
962 549 973 564 ,
1000 531 1090 568 quam
1101 536 1154 560 vos
1166 524 1214 560 de-

334 572 439 618 distis,
464 574 509 608 ad
520 571 733 620 subversionem
755 575 912 608 multorum
933 572 1002 619 usus
1025 574 1063 615 est
1075 600 1086 616 ‚
1112 573 1213 621 necesse

332 623 371 661 eft
382 631 415 660 ut
435 622 516 666 istinc
525 634 637 668 quoquc
648 629 753 659 veniat
763 624 907 660 malorum
926 624 1041 663 istorum
1053 625 1187 661 correHio
1201 648 1211 667 ‚

328 671 536 719 firibaturque
559 671 712 718 Ecclffiis,
737 674 844 716 quibus
867 676 986 717 quidem
1001 674 1212 710 conditionibus

329 724 376 755 ad
395 727 620 759 communionem
634 721 787 768 susceptus
803 723 860 770 fit:
888 726 982 761 simul
1000 728 1073 759 verb
1084 725 1213 768 adjicia-

331 781 384 809 tur
398 798 409 816 ‚
441 775 583 819 quomodo
598 776 669 816 jam
690 780 850 812 immutata
867 774 1020 821 sentmtia
1033 781 1169 819 gratiam
1190 776 1211 810 ἃ

328 823 499 864 Patribus,
526 830 578 868 qui
601 834 674 862 tunc
693 833 780 859 erant
801 850 812 867 ,
845 833 997 866 acceptam
1015 822 1127 861 reddat
1144 830 1210 860 irri-

328 881 393 909 tam
416 899 423 906 .
456 874 581 911 Eadem
603 874 645 909 de
665 887 698 909 re
719 874 827 909 scribit
849 876 890 909 ad
914 876 988 911 suos
999 873 1209 914 Monachos:

327 922 382 966 Est
394 932 494 961 autem
506 928 624 966 Nicqna
642 924 741 966 fides,
769 937 861 968 quam
879 926 1082 963 occidentales
1101 929 1210 962 attule-

324 981 418 1014 runt,
444 986 479 1009 ac
499 974 662 1019 Tbyanenfi
681 976 789 1019 synoda
808 976 1021 1019 tradiderunt,
1046 979 1067 1012 ὰ
1090 987 1152 1018 qua
1174 979 1208 1015 <a

318 1021 448 1070 sufteptt'
467 1023 542 1067 fimt
565 1050 577 1066 2
611 1025 723 1069 utique
748 1024 914 1064 Eustatius
944 1027 978 1064 δε
1002 1025 1118 1070 reliqui
1153 1038 1208 1072 per

318 1073 509 1112 Orientales
529 1070 682 1120 Synodos
706 1076 855 1114 damnati
869 1076 1047 1124 Episcopi,
1075 1076 1133 1120 qui
1155 1089 1206 1121 ap·

322 1122 483 1166 pellarant
507 1123 548 1162 ad
570 1125 691 1172 Papam
705 1125 875 1164 Liberium
889 1151 896 1159 .
922 1127 981 1162 sea
1000 1126 1113 1163 babent
1130 1126 1206 1168 astu-

319 1182 384 1209 tum
394 1175 499 1218 dogma
510 1198 522 1218 ‚
549 1177 595 1208 ad
601 1173 749 1220 ejusmodi
762 1174 835 1221 suas
850 1182 1026 1212 mutationes
1038 1184 1199 1221 paratum.

319 1226 407 1259 Nam
412 1223 488 1266 fidei
499 1224 600 1258 verbis
615 1226 795 1261 Medicorum
805 1236 880 1258 more
890 1233 1016 1258 utuntur
1026 1248 1038 1267 ‚
1060 1233 1117 1268 pro
1131 1235 1203 1261 tem-

311 1278 399 1315 poris
409 1272 542 1315 occasione
566 1273 721 1319 alitersese
733 1275 779 1308 ad
801 1273 988 1314 afflctionum
1009 1282 1154 1310 rationem
1169 1278 1203 1310 o·

317 1328 498 1360 varietatem
507 1331 743 1365 attemperantes
755 1348 762 1360 ,
791 1323 954 1362 Rationes
965 1349 975 1365 ‚
988 1325 1034 1359 ob
1044 1336 1124 1371 quas
1137 1326 1201 1360 Eu.

315 1371 449 1407 statium
471 1372 642 1410 damnavit
664 1374 875 1410 seleuciensis
897 1375 1075 1421 Synodus,
1099 1375 1200 1412 edicit

314 1421 470 1459 Hermias
492 1423 723 1460 Zozomenus:
750 1424 906 1466 Euflattus
926 1423 1118 1468 accusabatur
1135 1432 1198 1468 pri-

313 1474 417 1512 mum,
441 1475 522 1517 quod
542 1485 607 1509 cum
630 1475 697 1517 effet
720 1475 874 1514 Presbmr
887 1499 897 1515 ,
921 1476 942 1510 a*
967 1479 1061 1510 Patre
1084 1477 1202 1510 Eulalio

314 1522 446 1567 cesaree
466 1525 654 1566 cappadocie
673 1522 819 1570 Episcopo
843 1526 1053 1560 condemnatus
1065 1525 1174 1570 fuisset
1188 1551 1198 1566 ‚

315 1575 351 1608 6·
364 1576 384 1608 ἃ
393 1582 515 1615 precum
523 1579 721 1610 communione
730 1573 905 1619 segregatus
919 1598 927 1610 ‚
954 1576 1072 1610 Deinde
1084 1600 1095 1616 ‚
1121 1577 1203 1619 quod

314 1622 570 1669 Neo=Cesaref,
597 1626 679 1666 quod
689 1622 728 1664 est
738 1625 828 1659 Ponti
852 1624 1015 1667 oppidum,
1039 1626 1200 1659 aconctito

312 1680 512 1709 communione
547 1673 671 1717 Ecclefie
709 1674 890 1708 interdictus
910 1697 920 1715 ,
946 1675 981 1707 o*
1006 1674 1044 1706 ab
1072 1673 1200 1718 Eusebio

313 1722 638 1766 Constantinopolitano
662 1721 829 1765 Episcopo,
852 1725 1012 1767 propterea?
1033 1724 1114 1767 quid
1126 1735 1200 1766 qua-

312 1774 451 1809 rumdam
461 1784 559 1810 rerum
570 1774 648 1810 malt³
661 1773 940 1814 administraturum
954 1797 965 1814 ,
987 1784 1063 1817 quas.
1072 1772 1200 1809 babebat

304 1823 364 1865 fibi
384 1825 543 1869 commffas
564 1845 575 1863 ,
611 1823 821 1859 condemnatus
845 1848 857 1865 ,
890 1822 985 1867 suerit
1019 1822 1176 1859 abdicatus
1191 1849 1198 1858 .

315 1873 390 1908 Tum
399 1875 480 1916 quod
499 1874 520 1909 ἃ
551 1876 679 1908 concilio
691 1873 858 1920 Gangrenfi
867 1876 1029 1918 propterea
1039 1872 1199 1918 Episcopa-

311 1932 363 1959 tus
371 1926 473 1968 gradu
484 1924 616 1966 deiedlus
628 1933 695 1960 erat
713 1949 725 1966 ‚
748 1927 831 1969 quod
838 1925 925 1959 aliter
947 1935 1038 1968 quam
1057 1924 1198 1957 debuerat

316 1975 448 2020 docuiffet
459 1999 468 2017 ‚
475 1972 601 2019 senfiffet
609 1999 620 2016 ,
627 1973 777 2018 scripfiffi’t
788 1999 795 2007 .
823 1975 920 2016 ,Quod
925 1979 1016 2007 etlam
1027 1977 1058 2004 in
1071 1973 1199 2006 Concilio

316 2024 496 2059 Antiocheno
506 2025 572 2070 effet
578 2025 707 2065 perjurii
723 2023 875 2057 convictus
889 2048 896 2054 .
923 2025 970 2055 Et
980 2023 1064 2064 quid
1072 2023 1197 2055 Decreta

317 2076 442 2110 Concilii
465 2075 552 2116 apud
571 2074 740 2108 Melitinam
764 2071 857 2106 coaevi
891 2079 1025 2104 evertere
1049 2070 1196 2112 adgreffus

311 2124 430 2169 fuiffet.
457 2126 503 2157 Et
523 2133 589 2155 cum
607 2121 714 2154 multis
734 2120 907 2154 criminibur
932 2127 1078 2155 teneretur
1098 2121 1197 2163 impli-

315 2175 399 2209 catus
420 2197 432 2215 ‚
451 2173 568 2214 ‚iudicis
583 2179 690 2215 partes
707 2168 854 2216 suscipere
879 2195 891 2212 ,
918 2171 953 2206 Θ
973 2182 1021 2205 eos
1045 2193 1058 2211 ,
1082 2176 1134 2213 qui
1156 2171 1199 2204 al-

321 2229 417 2260 terius
445 2229 531 2257 erant
555 2226 703 2265 opinionis
728 2245 739 2262 ‚
764 2220 899 2265 incusare
928 2231 987 2256 non
1021 2219 1177 2265 dubitaffet
1191 2244 1199 2252 .

317 2273 425 2310 Addit
447 2274 595 2309 Socrates
611 2270 652 2306 de
663 2271 855 2307 seleuciensi
874 2271 1013 2314 synodo
1028 2282 1040 2304 .-
1064 2270 1200 2311 Eustatio

316 2323 445 2365 Sebastie
478 2320 623 2368 Episcopo
648 2332 684 2357 ne
714 2319 763 2365 sui
789 2322 909 2364 quidem
931 2320 1083 2365 purgandi
1108 2319 1199 2353 daba-

321 2383 373 2411 tur
393 2371 524 2417 potestas
548 2397 559 2414 ,
585 2373 667 2416 quad
688 2371 727 2405 nb
753 2372 874 2406 Eulalio
899 2394 910 2412 ‚
944 2369 997 2416 fi‘0
1021 2368 1110 2413 ipstus
1135 2373 1199 2404 Po-

318 2434 387 2466 ινα,
416 2421 606 2466 &Episcopo
628 2421 767 2466 Caesarff
778 2422 990 2464 cappadocie,
1009 2421 1198 2463 jampridem

313 2475 475 2519 propterea
496 2473 651 2508 abdicatus
656 2472 785 2516 fuerat,
813 2472 896 2517 quod
915 2469 949 2516 se
975 2470 1083 2505 habitu
1102 2471 1196 2504 sacer-

318 2526 395 2559 dotii
416 2525 560 2568 dignitati
580 2531 692 2567 parum
719 2523 820 2557 decoro
855 2524 890 2557 (9
910 2529 1084 2566 congruente
1112 2518 1195 2560 vesti·

318 2581 426 2609 verat.
454 2572 602 2610 Proinde
627 2573 745 2618 partim
766 2582 897 2617 propter
917 2572 1105 2617 dogmatis,
1133 2580 1198 2616 par·

319 2624 383 2660 tim
396 2634 528 2669 propter
537 2623 714 2667 disciplinae
741 2622 857 2658 delicia
878 2621 1043 2656 Eustatius
1059 2631 1127 2655 erat
1147 2620 1197 2655 da-

318 2684 470 2711 mnatuS.
497 2674 542 2709 Et
555 2673 631 2709 licet
644 2682 694 2708 tot
704 2673 914 2709 incrustratus
927 2671 1066 2716 elogiis,
1090 2681 1197 2707 tamen

316 2724 497 2769 appellavit
514 2725 703 2761 Romanam
718 2723 893 2758 Ecclesiam
907 2747 918 2763 ,
944 2733 1042 2766 atque
1053 2721 1195 2757 acceffit.

320 2774 398 2810 Nec
416 2775 483 2819 ipse
504 2775 592 2811 solus
617 2799 629 2816 ,
653 2774 708 2810 sed
730 2773 829 2808 etiam
855 2772 1017 2816 Sylvanus
1037 2771 1201 2807 Tarsensis

320 2821 507 2867 Episcopus
527 2848 538 2864 ,
575 2825 684 2867 primae
719 2822 846 2858 Ciliciae
870 2821 1088 2866 Metropolita
1115 2845 1127 2861 ,
1165 2832 1202 2856 ac

322 2870 541 2917 Theophilus
566 2872 816 2908 Castabalorum
852 2871 888 2907 in
915 2870 1055 2907 secunda
1081 2869 1202 2905 Cilicia

324 2921 496 2964 Autistes,
521 2922 737 2968 Lampsaceni
756 2923 792 2957 in
813 2921 1035 2965 Hellesponto
1059 2944 1071 2963 ,
1096 2922 1205 2965 Smyr-

325 2973 433 3009 nensis
458 2973 494 3009 in
516 2972 594 3008 Asia
614 2997 627 3014 ‚
651 2984 690 3007 ac
710 2971 849 3007 aliorum
876 2970 948 3007 istic
970 2970 1202 3006 Conciliorum

326 3022 447 3069 Legati
470 3048 478 3057 .
506 3022 629 3058 Cuncti
653 3023 787 3057 istarum
812 3020 1025 3066 Synodorum
1049 3019 1202 3065 Episcopi

327 3080 422 3110 erant
435 3072 685 3110 Macedonianae
699 3072 864 3108 factionis:
884 3071 989 3120 Qod
1004 3070 1080 3105 illos
1094 3070 1205 3105 Eudo-

330 3124 436 3161 xianae
461 3122 631 3163 samonis,
658 3124 713 3158 seu
735 3123 808 3168 puri
819 3120 996 3156 Arianismi
1016 3121 1124 3156 fautor
1135 3121 1204 3157 Au-

331 3174 445 3219 gustus
458 3173 584 3208 Valens
602 3183 723 3216 pararet
743 3172 905 3218 relegare,
931 3171 949 3204 a
970 3172 1120 3206 Romana
1143 3172 1205 3206 Ec-

330 3222 426 3259 clesia
447 3223 668 3268 supplicarunt
687 3222 846 3258 auxilium
862 3246 875 3265 ,
901 3221 1072 3266 pracsertim
1096 3221 1206 3256 adver-

333 3272 407 3309 sum
428 3273 505 3308 data
518 3273 553 3309 in
574 3271 738 3315 sejudicia
758 3284 813 3316 per
826 3271 1000 3317 Synodum
1024 3271 1206 3306 seleucien-

333 3324 420 3358 sem.
441 3323 524 3357 Haec
543 3322 632 3358 enim
653 3323 756 3357 fuerat
778 3333 849 3357 non
872 3321 970 3356 unius
990 3321 1182 3358 Patriarchae
1195 3344 1206 3361 ,

331 3372 387 3410 fed
396 3372 493 3420 plena
503 3372 606 3411 totius
617 3372 770 3410 Orientis
778 3397 786 3406 .
811 3371 849 3407 N
850 3382 886 3407 ec
897 3372 954 3417 ipsi
965 3370 1073 3408 deerat
1083 3371 1207 3408 Roma·
1219 3391 1222 3404 ε

1279 273 1379 310 fidem
1400 273 1554 318 deinceps
1573 274 1698 321 ‚servare
1717 274 1965 320 pros-iterentur,
1991 277 2008 311 a
2027 278 2151 312 cunciis

1279 333 1329 361 to‘t
1341 325 1553 369 Synodotum
1565 324 1705 361 vinculis
1717 321 1873 363 exsolvit,
1887 323 2014 368 suisqu‘e
2024 325 2151 363 sedibus

1255 416 1257 419 .
1278 372 1418 410 reddidit
1440 397 1452 417 ,
1477 385 1534 409 aut
1555 377 1640 412 certe
1660 374 1694 410 in
1732 374 1803 417 ipsis
1825 372 1978 408 stabilivit
2000 373 2150 412 Liberius

1277 422 1452 464 Pontifex,
1478 423 1611 469 ejusque
1631 423 1790 469 judicium
1812 423 1846 458 δε
1870 424 2005 459 reverita
2028 425 2062 460 ἀ
2082 437 2150 462 am-

1275 473 1412 516 plisfime
1438 474 1588 510 exsecuta
1614 475 1659 509 est
1692 472 1879 509 orthodoxa
1914 485 1952 508 ac
1979 477 2150 511 numerosa

1274 522 1487 569 Thyanenfis
1504 524 1540 560 in
1553 523 1762 570 Cappadocia
1784 521 1935 567 Synodus
1948 548 1958 563 ,
1984 523 2038 559 cui
2051 524 2151 568 praesi-

1275 572 1371 610 debat
1393 572 1552 611 Eusebius
1564 573 1768 611 caesareensis
1792 574 1913 611 ibidem
1927 572 2151 619 Archiepisco·

1278 634 1336 669 pus
1357 647 1368 665 ‚
1394 622 1563 659 Exarchus
1584 624 1728 658 Pontica:
1749 624 1924 659 Dioecefios
1945 648 1956 664 ,
1982 624 2150 667 proximus

1275 675 1467 711 Antecesior
1488 673 1607 719 Magni
1630 674 1737 709 Basilii
1761 699 1768 706 .
1795 674 1840 710 Et
1869 672 2094 717 appellationis
2114 674 2151 709 cc

1275 721 1490 761 restitutionis
1499 724 1612 762 litterae
1623 725 1749 759 exstant
1759 723 1846 768 apud
1860 725 2047 759 Socratem.
2077 723 2150 758 Eu·

1274 772 1387 808 statius
1419 784 1485 811 erat
1510 774 1725 812 dolofiffimus
1751 784 1939 810 vertumnus
1961 799 1967 806 .
1994 773 2088 809 Hinc
2113 773 2150 809 dc

1242 834 1245 836 ’
1273 822 1442 860 Liberium
1463 825 1609 860 consutis
1628 824 1944 870 aequivocationibus
1953 823 2151 861 circumscri-

1274 875 1397 917 pserat,
1425 876 1460 912 ἀ
1480 873 1499 913 ,ἐ
1518 874 1714 920 Thyanenfi
1736 875 1875 922 Synodo
1896 875 1932 911 in
1954 873 2147 910 Armeniam

1271 924 1373 961 redux
1392 924 1492 966 fecit,
1519 926 1609 971 quod
1634 926 1675 964 ad
1699 924 1918 961 Theodotum
1941 923 2149 967 Nicopolita-

1274 985 1354 1010 nurn
1375 972 1447 1011 istic
1467 975 1668 1021 Episcopum
1685 976 1796 1012 scribit
1823 975 1968 1022 Magnus
1989 973 2145 1011 Basilius:

1270 1024 1325 1061 Ubi
1342 1025 1384 1060 >de
1400 1026 1610 1069 profunditate
1628 1025 1804 1069 hypocriseos
1825 1032 2010 1071 cogitamus,
2035 1035 2096 1067 qua
2112 1016 2147 1070 se

1271 1074 1354 1107 nobis
1375 1074 1575 1121 blandiuscule
1586 1084 1646 1111 toto
1655 1085 1784 1119 tempore
1795 1075 1959 1118 infinuavit
1970 1075 2126 1118 Euflatius
2134 1098 2146 1115 ,

1263 1123 1379 1165 stupore
1401 1126 1532 1167 quodam
1547 1132 1616 1167 prae
1628 1126 1855 1167 consternatione
1869 1130 2050 1170 ¹corripimur
2062 1149 2069 1157 .
2095 1122 2147 1158 Ita

1271 1173 1452 1210 primatem
1474 1174 1569 1210 suum
1589 1198 1601 1216 ‚
1626 1173 1694 1209 fine
1715 1186 1782 1217 quo
1805 1184 1901 1212 norat
1921 1177 1954 1212 se
1964 1186 2035 1211 non
2058 1175 2147 1219 posse

1270 1221 1406 1259 stabiliri
1420 1223 1454 1260 in
1466 1222 1596 1258 reddito
1619 1235 1674 1268 per
1683 1223 1872 1259 Romanam
1882 1225 2059 1260 Ecclesiam
2071 1223 2147 1267 Epi-

1269 1274 1401 1317 scopatu
1425 1298 1436 1313 ‚
1464 1273 1557 1310 scivit
1576 1272 1823 1310 circumducere
1845 1298 1854 1307 .
1881 1272 1928 1307 At
1954 1272 2034 1307 vero
2060 1272 2146 1315 apud

1269 1323 1350 1360 alios
1362 1323 1445 1358 adeo
1458 1324 1600 1359 effutivit
1611 1324 1665 1358 seu
1679 1323 1798 1359 Arium
1810 1348 1821 1365 ,
1831 1324 1886 1359 seu
1895 1322 2148 1369 Macedonium,

1267 1384 1304 1410 ut
1322 1373 1428 1411 distus
1438 1372 1641 1411 Theodotus
1660 1374 1769 1411 eidem
1784 1374 1925 1411 Primati
1946 1375 2006 1408 suo
2026 1372 2149 1407 Basilio

1268 1423 1515 1461 communicare
1535 1424 1682 1461 noluerit
1701 1449 1712 1466 ‚
1739 1425 1912 1469 ipsumque
1931 1434 2000 1459 non
2022 1422 2151 1458 dumta-

1270 1482 1327 1511 xat
1348 1473 1389 1508 ab
1400 1475 1632 1512 Ecclefiasticis
1655 1473 1824 1519 precibus,
1850 1474 1906 1511 sed
1925 1472 2055 1511 etiam&
2067 1472 2143 1512 sua,

1265 1525 1319 1558 cui
1341 1524 1398 1560 ille
1413 1525 1553 1563 debebat
1573 1523 1736 1570 praefidere
1755 1550 1767 1567 ,
1793 1523 1934 1569 synodo
1954 1523 2149 1563 excluserit,

1266 1583 1435 1619 tamquam
1455 1573 1602 1614 haeretica
1615 1575 1756 1611 Eustatii
1779 1574 2019 1612 communione
2043 1572 2149 1619 pollu-

1264 1631 1336 1657 tum
1348 1647 1355 1656 -
1384 1625 1467 1660 Late
1489 1624 1558 1660 haec
1577 1628 1674 1660 refert
1689 1627 1724 1659 in
1748 1626 1898 1669 Epistola
1918 1624 1960 1660 ad
1971 1623 2143 1660 Comitem

1264 1671 1464 1711 Terentium
1485 1674 1552 1717 ipse
1589 1673 1728 1709 Basilius
1744 1696 1756 1715 ‚
1779 1675 1813 1708 ἀ
1832 1672 1983 1718 adjungit
2010 1684 2018 1706 :
2045 1672 2145 1713 Hujus

1266 1729 1362 1756 autem
1382 1722 1559 1758 dissociatae
1568 1723 1818 1759 communionis
1835 1720 1956 1765 causam
1973 1721 2056 1755 nobis
2071 1718 2146 1765 adfi-

1264 1775 1378 1815 gnavit
1392 1769 1454 1816 ipse
1473 1768 1637 1805 Theodotus
1647 1793 1660 1814 ,
1685 1772 1767 1813 quid
1783 1771 2060 1811 venerandiffimum
2071 1771 2147 1812 Ept-

1264 1819 1382 1864 scopum
1407 1820 1579 1863 Bullatium
1604 1825 1638 1855 in
1671 1826 1898 1855 communionem
1932 1824 2142 1863 receperimus.

1269 1870 1347 1915 Ejus
1366 1871 1430 1906 ase
1440 1871 1559 1914 recepti
1570 1871 1700 1906 causam
1720 1866 1826 1906 edixit
1843 1871 1932 1905 idem
1953 1869 2087 1905 Basilius
2106 1870 2143 1904 in

1268 1919 1386 1955 litteris
1394 1920 1434 1955 ad
1445 1920 1677 1957 Occidentales
1689 1922 1889 1965 Episcopos.:
1914 1921 2067 1963 ,Quoniam
2078 1922 2144 1955 Eu·
2159 1920 2241 1962 Epist.
2263 1927 2311 1959 ⁷4·

1257 1968 1369 2011 statius
1391 1969 1474 2012 istinc
1505 1977 1589 2006 vires
1613 1977 1724 2012 accepit
1749 1971 1882 2004 laedena'i
1902 1968 2046 2004 Eccletias
2069 1993 2082 2010 ,
2107 1981 2143 2004 ac

1260 2018 1454 2060 publicanda
1473 2019 1711 2063 suaeimpietam
1729 2019 1864 2061 fiducia,
1890 2030 1983 2061 quam
1993 2030 2048 2052 vos
2060 2019 2144 2051 dedi-

1258 2067 1315 2106 stis
1338 2091 1351 2107 ‚
1378 2072 1422 2101 ad
1441 2068 1655 2112 subversionem
1675 2071 1833 2103 multorum
1849 2066 1919 2112 usus
1941 2068 1981 2108 est
2002 2091 2014 2108 ,
2039 2068 2143 2111 nec-effe

1264 2115 1304 2156 est
1327 2124 1362 2150 ut
1373 2115 1454 2157 istinc
1465 2128 1577 2161 quoque
1597 2122 1700 2152 veniat
1709 2118 1826 2158 istorum
1834 2119 1977 2152 malorum
1987 2118 2121 2151 correfflo
2129 2142 2141 2159 ,

1259 2164 1467 2210 scribaturque
1485 2165 1619 2210 Ecclefiis
1632 2191 1644 2207 ,
1666 2166 1772 2209 quibus
1794 2168 1912 2210 quidem
1930 2168 2141 2201 conditionibus

1264 2217 1310 2249 ad
1329 2223 1555 2252 communionem
1573 2215 1723 2261 sufteptus
1738 2216 1797 2259 fit,
1817 2216 1908 2260 fimul
1928 2218 2001 2252 verb
2012 2217 2141 2258 adjicio·-

1266 2274 1315 2299 tur
1333 2290 1345 2307 ,
1369 2268 1508 2310 quomodo
1518 2269 1591 2311 jam
1610 2274 1772 2302 immutata
1786 2270 1788 2273 ’
1793 2266 1944 2311 sententia
1965 2272 2102 2310 gratiam
2120 2267 2141 2301 ἃ

1266 2317 1412 2351 Patribus
1425 2341 1438 2358 ,
1462 2322 1513 2360 qui
1540 2326 1611 2351 tunc
1627 2328 1716 2353 erant
1736 2341 1748 2357 ‚
1772 2326 1922 2360 acceptam
1941 2317 2051 2350 reddat
2072 2321 2142 2350 irri-

1267 2375 1333 2400 tam
1353 2391 1362 2399 .
1396 2366 1627 2412 Apostolicutn
1653 2367 1695 2402 de
1721 2367 1870 2403 Eustatio
1893 2368 2053 2409 judicium
2079 2377 2142 2400 nec

1263 2417 1432 2452 retractare
1443 2441 1455 2459 ,
1469 2429 1531 2452 nec
1541 2417 1715 2453 exsufflare
1725 2441 1736 2459 ‚
1762 2428 1931 2460 tamquam
1948 2416 2142 2460 obreptione

1262 2475 1454 2509 extortum,
1479 2479 1548 2502 non
1575 2467 1767 2512 praesumpfit
1786 2491 1798 2507 ‚
1825 2467 1880 2502 sed
1900 2466 1942 2500 ab
1963 2466 2028 2509 ipsa
2051 2467 2141 2509 Apo-

1263 2516 1378 2551 stolica
1408 2517 1493 2552 Sede
1512 2516 1745 2553 retractandum
1769 2517 1803 2552 δε
1828 2515 2139 2552 circumducendum

1263 2566 1439 2611 postulavit
1461 2567 1608 2612 Magnus
1629 2568 1787 2607 Basilius,
1815 2568 1951 2601 noscens
1973 2563 2141 2608 Apostoli·

1261 2629 1362 2659 cum,
1385 2615 1519 2651 anostri
1544 2617 1670 2660 septimi
1693 2616 1848 2659 Gregorii
1869 2616 2003 2649 Dissatu
2025 2612 2140 2648 hicin-

1265 2674 1442 2706 novatum,
1470 2665 1666 2701 Canonem:
1692 2667 1846 2699 Sententia
1854 2667 1950 2706 Papae
1972 2665 2079 2696 anullo
2088 2665 2141 2698 de·

1262 2716 1308 2751 bet
1318 2716 1476 2750 retractari
1489 2740 1500 2757 ,
1526 2718 1561 2750 <St
1571 2714 1633 2758 ipse
1639 2713 1720 2759 solus
1730 2721 1856 2749 omnium
1867 2713 2029 2749 retradiare
2035 2712 2135 2756 potest.

1313 2766 1357 2800 Et
1369 2766 1523 2800 Romana
1535 2765 1678 2801 Ecclesia
1687 2788 1698 2804 ,
1724 2762 1811 2809 quod
1823 2763 1991 2799 inauditos
2004 2763 2138 2799 damna·

1263 2828 1296 2851 re
1319 2816 1424 2851 nollet
1445 2817 1488 2851 ad
1522 2816 1771 2860 qualiacumque
1793 2813 1979 2849 testimonia
1995 2837 2006 2854 ,
2033 2813 2137 2849 traxit

1263 2877 1371 2902 moras
1391 2889 1400 2901 .
1430 2864 1565 2902 Interim
1585 2863 1781 2908 Theophilo
1796 2863 2044 2905 Castabalorum
2058 2863 2138 2907 Epi-

1264 2918 1364 2961 scopo
1376 2916 1542 2963 adjunctus
1554 2914 1717 2951 Eustatius
1730 2915 1803 2958 pala
1814 2915 1913 2957 coepit
1928 2914 2046 2948 Arium
2059 2924 2137 2957 prae-

1262 2967 1371 3002 dicare
1398 2990 1410 3008 ‚
1435 2966 1470 3001 in
1492 2965 1588 3000 variis
1606 2963 1749 3009 synodis
1770 2964 1927 2999 damnare
1954 2963 1988 2997 &
2010 2963 2136 3008 scriptis

1265 3018 1356 3053 libris
1374 3018 1526 3061 impetere
1548 3014 1726 3055 Basiliam,
1754 3026 1791 3049 ac
1813 3012 1961 3048 haeretico
1980 3024 2074 3048 more
2093 3013 2138 3048 se-

1265 3069 1438 3111 metipsum
1460 3068 1623 3112 segregare
1644 3074 1741 3108 atque
1761 3063 1916 3098 damnare
1939 3089 1947 3097 .
1974 3063 2067 3111 Qin
2101 3063 2136 3099 &

1264 3119 1468 3153 consecratos
1476 3115 1559 3150 intra
1572 3113 1782 3150 Catholicam
1800 3114 1943 3151 Matrem
1957 3114 2136 3157 Episcopos

1264 3169 1299 3203 &
1318 3167 1466 3203 Clericus
1489 3167 1639 3200 resacrare
1666 3164 1858 3209 praesumpsit
1878 3189 1890 3207 ‚
1923 3172 2021 3206 atque
2054 3162 2138 3199 adet)

1263 3218 1412 3253 inaudita
1434 3216 1533 3259 usque
1553 3226 1633 3250 tunc
1654 3213 1787 3250 audacia
1808 3213 1936 3249 turbare
1958 3212 2115 3248 Ecclesiae
2129 3235 2138 3246 .

1265 3268 1368 3303 Tunc
1385 3265 1475 3312 quod
1509 3277 1569 3300 nec
1592 3264 1755 3310 AEthiops
1774 3274 1877 3301 atram
1899 3262 2015 3307 pellem
2040 3286 2052 3305 ,
2077 3271 2137 3296 nec

1265 3318 1404 3363 pardalis
1425 3317 1588 3356 maculas,
1614 3327 1674 3350 nec
1692 3326 1814 3351 errores
1827 3323 1973 3358 unquam
1997 3313 2139 3357 depone·

1265 3380 1299 3405 te
1308 3367 1404 3416 poffit
1413 3367 1556 3402 vetustus
1566 3364 1730 3402 hereticus
1737 3388 1750 3407 ‚
1769 3364 1908 3412 agnovit
1918 3363 1988 3399 Bass
1993 3363 2058 3399 lius
2069 3386 2080 3402 ,
2094 3368 2139 3406 al:-¹

2023 3422 2090 3459 que

2165 1047 2212 1088 Ep.
2223 1051 2286 1085 196,

2161 1691 2213 1731 Ep.
2226 1701 2290 1729 107.
