2366 3756
356 183 424 226 90
497 166 905 212 N1cotar

487 296 976 341 Senotron.

362 401 459 437 Aetas
480 402 499 437 a
524 399 694 434 Fidelibus
709 399 744 434 in
766 399 915 435 Ecclesia
938 399 1125 435 oblationes
1135 400 1181 435 es-

385 454 415 486 se
434 461 559 485 morem
584 450 684 496 longe
702 451 965 495 antiquiffimum
987 474 998 492 ,
1025 450 1112 486 lucet
1138 462 1180 485 ex

290 503 486 544 antiquitate
509 500 773 545 Gazophylacii,
800 502 840 535 de
865 512 934 545 quo
958 500 1069 535 scribit
1090 500 1126 536 in
1142 502 1180 535 li-

291 553 349 586 bro
374 552 598 596 Apologetico
619 551 848 587 Tertullianus
872 563 879 584 :
919 552 1069 585 Modicam
1092 550 1180 595 unuf-

288 599 408 645 quisque
424 602 533 644 stipem
556 600 705 642 menstrua
733 603 804 642 die,
834 602 885 636 vel
907 603 972 636 cum
992 603 1090 644 velit,
1116 600 1185 644 &fi

215 664 221 671 ⁴
286 655 371 686 modo
393 654 489 692 velit,
519 653 552 685 (9·
568 651 599 694 fi
615 654 699 685 modo
722 653 826 695 pofflt,
851 658 998 695 apponit.
1027 657 1115 686 Nam
1128 664 1179 686 ne-

288 716 335 737 mo
355 703 560 744 compellitur,
582 700 638 745 sed
655 700 762 746 sponte
782 701 916 744 confert.
946 707 1018 737 Haec
1039 702 1125 747 quast
1131 704 1179 736 de-

283 752 375 795 pofita
392 758 517 794 pietatis
533 750 607 796 sunt
631 778 638 785 .
666 757 753 786 Nam
774 754 848 787 inde*
869 765 928 787 non
958 755 1052 796 epulis
1079 777 1090 794 ‚
1127 763 1178 787 nec

283 805 451 846 potaculis,
478 814 530 838 nec
550 809 679 847 ingratis
699 802 869 838 voratrinis
888 802 1100 848 dispensatur,
1119 802 1180 847 sed

285 859 383 898 egenis
403 854 520 887 alendis
545 853 781 899 humandisque,
808 856 842 888 e·
860 860 962 896 pueris
983 866 1018 888 ac
1025 855 1132 896 puellis
1146 866 1178 888 re

285 914 320 937 ac
338 904 518 946 parentibus
529 903 677 944 destitutis
692 930 702 946 ,
721 907 852 948 jamque
864 904 1020 945 domesticis
1026 903 1150 948 senibus
1162 928 1172 945 ,

283 959 357 990 item
377 953 574 998 Naufragis‚
601 956 635 989 (9·
654 954 685 997 fi
703 961 755 998 qui
781 961 813 989 in
833 957 964 991 metallis
985 980 997 998 ,
1024 957 1058 990 ό·
1074 954 1104 997 fi
1123 961 1176 998 qui

283 1009 318 1038 in
333 1003 445 1048 Infulis
457 1030 468 1047 ,
491 1007 545 1039 vel
554 1011 587 1039 in
598 1004 745 1046 custodiis
758 1030 770 1047 ,
788 1007 953 1040 dumtaxat
964 1018 1002 1040 ex
1014 1004 1105 1049 causa
1117 1007 1176 1039 Dei

106 1038 192 1071 Hom·
218 1045 265 1073 43⁸
282 1055 394 1097 seua,
427 1057 542 1090 alumni
566 1055 928 1100 Confeffionissuaefitnt.
954 1057 1057 1105 Qod
1072 1057 1175 1099 ipsum

282 1105 318 1139 in
342 1106 506 1140 Homiliis
529 1108 622 1151 super
644 1107 785 1151 primam
805 1107 962 1151 Apostoli
990 1107 1030 1142 ad
1055 1106 1173 1140 Corin-

280 1155 372 1191 thios
396 1156 579 1201 Epistolam
592 1158 727 1192 Sanstus
739 1159 880 1201 Ioannes
894 1157 1152 1201 Chrysostomus
1163 1183 1173 1198 ‚

280 1206 316 1240 in
337 1207 487 1249 Epistola
512 1208 553 1241 de
578 1208 746 1243 tradendis
770 1208 914 1243 Bafilicis
937 1209 1072 1243 Sanistus
1095 1207 1174 1241 Am-

281 1256 426 1297 brofius‚
452 1257 487 1289 in
511 1258 626 1292 litteris
648 1259 689 1292 ad
715 1258 891 1293 Alethium
919 1259 1052 1294 Sanctus
1066 1258 1174 1292 Pauli-

280 1318 363 1347 nuS,
391 1308 425 1341 &
445 1307 500 1340 alii
527 1309 640 1351 paffim
662 1308 772 1342 Patres
796 1310 989 1352 praedicant,
1016 1310 1050 1342 δε
1073 1319 1174 1351 popu-

278 1356 314 1389 lo
336 1357 593 1390 commendant.
620 1358 693 1389 Effe
720 1358 951 1399 Apostolicum
976 1358 995 1390 ὲ
1019 1358 1168 1400 Synago-

279 1416 321 1451 ga
343 1406 383 1439 ad
408 1405 567 1440 Ecclesias
585 1406 769 1440 traductum
795 1406 972 1441 Canonem
997 1407 1171 1442 advertunt

278 1459 314 1490 in
338 1455 501 1490 Homiliis
523 1457 616 1498 super
635 1455 832 1489 Matthaeum
856 1457 1005 1490 laudatus
1029 1457 1171 1498 Chryso·

277 1507 424 1545 Romus,
449 1506 483 1538 &
505 1505 539 1537 in
558 1504 643 1537 libro
666 1503 815 1537 adversus
835 1503 1063 1548 Vigilantium
1085 1505 1165 1538 San-

278 1558 347 1590 stus
369 1555 615 1597 Hieronymus.
646 1553 817 1596 Iudaicum
830 1553 1117 1598 Gazophylacium
1130 1553 1171 1589 ab

279 1604 465 1650 Evangelio
479 1629 489 1645 ,
516 1605 550 1638 &
573 1602 720 1638 fidelium
736 1603 890 1638 Colle-stae
903 1616 972 1638 non
992 1604 1092 1639 semel
1105 1605 1171 1638 lau-

279 1656 400 1690 dantur
422 1654 463 1687 ab
481 1653 646 1697 Apostolo
668 1654 793 1688 Paulo.
822 1655 952 1698 Nempe
966 1654 1022 1698 qui
1032 1654 1095 1697 juri
1111 1656 1170 1688 suo

278 1705 471 1740 renuntians
489 1728 500 1744 ‚
529 1704 630 1748 gratis
652 1704 738 1747 apud
765 1703 887 1737 multos
910 1702 1104 1747 praedicabat
1127 1705 1171 1737 E-

279 1755 472 1800 vangelium
492 1779 503 1795 ,
530 1764 709 1797 pauperum
729 1754 763 1787 &
784 1753 982 1788 afflictorum
1001 1753 1071 1797 jura
1094 1765 1171 1788 con-

277 1807 365 1839 stans
395 1803 631 1847 exsequebatur
653 1830 660 1837 .
700 1804 744 1837 Et
773 1802 905 1848 quidem
927 1805 967 1839 ad
1000 1804 1170 1839 Numidiae

281 1857 463 1899 Episcopos
484 1878 493 1892 ,
522 1855 585 1887 suis
606 1854 682 1888 filiis
702 1853 721 1888 ὲ
745 1852 886 1889 Barbara
913 1855 1102 1898 captivitate
1124 1866 1169 1888 re-

279 1906 443 1940 dimendIS
467 1904 604 1938 subsidia
630 1903 830 1948 postulantes
846 1929 856 1943 ,
884 1906 1040 1947 rescripfit
1053 1905 1170 1940 Africae

280 1956 409 1990 Primas
432 1955 567 1990 Sandius
588 1955 795 1998 Cyprianus:
823 1954 954 1998 Misimus
960 1954 1096 1998 sestertia
1106 1966 1168 1988 cen-

280 2017 346 2041 tum
371 2007 466 2039 millIa
490 2016 642 2049 nummum
661 2031 672 2046 ‚
708 2017 777 2048 quae
799 2005 859 2045 istic
881 2011 915 2039 in
937 2004 1063 2047 Ecclesia
1086 2007 1170 2038 Cleri

280 2058 315 2092 ό*
337 2058 444 2099 Populi
465 2058 615 2090 collatione
638 2056 754 2089 collella
772 2053 846 2098 sunt
870 2080 882 2096 ‚
919 2067 986 2099 quae
1020 2067 1075 2089 vos
1111 2056 1170 2088 illic

275 2117 334 2152 pro
361 2106 456 2146 vestra
475 2108 633 2150 diligentia
662 2103 872 2148 dispensabitis
894 2130 901 2136 .
938 2104 1043 2138 Addit
1074 2106 1105 2137 se
1128 2105 1169 2138 ad

279 2156 416 2192 eandem
435 2155 630 2189 charitatem
642 2154 741 2187 etiam
753 2154 906 2196 deinceps
917 2154 988 2187 fore
999 2161 1147 2196 paratum
1163 2178 1169 2186 .

281 2208 476 2241 Romanum
498 2205 556 2238 suo
574 2210 722 2247 tempore
743 2202 945 2246 Episcopum
967 2213 1007 2236 ex
1030 2201 1108 2237 solis
1134 2203 1168 2237 fi-

279 2257 406 2293 delium
428 2253 654 2289 oblationibus
677 2278 688 2294 ‚
720 2253 753 2286 ὅ(
776 2252 912 2297 quidem
939 2252 1103 2297 Regalem
1128 2252 1169 2286 ad

280 2318 428 2346 morem,
457 2305 571 2339 vixisse
592 2304 726 2339 testatur
748 2302 853 2337 homo
865 2302 1007 2336 Gentilis
1023 2302 1170 2337 Ammia-

283 2370 345 2393 nus
362 2356 598 2391 Marcellinus.
626 2354 732 2403 Qod
757 2352 872 2388 videns
894 2351 1168 2393 &Praetextatus,

282 2411 332 2443 vir
354 2407 568 2446 Consularis,
594 2406 754 2439 Romano
774 2404 876 2439 Clero
898 2401 1020 2438 solebat
1044 2403 1169 2437 dicere:

287 2464 392 2493 facite
413 2469 460 2491 me
480 2461 646 2490 Romanum
657 2454 866 2499 Episcopum,'
890 2456 925 2488 <it
945 2458 1087 2497 protinus
1095 2453 1170 2496 fiam

285 2508 473 2549 Christianus
493 2534 500 2540 .
541 2508 585 2541 Et
607 2505 648 2541 de
668 2507 782 2541 Sansto
813 2505 979 2540 Trudone
1005 2504 1170 2538 miraculis

285 2560 370 2604 apud
406 2570 466 2592 nos
505 2558 695 2592 coruscante
726 2556 838 2591 scribit
868 2566 1029 2601 magnum
1058 2554 1168 2600 Belgii

282 2610 500 2646 Chronicon:
528 2611 698 2652 Peregrinos
726 2608 923 2640 advenientes
947 2605 1170 2638 Sanc‘liTrudo·

288 2668 337 2696 nis
360 2661 514 2703 Oppidum
529 2659 615 2701 ferre
639 2670 698 2692 non
714 2666 836 2700 poterat
855 2682 863 2690 .
901 2657 1053 2690 Animalia
1073 2657 1172 2689 diver-

111 2725 171 2758 ἴοι.
204 2736 268 2757 μς,
279 2712 340 2756 sa,
374 2713 408 2746 (u
434 2708 591 2754 thesaurus
613 2709 751 2752 infinitus
775 2706 992 2750 offerebantur.
1018 2707 1174 2739 Interdum

246 2757 252 2762 ’
285 2770 319 2795 in
343 2762 529 2795 hebdomada
552 2767 667 2794 centum
699 2770 807 2793 marcae
830 2784 836 2790 .
873 2754 977 2803 Qod
1007 2756 1110 2799 ipsum
1137 2757 1173 2791 in

286 2811 521 2846 Trudonenfis
543 2810 737 2844 Monasterii
752 2807 928 2842 Chronico
940 2805 1050 2841 scribit
1061 2805 1174 2841 Abbas

286 2860 485 2903 Rudolphus
502 2885 509 2891 .
547 2860 657 2905 Belgii
691 2858 889 2893 Chronicon
911 2856 1003 2891 addit
1023 2856 1065 2890 de
1095 2857 1175 2891 Gre-

288 2912 384 2956 gorio
406 2911 496 2945 sexto
507 2910 674 2945 Pontifice
685 2923 696 2943 .-
723 2912 880 2953 Gregorius
892 2908 957 2940 cum
967 2907 1014 2939 ad
1023 2909 1175 2948 Papatum

294 2961 415 3005 veniffi’t
429 2984 440 3001 ‚
461 2962 572 3003 parum
596 2970 650 2994 aut
671 2959 748 2993 nihil
774 2959 818 2992 ad
836 2960 991 3000 Papatum
997 2961 1154 2998 pertinens
1166 2980 1175 2997 ,

286 3019 408 3055 propter
434 3013 577 3050 injuriam
600 3013 634 3047 (ι’
657 3013 865 3054 negligentiam
896 3006 1016 3051 suorum
1042 3006 1175 3050 Anteces-

287 3060 388 3106 sorum
399 3083 411 3099 ‚
436 3061 574 3102 inveniffe
596 3062 725 3094 dicitur.
755 3064 842 3092 Nam
857 3059 934 3100 pene*
950 3062 1048 3090 omnia
1060 3059 1080 3089 ἃ
1094 3060 1175 3092 Prae-

293 3111 417 3146 donibus
441 3109 616 3142 tollebantur
643 3134 650 3140 .
679 3113 834 3153 Peregrini
854 3112 980 3141 Romam
1001 3114 1174 3149 venientes,

118 3146 185 3179 3⁰¹·
213 3154 277 3177 ¹¹¹·
290 3159 379 3204 quast
395 3169 492 3194 omnes
510 3157 717 3202 spoliabantur
739 3184 750 3199 ‚
787 3161 821 3195 &⁹
840 3163 1076 3201 pervenientium
1097 3158 1175 3192 obla-

292 3216 380 3248 tiones
421 3211 566 3244 violenter
601 3208 829 3251 auferebantur.
855 3210 939 3252 ‚Quos
964 3219 1061 3242 omnes
1087 3212 1176 3252 Papa

293 3261 446 3295 admonuit
473 3261 572 3302 primo
594 3283 605 3299 ‚
639 3258 701 3300 post
729 3263 1026 3300 excommunicavit3
1065 3262 1175 3300 tertio,

294 3317 366 3354 quia
385 3308 613 3352 contempserunt
626 3333 636 3348 ‚
663 3319 784 3342 manum
795 3318 948 3343 armatam
958 3306 1090 3351 apposuit
1103 3335 1113 3350 ‚
1141 3312 1176 3344 <9¹

295 3370 430 3403 raptores
447 3360 623 3393 oblationum
645 3358 745 3391 Sanc‘li
758 3361 842 3392 Petri
862 3369 915 3392 aut
934 3360 1052 3400 penitus
1073 3359 1176 3401 exstin-

296 3418 367 3450 uit,
396 3418 448 3443 aut
458 3409 586 3454 fugavit
609 3433 615 3441 .
651 3409 738 3456 Qae
774 3409 887 3443 omnia
920 3408 983 3443 late
1002 3411 1175 3445 confirmat

299 3461 501 3498 Guilieimus
524 3458 839 3500 Malmesberienfis‚
871 3460 905 3496 ὃ(
926 3458 1094 3509 adjungit:
1127 3461 1176 3495 Su-

106 2379 136 2411 L.
152 2386 194 2412 27·
207 2379 264 2408 :25-

978 166 1371 214 sri'cuunl

1444 167 2011 219 P0Nr1'r1cis

1241 258 1297 295 per
1320 249 1385 295 ipsa
1405 259 1524 294 corpora
1545 251 1721 287 sanctorum
1744 252 1938 295 Apostolorum
1957 257 1994 289 <it
2024 257 2138 299 Marte?

1244 312 1311 334 rum
1345 326 1356 341 ‚
1379 300 1474 345 supra
1490 301 1579 345 sacra
1602 304 1720 336 Altaria
1737 304 1840 347 gladii
1860 306 2074 348 nudabantur,
2099 309 2135 343 (⁰5

1242 350 1398 385 oblationes
1420 353 1620 387 accedentium
1639 355 1769 388 vixdum
1792 353 1929 396 appofitae
1947 357 2136 393 demonibus·

1241 401 1492 444 abripiebantur,
1517 402 1653 445 abreptae
1672 410 1705 437 in
1725 407 1951 447 commeJJatores
1974 407 2009 441 Θ
2023 405 2133 449 [ωηο-
2147 410 2213 444 1⁷01.
2233 421 2282 450 ις.

1241 464 1308 485 rum
1328 451 1477 493 abusiones
1507 452 1765 497 consumebantur.
1797 453 1927 489 Peffimi
1949 453 2047 490 huius
2057 455 2134 493 abu·

1242 503 1293 536 sus
1322 503 1506 546 superstites
1525 503 1632 540 adhuc
1654 504 1805 547 reliquias
1816 503 1980 540 eradicare
1990 515 2133 543 conatur

1241 552 1405 588 Nicolaus
1426 555 1588 589 secundus
1600 580 1607 587 .

1293 601 1454 638 Attamen
1476 616 1547 638 non
1568 605 1663 649 plene
1684 603 1882 641 eradicavit.
1909 607 2017 641 Lucet
2032 618 2076 642 ex
2094 606 2133 642 il-

1242 653 1279 687 lis
1304 664 1373 698 quae
1398 654 1440 689 de
1466 655 1602 690 Calixto
1623 655 1767 690 secundo
1798 655 1908 690 scribit
1939 657 2028 692 idern
2056 657 2134 692 Mo-

1241 703 1365 739 nachus
1387 704 1702 740 Malmesberienfis:
1732 707 1860 747 Proceffit
1882 706 2005 740 ulterius
2029 713 2063 740 in
2080 718 2133 740 au-

1235 755 1332 798 gendo
1354 755 1425 788 bono
1445 756 1608 790 laudabilis
1628 759 1723 799 Papae
1735 756 1978 801 magnificentia,
2004 764 2037 789 ut
2046 758 2134 792 illam

1240 804 1391 846 effraenem
1412 808 1446 840 ζ’]
1458 811 1621 850 ingenitam
1633 811 1834 840 Romanorum
1845 808 2045 849 cupiditatem
2055 806 2134 841 cohi-

1240 855 1338 890 beret.
1367 855 1536 890 Oblationes
1557 859 1641 899 apud
1651 858 1793 890 sannam
1806 860 1950 897 Petrum,
1978 869 2054 900 quas
2073 866 2135 900 pro

1236 906 1407 947 petulantia
1430 909 1464 941 ὠ·
1485 907 1610 941 libidine
1632 916 1769 951 potentes
1793 907 1980 950 diripiebant
2001 932 2013 948 ‚
2050 916 2137 942 ante·

1239 962 1328 991 riores
1353 956 1543 999 Apostolicos,
1570 963 1620 1001 qui
1636 961 1696 993 ¹‘nel
1716 964 1827 992 mutire
1849 959 1992 992 auderent
2016 982 2026 998 ,
2054 959 2135 992 indi-

1234 1013 1304 1050 gnis
1328 1008 1486 1050 afficientes
1511 1011 1697 1043 contumeliis
1710 1034 1720 1049 ,
1756 1010 1897 1042 Calixtus
1913 1013 2069 1042 revocavit
2089 1009 2137 1042 ad
2147 1026 2210 1059 301·
2243 1030 2312 1064 159‘

1237 1058 1366 1092 medium
1378 1083 1388 1099 ‚
1411 1057 1522 1102 scilicet
1542 1062 1590 1093 ad
1615 1060 1779 1102 Apostolicae
1790 1061 1875 1092 Sedis
1891 1059 2135 1101 Reeiorispubli-

1236 1118 1299 1142 cum
1320 1108 1404 1153 usum
1430 1136 1436 1142 .
1465 1108 1544 1152 Ejus
1570 1110 1690 1144 Canon
1719 1111 1824 1144 exstat
1850 1111 1885 1144 in
1921 1109 2133 1144 Lateranenfi

1238 1159 1376 1200 Synodo
1399 1172 1406 1191 ε
1446 1160 1619 1194 Sanc‘iorum
1660 1163 1787 1194 Patrum
1808 1160 1983 1194 Canonibus
2011 1158 2133 1203 confima

1231 1207 1417 1252 sentientes,
1444 1211 1604 1245 oblationes
1618 1210 1851 1255 desacratiffimo
1871 1213 1905 1245 (tt
1930 1210 2136 1249 reverendiffi·

1236 1271 1282 1292 mo
1304 1262 1404 1294 Altari
1425 1261 1503 1294 beati
1527 1265 1633 1303 Petri,
1662 1263 1697 1296 (ν’
1719 1262 1893 1294 salvatoris
1917 1285 1926 1300 ‚
1954 1261 1989 1293 (a
2014 1259 2134 1293 Santra

1236 1313 1349 1343 Μανία
1373 1313 1521 1344 Rotundae
1534 1337 1545 1352 ,
1570 1323 1606 1346 ae
1627 1314 1664 1345 de
1689 1312 1760 1345 aliis
1786 1317 1916 1343 omnium
1936 1308 2135 1351 Ecclefiarum

1238 1360 1414 1400 altaribus,
1434 1359 1499 1400 sive
1520 1361 1676 1398 metibus,
1703 1363 1724 1392 ἰι
1751 1365 1854 1393 Laicis
1875 1359 1990 1401 auferri
2009 1360 2132 1402 penitus
2150 1373 2186 1404 c,
2215 1385 2258 1410 14·

1234 1411 1464 1443 interdicimus.
1493 1408 1614 1453 Neque
1640 1409 1770 1444 tantum
1796 1410 1830 1442 in
1856 1409 1934 1442 urbe
1954 1420 1993 1442 ac
2016 1408 2135 1450 Italia,

1235 1458 1287 1492 sed
1317 1459 1417 1492 etiam
1441 1459 1475 1491 in
1510 1459 1621 1493 Gallia
1642 1459 1820 1502 grassatum
1857 1459 1950 1493 fuisse
1971 1459 2132 1502 abusum,

1232 1506 1333 1540 docet
1360 1507 1479 1540 Canon
1494 1531 1504 1547 ‚
1533 1518 1630 1550 quem
1656 1506 1882 1541 Theoduinus
1902 1508 1937 1540 &
1951 1506 2131 1549 Albertus‚

1232 1555 1414 1590 Alexandri
1438 1557 1526 1590 tertii
1550 1567 1604 1600 per
1626 1557 1771 1590 Galliam
1794 1556 1987 1591 Cardinales
2027 1557 2132 1603 Lega-

1232 1606 1257 1639 ti
1278 1631 1289 1646 ,
1312 1605 1486 1640 ediderunt
1511 1608 1545 1640 in
1571 1605 1831 1651 Rothomagensi
1848 1607 1987 1650 Synodo
2003 1633 2012 1642 .
2043 1612 2131 1642 Laici

1227 1664 1350 1698 partem
1371 1658 1551 1690 oblationum
1572 1663 1604 1690 in
1618 1657 1744 1699 Ecclesia
1755 1669 1813 1691 non
1821 1663 2012 1700 percipiant.
2041 1659 2131 1693 Eum

1232 1705 1368 1739 laudant
1389 1706 1543 1750 Rogerus
1566 1707 1791 1748 Hovedensis,
1817 1709 2006 1751 &Ioannes
2020 1708 2135 1743 Brom-

1233 1764 1369 1797 ptouus.
1399 1755 1456 1789 Est
1476 1757 1632 1800 antiquus
1653 1757 1791 1802 abusus,
1817 1757 1969 1791 adversus
1987 1758 2132 1799 quernin

1233 1804 1324 1839 libris
1350 1805 1391 1839 de
1418 1806 1544 1841 Laicali
1585 1805 1796 1841 institutione
1833 1806 1996 1841 declamat
2031 1807 2133 1843 etiam

2151 1640 2211 1673 Fol-
2243 1650 2276 1678 53
2284 1650 2310 1680 r,

1231 1855 1330 1898 Jonas
1354 1855 1536 1900 Episcopus
1557 1856 1803 1891 Aurelianensis
1824 1868 1832 1888 t
1872 1861 1945 1890 Non
1969 1858 2013 1890 ad
2032 1859 2133 1891 Laico·

1230 1916 1297 1938 rum
1308 1929 1319 1947 ‚
1343 1904 1404 1948 fid
1425 1908 1469 1939 ad
1481 1907 1656 1950 Pontificum
1666 1907 1863 1947 Ministerium
1870 1913 2006 1948 pertinet
2023 1932 2034 1947 ‚
2059 1918 2135 1951 qua-

1230 1956 1301 1988 liter
1322 1954 1483 1990 oblationes
1507 1959 1541 1990 <⁶5
1564 1961 1694 1991 Decimae
1711 1956 1847 1999 fidelium
1870 1960 1930 1989 Deo
1946 1957 2055 1990 oblatae
2071 1956 2133 2000 dis-

1228 2003 1424 2049 pensentur,
1451 2008 1604 2040 ordinare.
1638 2005 1813 2048 Pontificum
1832 2005 1910 2049 sant?
1932 2006 2131 2046 Ministertum

1230 2055 1268 2096 est
1279 2079 1291 2095 ,
1318 2065 1464 2099 quantum
1489 2069 1527 2090 ex
1547 2055 1656 2099 eisdem
1675 2057 1811 2099 fidelium
1824 2057 2024 2090 oblationibus
2038 2057 2131 2099 infa-

1232 2106 1322 2138 bricis
1346 2108 1515 2148 applicetur
1537 2106 1672 2148 Ecclefiae
1684 2131 1695 2148 ‚
1723 2113 1914 2150 quantumin
1928 2107 2130 2141 luminaribus
2149 2105 2180 2135 1--
2193 2113 2219 2135 2·
2237 2113 2262 2135 c·
2275 2114 2305 2140 9·

1231 2156 1449 2187 concinnandis
1463 2179 1474 2194 ,
1501 2165 1651 2198 quantum
1676 2161 1708 2190 in
1732 2151 1894 2199 hospitibus
1906 2158 2075 2200 colligendis
2093 2159 2130 2193 (9

1228 2203 1414 2246 pauperibus
1440 2206 1617 2239 recreandis
1631 2228 1641 2244 ,
1667 2215 1872 2248 quantumque
1894 2211 1927 2239 in
1947 2206 2131 2244 Presbytero-

1232 2265 1319 2293 rum,
1345 2265 1500 2296 eorumque
1524 2260 1578 2296 qui
1594 2253 1694 2297 secum
1715 2257 1858 2289 militiam
1873 2255 2102 2299 Christigerunt
2115 2281 2129 2300 ,

1233 2301 1451 2344 neceffltatibus
1472 2302 1672 2346 sublevandis
1710 2304 1883 2346 expensetur
1906 2329 1917 2345 ,
1953 2304 2124 2347 disponere.

1232 2357 1307 2385 Non
1329 2355 1485 2387 Laicorum
1501 2377 1512 2394 ‚
1537 2360 1571 2386 ut
1593 2358 1625 2386 in
1644 2351 1710 2393 suos
1729 2351 1906 2396 ficorumqne
1916 2365 1954 2387 ex
1979 2353 2029 2387 bis
2039 2357 2128 2398 quid-

1233 2415 1324 2445 quam
1341 2412 1547 2446 retorqueatur
1558 2401 1628 2446 usus
1639 2428 1650 2443 ,
1676 2409 1791 2446 exigere
1804 2429 1811 2435 .
1841 2409 1901 2438 Hoc
1912 2417 2040 2448 namque
2052 2418 2130 2440 ava·

1232 2459 1312 2486 ritiae
1331 2465 1427 2497 genus
1454 2460 1487 2486 in
1511 2462 1631 2487 tantum
1645 2452 1787 2496 quosdam
1799 2454 1987 2497 obligaverat
1998 2459 2104 2489 Laicos
2116 2481 2128 2498 ,

1232 2511 1264 2536 ut
1290 2503 1368 2537 hocce
1383 2503 1463 2546 juste*
1487 2505 1522 2538 ὦ·
1543 2504 1763 2537 rationabiliter
1783 2529 1795 2545 ‚
1821 2507 1881 2537 imo
1905 2506 2128 2546 inculpabiliter

1228 2551 1340 2597 sellari
1359 2555 1438 2597 posse
1465 2561 1613 2596 putarent
1634 2578 1645 2595 ,
1673 2555 1762 2586 donec
1780 2553 1926 2597 gloriosus
1945 2554 2126 2590 orthodoxus

1234 2607 1379 2637 Dominus
1404 2605 1577 2639 Ludovicus
1599 2607 1764 2645 Imperator
1782 2609 1862 2636 inter
1884 2613 1993 2638 caetera
2026 2612 2127 2647 pieta·

1233 2658 1273 2687 tis
1289 2653 1356 2698 suae
1378 2653 1515 2697 beneficia
1527 2680 1537 2695 ‚
1564 2665 1632 2697 quae
1642 2654 1758 2686 santia
1768 2656 1889 2687 contulit
1902 2654 2061 2697 Ecclest‘ae,
2086 2656 2127 2690 ab

1233 2703 1285 2738 hoc
1307 2715 1419 2748 quoque
1441 2716 1509 2740 eam
1528 2711 1686 2737 immunem
1710 2702 1852 2743 effecerit.
1883 2705 1989 2750 Igitur
2012 2703 2126 2741 &haec

1236 2754 1395 2789 violentia
1418 2755 1482 2789 fuit
1506 2755 1524 2789 a
1548 2754 1672 2789 Carolo
1695 2754 1874 2789 Martello.
1904 2754 2126 2791 ALudovico

1236 2805 1299 2839 Pio
1327 2804 1487 2840 exstinc’ta
1513 2806 1628 2838 revixit
1655 2804 1726 2847 post
1754 2804 1899 2840 deletum
1926 2806 2039 2840 Caroli
2052 2806 2127 2840 Ma-

1234 2855 1295 2900 gni
1319 2865 1444 2900 genus,
1470 2854 1609 2898 ideoque
1636 2865 1691 2898 per
1716 2855 2008 2898 praesentis‘saeculi
2037 2855 2127 2891 Pon·

1234 2905 1337 2941 tifices
1363 2904 1477 2941 debuit
1502 2906 1605 2939 rursus
1629 2906 1833 2949 expugnari.

1284 2956 1396 2990 Etiam
1417 2967 1476 3000 pro
1501 2955 1663 2991 defunffis
1688 2955 1874 2990 oblationes
1884 2955 2056 3000 effelonge
2068 2968 2124 2992 an-

1234 3006 1426 3051 tiquissimas
1448 3006 1586 3041 affirmat
1611 3005 1644 3039 in
1667 3003 1751 3040 libro
1773 3004 1814 3039 de
1835 3006 1969 3042 Corona
1999 3006 2124 3041 Militis

1234 3056 1481 3091 Tertullianus.
1510 3056 1554 3089 Et
1565 3055 1695 3089 inlibro
1706 3054 1747 3090 ad
1770 3055 1950 3091 castitatem
1974 3054 2125 3091 exhorta-

1234 3107 1321 3141 torio
1340 3107 1422 3142 dicit
1441 3106 1481 3140 ad
1504 3105 1641 3139 viduum
1667 3107 1821 3139 maritum
1834 3120 1845 3140 .·
1873 3109 1935 3140 Pro
1945 3117 2035 3140 uxore
2046 3106 2125 3140 obla·
2142 3099 2179 3128 C·
2201 3101 2249 3130 ¹¹3

1234 3162 1328 3192 tiones
1350 3168 1473 3191 annuas
1502 3157 1606 3189 reddis
1622 3181 1629 3189 .
1659 3156 1702 3190 Et
1724 3157 1759 3190 in
1784 3156 1870 3191 libro
1892 3155 1933 3190 de
1956 3155 2127 3201 Monoga-

1233 3208 1321 3244 mia:
1350 3207 1449 3252 offers
1470 3212 1582 3239 annuis
1607 3206 1713 3240 diebus
1726 3208 1909 3240 dormitionis
1920 3206 1988 3247 ejus
2003 3230 2010 3238 .
2039 3206 2126 3255 Qae
2145 3215 2179 3245 c.
2203 3225 2249 3246 ιο,

1235 3258 1275 3293 de
1294 3257 1367 3292 solo
1391 3268 1474 3301 pane
1496 3257 1529 3291 δε
1543 3258 1622 3290 vino
1646 3256 1686 3291 ad
1697 3255 1925 3291 celebrandum
1941 3266 1999 3298 pro
2010 3255 2126 3291 defun-

1236 3311 1287 3345 ἂο
1307 3307 1501 3342 sacrificium
1525 3306 1644 3341 oblatis
1667 3317 1791 3343 certum
1819 3306 1863 3339 est
1887 3316 1956 3340 non
1969 3306 2032 3340 esse
2043 3306 2128 3341 acci-

1237 3358 1372 3403 pienda.
1399 3357 1568 3409 Qinimo
1590 3357 1723 3402 quidam
1751 3356 1866 3390 volunt
1888 3355 1929 3389 de
1962 3355 2035 3402 ipsis
2054 3368 2126 3391 non

1238 3410 1324 3454 posse
1350 3408 1455 3452 accipi
1480 3433 1486 3438 .
1527 3407 1663 3442 Etenim
1692 3408 1726 3441 in
1761 3405 1990 3440 defunctorum
2018 3406 2126 3441 Miffis

1241 3469 1417 3506 numquam
1440 3458 1458 3493 ὲ
1480 3457 1604 3506 populo
1623 3458 1685 3493 fuit
1704 3460 1985 3495 communicatum
1999 3480 2009 3498 ,
2036 3456 2129 3492 ideo-

2011 3517 2077 3553 qu·

2141 2985 2176 3015 C.
2199 2992 2226 3021 3.

2152 1684 2287 1716 A.1171.
2342 1696 2350 1698 <
