2366 3756
83 1068 167 1102 rom.
187 1075 215 1101 6.

517 142 1044 187 CONCILIUM

249 225 377 263 relidam
402 224 608 260 hareditatem
631 223 797 267 indivisam
815 223 1003 264 pffderent.
1031 222 1123 269 Quin

247 279 281 311 ἀ
302 276 415 311 eadem
438 274 593 310 violentia
615 275 763 309 utebatur
788 272 901 306 Abbas
912 271 1123 306 Lobbienfis.

249 327 354 361 Lucet
381 337 421 360 ex
456 324 608 360 Fulcatdi
644 323 785 357 Abbatis
821 320 907 365 apud
942 322 1125 356 Henricum

248 387 400 420 quartum
425 376 653 420 Imperatorem
679 372 719 406 de
744 370 1125 407 suiCoenobiiAdvoca-

248 427 306 465 tis,
330 425 364 459 &
390 426 532 469 ipsorum
559 424 591 456 in
618 420 700 456 illud
725 433 762 455 ac
787 422 854 464 ejus
882 420 1025 455 subditos
1060 421 1126 455 vio-

249 476 361 511 lentiis
388 472 588 519 querimonia
601 485 612 505 .·
637 476 674 505 In
693 481 808 505 mortua
834 483 926 505 manu
946 471 1023 504 nihil
1041 471 1126 505 debet

251 526 358 560 babere
383 527 569 563 naimarus,
595 519 649 562 nifi
669 521 801 562 Minister
827 522 936 554 Abbati
945 522 1127 555 declamave-

250 582 293 610 rit
308 577 487 618 exputatum,
513 574 547 606 ό*
560 570 618 615 ipse
630 571 796 605 advocatus
817 578 844 604 ei
858 574 1015 604 redemerit
1034 596 1041 603 .
1068 575 1126 603 Mo-

251 628 289 662 d«)
309 624 467 668 aIIquaendo
490 627 611 656 tertiam
631 630 773 663 partem,
800 622 834 655 (9
863 623 1022 663 aliquando
1047 628 1124 654 totas

251 685 312 709 tres
333 682 438 716 partes
463 674 634 714 deripiendo
647 670 703 713 fibi
725 672 875 705 vindicat.
902 671 1060 720 Qeritur
1070 671 1129 704 cir-

250 736 288 759 ca
310 724 368 758 fibi
390 733 578 766 competens
597 731 732 756 mortuae
751 733 867 755 manus
891 721 940 764 jus
967 720 1008 755 ab
1021 720 1133 754 Advo-

251 785 326 810 cato
352 771 501 817 praetendi
529 772 656 806 tertiam
683 781 804 815 partem
822 795 832 811 ‚
855 770 923 804 imo
934 770 1132 815 quandoque

252 835 360 858 totum
386 822 482 865 diripi
509 832 546 856 ac
571 821 700 855 invadi.
727 820 841 855 Exstat
863 821 994 865 querula
1009 819 1133 863 Episto-

252 874 282 907 la
308 872 391 916 apud
419 872 544 905 Lucam
571 869 769 905 Dacherium
796 871 829 904 in
858 870 1081 915 supplemento
1092 869 1133 904 ad

252 922 328 957 disti
354 921 544 956 Monasterii
572 919 766 955 Chronicon
788 945 799 962 ‚
824 922 975 964 scriptum
1002 919 1042 954 ab
1069 919 1134 953 Ab·

253 973 328 1007 bate
353 972 537 1014 Folquino.
566 971 680 1006 Exstat
705 971 738 1004 &
764 971 920 1013 Diploma
944 994 955 1010 ‚
983 981 1048 1012 quo
1073 970 1136 1003 lm-

253 1031 380 1067 perator
389 1022 552 1055 Henricus
564 1020 816 1056 Advocatorunr
823 1021 1029 1063 rapacitatem
1047 1031 1134 1053 com·

253 1071 393 1116 pescuit,
420 1070 610 1106 &Abbates
633 1070 667 1104 in
694 1071 785 1105 avito
800 1080 937 1113 mortuae
963 1069 1134 1112 manusju-

254 1134 286 1157 re
311 1121 538 1156 confirmavit.

304 1171 450 1211 Eorum,
476 1172 532 1214 qui
558 1170 698 1206 intestati
726 1169 834 1204 nullos
859 1170 1046 1215 relinquunt
1058 1181 1132 1203 con-

255 1221 451 1266 sanguineos
467 1245 478 1261 ,
505 1220 613 1262 bona,
638 1221 789 1256 omnium
800 1219 866 1254 fere
876 1221 1027 1265 gentium
1044 1219 1133 1263 jure,

256 1271 377 1314 semper
395 1272 575 1314 spectarunt
594 1271 634 1305 ad
660 1270 848 1314 Principem
871 1295 878 1302 .
917 1271 961 1304 Et
996 1269 1133 1304 merito.

255 1319 401 1366 Qdam
422 1320 591 1365 Principes
612 1321 788 1355 noluerunt
810 1321 856 1354 eis
876 1321 938 1354 effe
948 1319 1133 1355 facultatem

256 1369 410 1405 testandi·
439 1370 612 1413 Ejusmodi
632 1370 823 1405 testamenta
835 1371 1008 1403 censebant
1033 1369 1134 1402 condi

258 1420 292 1453 in
319 1421 367 1452 sui
394 1419 540 1452 fraudem
566 1420 600 1453 &
626 1418 794 1460 injuriam.
821 1418 969 1464 Qidam
996 1417 1053 1451 ista
1079 1417 1136 1451 bo-

257 1480 300 1502 na
325 1467 496 1502 tradebant
522 1468 691 1509 Episcopis
713 1491 726 1507 ,
751 1466 974 1499 distribuenda
1000 1467 1033 1498 in
1062 1478 1138 1507 pau-

256 1526 362 1560 peres·
390 1514 571 1548 Christiani
595 1513 766 1555 Principes
791 1511 844 1546 his
869 1523 1033 1553 aequarunt
1049 1513 1159 1560 bona!
1198 1510 1382 1553 usurarium,
1406 1515 1459 1551 qui
1474 1515 1676 1550 penitentes,
1694 1511 1809 1549 judicio
1821 1511 2091 1554 Ecclefiaesatisfa-
2106 1516 2145 1546 L.
2172 1527 2207 1546 2·
2232 1516 2266 1544 Ε-

255 1564 407 1606 acquifita
435 1574 490 1606 per
510 1562 633 1596 usuras.
660 1562 742 1596 Haec
752 1563 842 1595 enim
856 1560 1052 1595 restitutioni
1065 1562 1137 1594 sunt
1199 1560 1291 1592 “lione
1309 1558 1480 1601 praemiffa,
1506 1564 1592 1591 viam
1610 1557 1684 1600 sient
1702 1557 1849 1601 universae
1863 1567 1964 1593 carnis
1979 1561 2092 1605 ingres·
2106 1555 2170 1594 Pist·
2196 1565 2207 1586 1
2220 1563 2265 1591 31·

253 1612 399 1649 obnoxia
422 1636 433 1652 ,
472 1611 612 1655 ideoque
644 1610 722 1645 dum
744 1611 796 1644 isti
822 1610 938 1654 quibus
960 1610 1139 1650 debentur,

253 1674 311 1699 aut
330 1662 474 1697 defuncti
495 1662 569 1695 sunt
588 1670 645 1695 aut
662 1660 792 1705 ignoti,
816 1662 878 1695 effe
899 1659 933 1693 in
949 1661 1015 1703 pias
1029 1661 1140 1694 Eccle-

253 1716 302 1749 13ae
322 1714 430 1748 causas
452 1721 508 1746 aut
530 1711 566 1745 in
589 1710 734 1755 publicas
748 1711 858 1754 populi
872 1711 1069 1745 neceffitates
1083 1711 1138 1743 im-

254 1761 445 1809 pendenda,
470 1763 506 1796 in
526 1761 686 1805 opusculo
708 1759 748 1795 ad
768 1759 952 1795 Brabantiae
971 1759 1139 1795 Duciffam

255 1812 338 1848 reste
358 1813 455 1847 tradit
476 1811 811 1856 DoctorAngelicus.
838 1811 930 1845 Hinc
957 1810 1036 1843 varii
1049 1810 1140 1844 Prin-

257 1864 344 1907 cipes
364 1863 422 1897 ista
444 1861 531 1896 bona
554 1862 588 1895 in
611 1861 844 1895 suumFiscum
858 1860 1139 1903 transcripserunt.

259 1914 303 1947 Et
324 1923 399 1946 ecce
422 1910 501 1946 hinc
520 1909 637 1946 iterum
659 1911 772 1946 abusus
795 1936 802 1943 .
842 1911 973 1945 Etenim
991 1911 1075 1945 inter
1097 1921 1141 1944 re·

257 1961 463 1998 formationis
488 1961 642 1996 articulos
664 1986 675 2002 ,
715 1972 798 2005 quos
829 1959 998 1995 Richardo
1034 1961 1141 2004 primo

257 2012 447 2057 Anglorum
472 2011 559 2056 Regi
585 2011 716 2046 extorfit
741 2010 941 2045 Guilielmus
960 2009 1142 2045 Rothoma-

257 2063 360 2108 geniis
388 2058 680 2106 Archiepiscopus,
706 2063 835 2095 fuerunt
861 2061 894 2094 &
915 2059 971 2094 hi.-
999 2065 1044 2094 De
1058 2061 1141 2093 bonis

258 2114 454 2151 clericorum,
487 2110 541 2154 etfi
555 2113 692 2145 dicantur
703 2111 793 2154 fuiffe
810 2109 937 2154 usurarii
958 2135 968 2151 ‚
1006 2112 1058 2143 vel
1076 2121 1142 2152 quo·

258 2173 376 2203 cumque
391 2172 499 2204 genere
517 2168 622 2195 mortis
644 2166 820 2204 praeventi,
846 2159 923 2192 nibil
942 2165 1073 2199 pertinet
1098 2161 1143 2190 ad

255 2211 427 2254 saecularem
441 2210 612 2250 potestatem
635 2233 647 2248 ,
679 2209 738 2250 sed
768 2206 944 2249 Episcopalt
969 2206 1142 2238 auctoritate

261 2266 294 2292 in
316 2263 386 2300 pias
404 2256 506 2300 causas
526 2257 753 2298 distribuentur.
780 2260 857 2288 Item
881 2255 1030 2296 quidquid
1053 2258 1141 2287 Laict

261 2314 294 2341 in
313 2312 383 2340 vita
398 2304 454 2348 sua
477 2308 682 2345 donaverint,
707 2305 760 2337 vel
779 2313 954 2345 quocumque
978 2304 1063 2336 titulo
1082 2301 1141 2345 dfe

260 2358 476 2394 alienaverint,
502 2353 558 2395 etfi
569 2352 698 2397 usurarii
711 2352 801 2395 fuisse
812 2352 972 2393 dicantur,
994 2352 1057 2394 post
1068 2364 1141 2386 mor·

260 2415 321 2441 tem
346 2416 402 2438 non
423 2403 623 2438 revocabitur.
651 2405 730 2446 ,Quae
755 2404 826 2436 vera
848 2401 912 2444 post
936 2412 1055 2435 mortem
1082 2414 1140 2436 non

261 2457 395 2490 alienata
419 2458 610 2487 invenientur
630 2477 642 2493 ‚
670 2452 701 2495 fi
731 2456 907 2496 recognitum
935 2452 1032 2494 fuerit
1063 2451 1139 2496 ipsias

262 2512 390 2546 tempore
421 2508 526 2536 mortu
552 2503 640 2546 faisse
670 2500 813 2546 usurarios
836 2526 847 2542 ‚
882 2500 1107 2544 confisi-abuntur
1132 2527 1137 2534 .

263 2559 338 2588 Item
349 2551 378 2594 fi
397 2562 526 2586 mortius:
551 2552 688 2586 babuerit
712 2552 835 2594 aliquod
868 2552 995 2586 vadium
1017 2576 1027 2592 ‚
1062 2554 1139 2586 unde

260 2602 370 2648 sortem
392 2601 480 2647 suam
498 2609 660 2645 perceperit
682 2626 692 2642 ,
723 2608 820 2645 portio
850 2600 935 2643 ipfius
970 2601 1063 2635 libera
1097 2604 1141 2635 ad

265 2666 331 2688 eum
355 2658 406 2697 qui
431 2654 608 2688 invadiavit
623 2679 635 2695 ‚
660 2654 712 2687 vel
735 2653 780 2687 ad
805 2650 937 2687 baeredes
948 2651 1035 2696 ipsius
1045 2663 1143 2687 rever·

282 2778 389 2786 ⁴0——

605 2859 1089 2945 CAN

1115 135 1754 183 THOLosANuM.

1185 232 1262 255 tetur
1285 247 1291 254 .
1328 223 1409 255 Idem
1433 222 1483 264 fiet
1504 223 1541 255 de
1557 222 1737 264 portionibus
1758 226 1856 256 uxoris
1876 224 1911 256 Θ
1933 221 2058 263 filiorum

1184 275 1244 312 ejus
1260 272 1323 314 post
1343 282 1464 306 mortem
1484 270 1626 315 ipfhrum.
1655 271 1865 307 Normandiae
1892 271 1968 317 ergo
1980 272 2061 305 Dux

1186 322 1268 356 varie
1291 321 1486 355 excedebat.
1513 320 1625 355 Primo
1646 322 1743 355 etiam
1764 322 1968 356 Clericorum
1990 323 2062 355 usu-

1186 372 1340 405 rariorum
1361 370 1535 403 invadebat
1562 371 1649 405 bona
1672 395 1684 411 ,
1709 369 1796 414 quod
1817 371 1922 405 lucide
1946 373 2062 414 spestat

1186 420 1226 454 ad
1251 421 1445 463 Episcopus.
1473 418 1648 458 Secundo,
1673 422 1770 454 etiam
1798 420 1884 455 bona
1903 432 1971 463 quae
1993 422 2063 455 usu-

1187 470 1284 504 rarius
1311 469 1344 502 in
1373 469 1438 502 vita
1466 468 1604 502 donarat
1623 477 1679 500 aut
1704 470 1912 510 vendiderat,
1938 481 2066 503 revoca-

1187 521 1240 554 bat
1259 519 1299 552 ad
1318 520 1446 552 Fiscum
1463 542 1473 558 ‚
1508 526 1602 560 atque
1630 515 1674 549 ita
1695 515 1786 550 bonae
1808 519 1882 552 fidei
1904 529 2066 563 emptores

1186 568 1296 613 inique
1318 568 1493 612 spoliabat.
1521 566 1662 606 Tertio,
1695 566 1781 609 apud
1819 568 1998 603 usurarium
2022 581 2069 604 re-

1191 628 1275 663 perta
1294 618 1430 652 mobilia
1452 618 1587 662 pignora
1606 626 1662 649 aut
1683 616 1869 651 immobiles
1891 617 1989 651 etiam
2011 616 2071 662 hy-

1190 668 1344 713 pothecas
1375 668 1533 711 rapiebat.
1562 667 1644 700 Item
1666 666 1776 700 uxoris
1797 666 1909 701 dotem
1935 690 1946 706 ‚
1978 667 2011 700 &
2029 668 2070 702 le-

1191 720 1309 764 gitima
1335 717 1421 751 bona
1447 719 1591 751 filiorum
1615 741 1621 767 :
1662 715 1717 750 Ad
1741 716 1805 750 haec
1835 716 1946 750 omnia
1964 728 2072 751 emen-

1191 769 1296 802 danda
1331 767 1532 802 Richardum
1574 765 1771 799 Guilielmus
1804 767 1914 811 coegit
1935 792 1942 799 .
1988 767 2072 801 Asta

1191 818 1318 853 exstant
1340 818 1422 861 apud
1445 815 1658 860 Radulphurn
1679 815 1720 849 de
1742 815 1864 850 Diceto
1886 841 1896 855 ‚
1934 819 1967 851 ὅ(
1988 816 2073 860 apud

1190 867 1383 903 Matthaeum
1404 867 1611 901 Parifienfem
1633 892 1639 899 .
1679 866 1788 899 Etiam
1821 866 1860 901 ad
1883 864 2074 909 Philippum

1193 918 1379 963 Augustum
1402 942 1412 957 ,
1440 919 1556 951 invasae
1578 916 1792 951 Normandiae
1826 926 1905 950 tunc
1928 917 2075 959 poffeffo-

1192 981 1259 1002 rem
1284 993 1293 1008 ‚
1321 967 1440 1011 scripsit
1467 968 1679 1001 Innocentius
1700 967 1812 1000 tertius
1833 980 1839 998 :
1880 967 1929 998 Ad
1951 965 2075 1006 nostram

1193 1024 1310 1051 noveris
1332 1020 1515 1051 audientiam
1528 1043 1539 1058 ,
1564 1017 1711 1059 referente
1738 1016 1908 1050 Venerabili
1911 1016 2016 1058 fratre
2029 1028 2076 1049 no·

1189 1068 1248 1109 stro
1279 1067 1503 1112 Rotbomagenfi
1534 1065 1750 1110 Archiepiscopo
1770 1067 1932 1110 pervenzffe
1949 1091 1959 1107 ‚
1997 1067 2079 1110 quod

1187 1120 1216 1161 J
1220 1119 1357 1160 ustitiarii
1379 1125 1425 1151 tui
1446 1126 1503 1159 per
1526 1119 1749 1150 Normandiam
1768 1117 1911 1157 constituti
1924 1142 1934 1157 ,
1961 1119 1995 1151 (9*
2015 1121 2077 1159 qui-

1195 1171 1266 1202 dam
1290 1170 1342 1201 alit·
1362 1173 1462 1212 Regiae
1503 1169 1609 1200 ditioni
1629 1166 1757 1210 subjecit
1777 1193 1788 1207 ,
1809 1167 2011 1209 postponentes
2030 1174 2081 1207 pe·

1196 1224 1276 1252 nitus
1298 1219 1391 1252 zelum
1416 1220 1470 1250 Dei
1494 1242 1504 1257 ,
1535 1218 1728 1259 praepediunt
1763 1220 1865 1249 Laicos
1904 1217 2083 1259 aegritudine

1195 1269 1362 1302 laborantes
1383 1292 1394 1307 ‚
1423 1279 1459 1300 ne
1491 1268 1528 1301 de
1550 1272 1639 1300 terris
1662 1293 1672 1308 ‚
1701 1267 1755 1300 vel
1770 1264 1836 1309 suis
1855 1263 2084 1300 baereditatt'bus

1196 1320 1314 1362 aliquid
1335 1323 1366 1350 in
1386 1315 1583 1360 eleemosynam
1606 1318 1691 1350 alicui
1711 1316 1881 1360 largiantur
1903 1340 1914 1356 ‚
1945 1315 2008 1357 five
2027 1324 2085 1358 pro

1193 1367 1315 1410 suarum
1339 1375 1509 1399 animarum
1538 1366 1633 1408 fiilute
1660 1366 1824 1408 secundam
1859 1365 2087 1407 Ecclefiasttcam

1192 1415 1372 1459 sandionem
1385 1439 1394 1454 ‚
1419 1416 1474 1447 vel
1488 1416 1619 1447 condant
1647 1413 1854 1454 testamentum
1874 1416 1984 1448 exinde
1996 1420 2031 1447 in
2044 1416 2090 1448 ul·-

1199 1472 1276 1497 rima
1295 1466 1454 1496 voluntate
1468 1486 1475 1493 .
1500 1467 1687 1502 Imponentes
1709 1464 1774 1495 illis
1783 1463 1845 1503 post
1856 1463 1968 1496 obitum
1979 1470 2089 1498 crimen

1192 1607 1222 1650 fi
1231 1633 1241 1649 ‚
1266 1617 1299 1642 ut
1318 1615 1471 1650 praetextu
1490 1613 1619 1641 criminis
1635 1607 1792 1651 usurarum
1804 1610 2005 1644 decedentium
2014 1611 2091 1645 bona

1202 1656 1286 1701 Fisco
1309 1662 1399 1702 Regio
1419 1663 1451 1690 in
1477 1659 1687 1692 detrimentum
1701 1661 1781 1700 juris
1793 1659 2092 1704 Ecclefiaftt'ciappll-

1201 1719 1318 1743 centur.
1352 1706 1407 1741 Ad
1427 1708 1540 1742 abusui
1565 1709 1826 1744 renunciandum
1854 1709 2011 1746 Pontifex
2029 1712 2093 1747 Re-

1203 1769 1276 1803 gem
1300 1759 1438 1802 graviter
1459 1757 1648 1793 adhortatur
1672 1784 1682 1799 ,
1721 1760 1755 1793 &
1791 1759 1943 1802 Epistolae
1965 1773 2093 1796 annexa

1203 1808 1388 1842 subnotatio
1414 1806 1528 1841 habet:
1554 1810 1648 1851 Super
1668 1808 1718 1842 boc
1733 1808 1878 1851 scriptum
1901 1811 1939 1849 est
1966 1812 2094 1846 Dilectis-

1200 1858 1274 1901 filt'is
1300 1883 1311 1899 ‚
1339 1858 1446 1891 Abbati
1466 1857 1568 1891 §unffi
1593 1859 1717 1892 Vic¹70ris
1744 1883 1754 1898 ‚
1790 1859 2001 1894 Archidiacono
2020 1885 2032 1901 ,
2061 1863 2095 1896 ὀ·

1204 1909 1386 1942 cancellario
1410 1906 1565 1950 Partfienfi
1580 1931 1591 1947 ‚
1614 1918 1648 1942 ut
1676 1912 1784 1952 Regem
1810 1911 1854 1942 ad
1873 1910 2096 1952 boc.efficaciter

1204 1968 1363 1999 moneant,
1390 1959 1424 1991 (9⁸
1439 1959 1605 2000 prudenter
1624 1961 1782 1993 inducant.
1810 1960 1886 1994 Sola
1912 1961 2097 1996 manifesto—

1206 2020 1276 2042 rum
1299 2018 1355 2042 aut
1377 2008 1602 2043 convictorum
1623 2010 1840 2044 usurariorum
1853 2010 1938 2045 bona
1958 2013 2097 2045 affirmat

1206 2060 1341 2102 spestarc
1357 2057 1398 2092 ad
1420 2058 1549 2093 Fiscum
1567 2083 1578 2099 ,
1605 2058 1745 2104 ideoque
1765 2071 1806 2094 ex
1826 2060 1894 2095 sola
1915 2061 2098 2105 suspicione

1207 2118 1262 2142 aut
1282 2108 1486 2142 accusatione
1503 2108 1631 2143 nullum
1662 2109 1897 2145 moribundum
1922 2122 1978 2146 aut
2011 2123 2098 2147 mot-

1208 2167 1300 2189 tuum
1321 2157 1382 2188 effe
1406 2156 1518 2196 inique
1552 2160 1736 2192 vexandum
1766 2184 1772 2190 .
1812 2159 1986 2204 Philippus
2021 2162 2097 2196 Rex

1207 2203 1321 2237 abusus
1341 2203 1386 2236 est
1414 2201 1500 2236 hisce
1527 2203 1603 2237 initi
1625 2205 1709 2238 inter
1742 2205 1945 2241 Richardum
1968 2210 2096 2254 Regem

1207 2254 1240 2286 &
1262 2251 1477 2285 Guilielmum
1499 2251 1796 2297 Archiepiscopum
1809 2255 2012 2291 Concordati
2029 2270 2098 2294 ver·

1207 2301 1273 2334 bis:
1305 2299 1375 2342 Etfi
1390 2298 1515 2343 ufitrarii
1527 2299 1618 2343 futffi·
1638 2303 1776 2336 dicantur
1800 2329 1807 2335 .
1847 2305 1997 2340 Credidit
2026 2319 2099 2345 non

1207 2350 1325 2393 requiri
1351 2349 1480 2393 plenam
1509 2349 1760 2394 probationem,
1786 2353 1837 2388 sed
1862 2355 2028 2400 vulgarem
2047 2358 2097 2393 fit-

1207 2412 1294 2434 mam
1319 2400 1478 2434 sufficere.
1506 2399 1672 2436 Praesentis
1693 2403 1820 2446 Synodi
1842 2413 1987 2450 tempore
2013 2409 2098 2452 grafi-

1207 2451 1355 2485 sabantur
1378 2450 1530 2492 pleraeque
1552 2448 1602 2485 hae
1613 2451 1648 2486 in
1660 2451 1905 2489 haereditates&
1925 2456 2097 2492 testamen·

1207 2511 1240 2535 ta
1262 2500 1425 2534 violentiae
1450 2513 1461 2532 .-
1499 2497 1590 2543 Ip‘sos
1607 2502 1725 2538 Canon
1747 2514 1886 2539 conatur
1906 2507 2068 2552 corrigere
2083 2534 2094 2541 .

1209 2551 1330 2584 Verum
1354 2561 1419 2584 non
1442 2549 1538 2593 plene
1559 2554 1702 2587 correxit
1721 2579 1728 2586 .
1775 2554 1864 2589 Nam
1885 2556 2096 2595 adductarum

1209 2600 1439 2635 violentiarum
1466 2598 1572 2644 plures
1596 2602 1669 2638 sunt
1692 2605 1760 2647 ipso
1783 2604 1993 2649 posteriores.

1201 2859 1747 2946 ONX.

352 3034 578 3083 Tatuimus
591 3035 754 3092 etiam,
790 3047 839 3081 ut
860 3032 1062 3083 Ecclefiae
1074 3030 1130 3081 ad
1156 3031 1307 3083 Sedem
1334 3033 1631 3099 pertinentes,
1665 3047 1761 3096 quae
1796 3027 1967 3079 solvunt
1997 3046 2085 3079 ter-

387 3105 525 3164 tium,
559 3118 634 3154 aut
646 3107 875 3163 paratam,
910 3104 984 3154 vel
997 3101 1243 3171 Synodum,
1278 3102 1407 3152 solito
1434 3118 1557 3150 more
1583 3098 1831 3167 persolvant
1864 3098 2090 3167 Episcopis

269 3175 342 3225 vel
354 3174 559 3222 Clericis.
597 3177 670 3223 De
681 3174 733 3221 iis
748 3172 852 3223 vero
870 3174 1079 3224 Ecclefiis
1095 3211 1109 3235 ‚
1145 3190 1240 3239 quae
1268 3190 1354 3221 non
1378 3170 1486 3221 dant
1515 3173 1716 3232 tertium,
1751 3171 1826 3221 vel
1855 3173 2088 3230 Paratarn,

269 3245 400 3295 tertia
413 3260 513 3310 pars
526 3245 804 3292 Decimarum
820 3261 920 3293 curn
934 3246 1200 3293 Primitiis&
1227 3242 1541 3292 oblationibus
1566 3277 1580 3302 ,
1615 3259 1712 3308 quae
1740 3239 1794 3289 de
1825 3240 2087 3289 Caemiteriis

270 3312 537 3365 &defundtis
548 3311 888 3379 consequuntur,
930 3312 1199 3382 Episcopo&
1232 3313 1419 3362 Clericis
1444 3311 1699 3375 affignetur.
1735 3311 1872 3361 Simili
1911 3323 2087 3378 quoque

273 3381 410 3435 modo
425 3382 645 3434 statuimus
658 3380 713 3433 de
724 3384 927 3434 Ecclefiis
942 3383 999 3435 ad
1010 3382 1267 3437 Monasteria
1280 3381 1597 3450 pertinentibus
1609 3418 1622 3432 .

1896 3445 2034 3488 SCHOz

2093 898 2127 927 A.
2145 905 2226 933 1190.
