2366 3756
417 181 511 228 182

333 266 447 302 oaavo
458 261 561 295 faetus
570 258 637 296 era't
649 269 705 304 per
721 264 858 292 omnem
868 254 1013 290 Galliam
1032 265 1070 290 ac
1081 254 1214 292 Germa·

333 316 422 351 niam
444 309 654 356 Apostolicus
664 306 839 347 vicarius,
863 305 994 350 &quasi
1014 305 1095 339 alter
1104 305 1214 351 Papa:

331 362 427 397 Hinc
448 361 590 407 Ioannes
613 357 783 394 Aretinus
792 354 974 400 Episcopus
995 355 1026 390 ei
1051 356 1140 393 cessit
1165 357 1212 392 10·

330 423 428 447 cum.
455 413 500 446 Et
522 410 651 445 videtur
671 406 771 443 solius
792 406 951 445 Romanae
972 406 1101 450 Synodi
1118 407 1212 442 fuiffe

330 462 503 507 Legatus
532 457 707 509 Quidquid
727 457 767 492 fit
782 481 793 499 ,
820 457 887 501 ejus
910 457 1049 501 Collega
1071 457 1212 500 Joannes

330 511 552 547 Tuscanenfis
563 510 744 555 Episcopus
754 507 836 543 sedit
847 518 925 543 ante
935 507 1154 553 Ansegisum.

381 561 653 607 Apostolicorum
681 583 692 600 ,
727 557 993 594 Provincialibus
1019 567 1075 593 aut
1111 559 1210 593 etiam

329 611 538 648 Dioecefitnis
550 610 694 656 Synodis
716 609 804 654 praes
791 606 986 648 dentium
1011 609 1211 654 Legator-um

328 663 555 698 austoritatem
577 660 718 705 exponit
739 659 776 694 in
799 659 914 694 litteris
937 659 979 703 ad
1007 658 1210 693 Anastafium

329 710 572 748 Thessalonicae
595 711 818 756 Episcopum,
844 721 882 744 ac
908 701 1002 746 suum
1023 710 1058 743 in
1076 708 1211 753 Illyrico

157 762 208 798 ΕΡ
224 763 268 796 84
284 768 310 791 c·
328 761 523 804 Vicarium,
534 762 765 797 “SanstusLeo
777 760 942 805 Magnus:
960 759 1001 792 si
1021 764 1054 792 in
1075 771 1108 794 eo
1131 760 1214 802 quod

159 810 172 830 ¹
180 809 205 831 ¹·
326 811 550 855 cumfratribus
564 812 762 847 tractandum
771 811 1024 854 definiendumque
1037 810 1210 850 credideris,

325 861 449 907 diversa
467 875 565 898 eorum
576 863 676 906 fuerit
695 863 716 895 a
727 868 781 895 tua
805 863 959 894 voluntate
964 858 1141 904 sententia,
1168 861 1214 893 ad

325 925 381 948 nos
406 919 508 948 omnia
525 912 732 958 fiabgestorum
752 909 949 952 testificatione
957 909 1152 952 referantur,
1177 918 1211 945 nt

323 969 443 999 remotis
463 963 709 1009 ambiguitatibus
730 986 741 1004 ,
771 962 853 1005 quod
873 964 934 995 Deo
949 961 1090 1004 placeat,
1116 962 1210 995 decer-

318 1022 434 1048 natur.
463 1014 620 1050 Unicum
649 1012 769 1059 Legati
793 1008 981 1057 suffragium
991 1012 1094 1046 totius
1105 1010 1210 1054 Syno-

318 1063 582 1109 diaequivalebat
604 1063 781 1109 suffragio,
806 1062 960 1107 atqueita
979 1061 1208 1106 suffragiorum

316 1124 462 1150 numero
485 1126 666 1160 numquam
692 1122 820 1158 poterat
841 1112 931 1147 vinci
951 1137 959 1145 .
985 1112 1109 1146 Omnis
1129 1121 1208 1147 tunc

318 1163 458 1207 quaestio
478 1165 678 1200 referebatur
699 1164 742 1198 ad
753 1162 876 1207 Papam
888 1187 899 1203 ,
929 1162 999 1206 ejus
1007 1161 1143 1197 arbitrio
1155 1161 1208 1196 de-

315 1213 459 1249 cidenda
482 1240 490 1247 .
515 1213 749 1259 Hinc-quibus
770 1222 901 1249 tantum
930 1211 1133 1247 auctoritatis
1154 1210 1219 1246 de·

317 1263 412 1298 derat
434 1273 547 1301 tantus
579 1264 740 1299 Pontifex
760 1287 772 1304 ,
797 1262 1071 1306 deponendorum
1102 1260 1202 1295 etiarn

316 1313 559 1357 Episcoporum
584 1315 781 1358 potestatem
793 1312 850 1346 alii
864 1311 1065 1352 Pontifices,
1089 1312 1205 1354 &qui-

314 1360 395 1396 dem
418 1363 490 1406 post
500 1363 638 1397 Nicolai
653 1362 749 1406 primi
761 1359 934 1404 tempora,
960 1359 1140 1404 frequenter
1151 1360 1203 1395 de-

314 1410 437 1446 derunt
461 1438 469 1445 .
498 1413 631 1447 Etenim
653 1412 696 1446 de
717 1411 884 1456 Gregorio
910 1409 1022 1445 nostro
1043 1410 1204 1453 septimo,

312 1460 426 1496 adhuc
437 1461 669 1497 Hildebrando
691 1460 1013 1496 RomanaeEcclefiae
1030 1460 1203 1497 dumtaxat

314 1511 533 1546 subdiacono
555 1535 567 1551 ‚
591 1511 634 1545 ad
653 1509 836 1544 Nicolaum
857 1508 1036 1542 secundnm
1059 1509 1203 1544 Pontifi-

315 1571 390 1610 cem
413 1560 526 1595 scribit
546 1560 684 1596 Sanssus
703 1557 821 1595 Petrus
838 1557 1020 1593 Damiani:
1047 1557 1200 1593 aridiore

708 174 750 222 S.
785 172 1103 222 Gai-:com
1137 185 1377 219 εεΡτιΜι
1412 171 1774 218 P0Nr11=1e1s

1281 258 1369 298 Papa
1390 251 1589 297 apocrisarius
1610 258 1644 286 'in
1656 255 1775 289 Gallias
1800 256 1961 296 destinatus
1979 258 2161 295 Hildebratt·
2173 261 2197 291 L
2217 272 2243 292 ¹·
2258 263 2291 294 Ε

1279 307 1339 339 dus
1363 305 1504 346 synodum
1524 310 1733 349 congregavit,
1755 310 1875 348 inqua
1880 306 1938 349 sex
1949 309 2110 353 Episcopus
2119 323 2160 346 ex
2176 300 2238 339 pist.
2228 314 2277 341 ··9

1282 353 1444 398 Apostolicae
1461 356 1549 389 Sedis
1567 355 1741 390 audomare
1760 353 1919 398 deposuit.
1959 358 2005 393 Et
2025 359 2067 395 ab
2087 362 2160 406 ipso

1280 406 1444 450 Gregorio
1455 405 1620 451 Legatos,
1645 407 1701 450 qui
1711 417 1828 440 omnes
1844 406 2020 442 fimoniace
2031 420 2160 454 promo-

1281 467 1334 491 tos
1345 455 1527 500 Episcopos
1534 455 1768 503 degradarent,
1792 456 1906 491 fuiffe'
1897 468 1933 490 in
1945 457 2158 498 Germaniam

1279 507 1463 541 destinatos
1481 506 1617 543 testatur
1627 507 1819 543 Lambertus
1830 505 2057 554 Schafnaburg
2058 511 2158 547 enus.

1281 557 1392 592 Edam
1415 556 1612 605 stigandum
1637 557 1908 593 Cantuariensem
1930 557 2162 604 Archiepisco-
2174 554 2209 584 Α·
2230 561 2310 589 ¹074·

1281 618 1359 651 pum
1380 609 1415 642 in
1426 607 1637 644 Vintonienfi
1657 608 1794 655 synodo
1805 608 1897 643 fuisse
1921 608 1963 644 ab
1974 609 2160 647 Alexandri

1280 658 1414 693 secundi
1435 652 1569 703 Legatis
1586 659 1800 705 degradatum
1826 683 1838 699 ,
1864 656 1965 695 habes
1982 661 2069 705 apud
2089 662 2162 698 Ro·

1277 720 1391 754 gerum
1413 708 1666 746 Hovo'densem
1695 711 1739 744 Et
1763 709 1798 744 in
1820 709 1966 744 Mariani
1986 711 2080 746 Scoti
2091 715 2158 756 Ap-

1275 758 1415 801 pendice
1424 758 1523 794 habet
1534 759 1648 795 Abbas
1658 758 1897 794 Dodechinus·
1924 760 2162 802 Halberflssdien·

1263 807 1521 853 firEpiftopus,
1544 811 1566 842 ὸ
1583 809 1651 854 suis
1675 815 1778 845 Romae
1799 811 1901 853 inique
1926 809 2112 854 acatsatus,
2138 814 2161 846 δ

1272 863 1389 904 Legata
1397 863 1497 903 Papa
1512 860 1688 902 deponitur.
1716 861 1863 898 Hem-icus
1876 860 2070 904 Virdunenfis
2082 865 2157 905 Epa

1265 909 1373 957 scopin
1394 912 1415 946 ἃ
1437 910 1587 947 Mattbaeo
1615 910 1807 953 Albanenfi5
1828 909 1947 957 Legata
1982 910 2160 954 apostolico,

1270 962 1427 1002 deponitur
1451 987 1458 997 .
1479 960 1643 996 Plurima
1680 963 1754 996 sunt
1778 960 1943 1004 ejusmodi
1976 961 2155 1006 exempla.

1271 1011 1370 1046 Hanc
1391 1022 1470 1057 ergo
1492 1011 1652 1047 summam
1677 1011 1871 1054 potestatem
1897 1011 2056 1056 Legatis,
2081 1012 2160 1048 licet

1271 1061 1426 1106 Episcopi
1448 1072 1518 1097 non
1541 1060 2002 1107 fint,1egi'timeoommitti,
2024 1062 2161 1106 praesen-

1270 1115 1295 1144 ti
1319 1111 1454 1146 Diuam
1476 1111 1661 1155 Gregorius
1684 1109 1890 1150 confirmat.
1917 1111 2075 1147 Debebat
2094 1112 2161 1147 effe

1270 1160 1406 1204 speciale
1430 1160 1656 1197 mandatum.
1686 1161 1872 1199 Gerar-dum
1891 1162 1984 1198 enim
2005 1161 2161 1218 EngoIis

1270 1212 1414 1250 mensem
1439 1209 1664 1255 Episcopum,
1680 1212 1780 1254 quod
1803 1213 1960 1252 solosm
2071 1210 2160 1246 ionis

1269 1261 1350 1296 citra
1362 1262 1427 1297 tale
1444 1261 1641 1296 mandatum
1661 1260 1770 1294 titulo
1775 1261 1940 1302 deficeret
1950 1259 2017 1303 Epi
2032 1270 2160 1304 copes,

1271 1310 1366 1355 supra
1386 1307 1749 1355 audivimuvgnviter
1775 1307 1930 1354 redargui
1947 1307 1967 1343 a
1997 1308 2159 1347 Gofliedo

1270 1360 1405 1396 Abbate
1437 1357 1709 1395 Vindocitienssv.
1739 1357 1859 1401 Etiam
1896 1359 2159 1400 Cremonensem
2174 1359 2235 1395 L3.
2243 1356 2333 1397 Epist.

1271 1410 1493 1455 Episcopum,
1520 1405 1863 1453 &Archiepiscopum
1887 1408 2159 1455 Mogunn'num,
2178 1405 2237 1436 ¹37‘
2263 1409 2329 1434 ²²⁴·

1268 1461 1362 1496 Sedis
1380 1462 1443 1497 fflae
1465 1461 1635 1520 Legatos,
1661 1459 1839 1504 quodsmc·
1844 1458 1907 1494 tali
1915 1458 2102 1501 mandato
2117 1458 2159 1496 Β·

1267 1520 1319 1544 cet
1340 1509 1386 1545 ob
1405 1512 1537 1547 notoria
1557 1511 1698 1545 crimina
1720 1532 1733 1550 ‚
1756 1507 1841 1545 illud
1858 1507 1966 1554 ipsum·
1986 1509 2160 1553 fecissent,

1266 1560 1375 1604 arguit
1398 1561 1617 1597 Innocentius
1629 1560 1770 1596 tertius.

316 2025 582 2202 [Qubd
615 2056 814 2110 absentes
848 2060 968 2124 Papa
1001 2052 1130 2124 poffit
1164 2051 1382 2123 deponere
1398 2088 1412 2103 .

512 2301 1017 2347 scansion.

416 2448 543 2484 Uitam
568 2444 794 2482 Ecclesiasticae
819 2440 1035 2485 accusationis
1054 2465 1066 2483 ,
1090 2440 1205 2486 cogni-

442 2498 547 2534 tionis
559 2521 570 2538 ,
596 2507 635 2532 ac
656 2493 772 2540 judicii
794 2492 958 2538 Regulam
971 2491 1074 2526 edicit
1085 2491 1118 2526 in
1130 2493 1206 2527 San·

323 2551 368 2585 sti
393 2547 566 2583 Athanasii
594 2546 635 2582 ad
658 2544 845 2580 Monachos
871 2540 1019 2587 Epistola
1054 2540 1205 2585 synodus

323 2599 607 2639 Mediolanenfis,
634 2595 824 2640 Imperatori
843 2591 1044 2631 Constantio
1070 2602 1126 2635 per
1136 2592 1205 2626 Au

325 2650 456 2696 gustam
476 2648 699 2684 auetoritatem
721 2644 866 2684 dicenti,
893 2647 959 2688 Ego
974 2640 1043 2684 fimo
1055 2641 1204 2684 Athanafii

323 2699 496 2744 aecusator,
521 2710 583 2733 meo
598 2703 713 2732 nomine
721 2696 854 2735 credite,
878 2692 1098 2735 respondens.-
1125 2694 1205 2736 ,Quo-

325 2762 398 2785 nam
409 2751 494 2783 modo
502 2746 652 2791 accusator
669 2747 721 2791 esse
729 2746 812 2789 poffis
827 2754 882 2778 non
892 2741 1040 2785 praesente
1051 2754 1116 2776 reo.
1111 2742 1127 2766 ἲ
1137 2742 1206 2783 Esto

324 2808 362 2833 ut
371 2798 520 2841 accusator
524 2797 589 2838 fis
614 2795 748 2839 absentia
759 2804 860 2829 tamen
872 2792 1020 2834 retfactt
1034 2798 1107 2826 utin
1117 2790 1206 2836 causa

322 2849 463 2889 judicare
483 2858 541 2880 non
556 2846 661 2879 liceat.
692 2849 764 2878 Non
785 2850 864 2878 enim
883 2845 922 2877 de
931 2853 963 2876 re
975 2844 1108 2876 Romana
1120 2844 1206 2884 judi-

324 2903 408 2933 cium
418 2896 458 2938 est
469 2920 481 2937 ,
504 2906 560 2939 quo
571 2895 628 2929 tibi
653 2902 687 2928 ut
700 2898 876 2936 Imperatori
881 2893 962 2935 fides
971 2891 1116 2927 habeatur
1125 2918 1135 2934 ,
1151 2891 1210 2936 sed

327 2949 369 2983 de
380 2945 526 2990 Episcopo
537 2951 636 2990 agitur
646 2969 657 2985 ,
682 2945 717 2978 (⁰5
729 2949 762 2977 in
771 2942 942 2984 bocjudicio
959 2950 1070 2984 oportet
1078 2946 1209 2985 parijtc-

328 3009 362 3032 re
373 3008 437 3032 cum
448 3008 502 3031 reo·
515 2997 550 3030 ὁ·
561 2993 726 3039 accusatore
736 2999 801 3038 agi.
827 2993 978 3036 ,Quomodo
988 3001 1085 3027 autem
1096 2991 1206 3036 accusa-

329 3047 380 3081 bis
390 3058 457 3081 eum
466 3071 476 3087 ‚
503 3051 555 3088 qui
564 3045 598 3079 ob
609 3045 855 3089 longinquitatem
866 3044 919 3077 loci
930 3042 1021 3085 adesse
1032 3054 1090 3076 non
1097 3044 1209 3085 potuit?

330 3097 426 3141 guod
439 3095 469 3138 fi
480 3107 547 3138 quae
567 3095 669 3137 objicis
680 3118 692 3134 ,
716 3106 755 3128 ex
769 3095 874 3127 auditu
898 3092 989 3126 babes
1002 3117 1012 3132 ,
1038 3104 1153 3136 aequum
1172 3092 1210 3133 est

331 3155 367 3182 ut
378 3151 417 3180 iis
430 3169 441 3187 ,
464 3156 521 3188 que
538 3152 596 3186 pro
612 3143 645 3187 se
662 3145 736 3177 dicit
760 3141 959 3184 Athanafius,
979 3143 1071 3185 fidem
1092 3154 1205 3186 quoque

330 3196 464 3231 babeas.
492 3193 610 3229 Eidem
630 3193 774 3237 Principi
794 3192 1005 3237 responditin
1023 3193 1136 3228 eadem
1147 3193 1203 3237 Sy-

333 3245 427 3282 nodo
447 3244 547 3280 etiam
569 3243 719 3279 Liberius
732 3243 908 3278 Pontifex:
928 3244 1058 3288 Judicia
1069 3242 1203 3285 Ecclesia-

327 3296 403 3338 stica
419 3293 540 3339 summa
555 3305 621 3328 cum
640 3297 772 3336 equitate
788 3294 857 3336 fieri
879 3293 1001 3326 debent.
1031 3296 1137 3337 ,Quare
1149 3318 1159 3334 ,
1178 3293 1209 3336 fi

332 3348 432 3389 placet
452 3348 564 3379 Pietati
585 3353 645 3377 tuae
666 3367 678 3384 ,
696 3344 844 3384 judicium
864 3342 992 3383 constitui
1008 3345 1102 3385 jube,
1127 3345 1162 3378 <a
1179 3342 1211 3386 Ji

332 3396 605 3430 condemnationem
625 3394 815 3438 commerutffe
835 3393 989 3427 videbitur
1004 3392 1206 3435 Athanafius,

332 3455 402 3482 vum
421 3450 457 3480 in
476 3446 662 3487 iilumjuxtae
672 3442 860 3486 Ecclefiastict
880 3444 991 3478 ordinis
1003 3444 1136 3487 formam
1141 3441 1208 3487 [en

1269 2295 1366 2327 tentia
1371 2291 1540 2335 pefferetur
1551 2315 1558 2324 .
1585 2292 1806 2326 Alexandriam
1814 2293 2018 2326 convenientes
2027 2303 2128 2328 omnes
2137 2316 2151 2336 ‚
2165 2308 2227 2339 par·
2237 2311 2262 2339 6.
2270 2316 2296 2339 c,

1269 2342 1319 2376 ubi
1341 2343 1376 2377 ό·
1397 2339 1549 2385 accusatus
1571 2342 1607 2376 ό·
1629 2341 1810 2383 accusatores
1829 2340 1901 2384 fient
1923 2365 1935 2384 ,
1961 2343 1997 2376 θ
2016 2342 2151 2388 defensor
2167 2352 2235 2387 με.

1269 2403 1367 2426 eorum
1387 2413 1398 2431 ,
1422 2398 1601 2427 examinata
1624 2390 1713 2434 causa
1733 2390 1918 2434 sententiam
1937 2392 2150 2434 proferamus.

1272 2443 1383 2476 Etiam
1397 2443 1529 2476 Sanetus
1549 2442 1608 2475 lvo
1620 2441 1829 2476 Carnutenfis
1840 2442 2020 2486 Episcopus
2030 2444 2152 2479 Decre-

1269 2501 1305 2526 ιο
1317 2493 1376 2525 suo
1391 2492 1524 2525 inseruit
1536 2488 1621 2525 hanc
1634 2491 1802 2536 Regulam
1814 2504 1823 2524 :-
1846 2493 1962 2525 Nullus
1982 2489 2090 2536 absens
2100 2504 2150 2528 at-

1268 2541 1465 2584 casaripotest
1485 2551 1538 2575 aut
1547 2540 1681 2583 accusare
1690 2543 1767 2577 ,J'Et
1779 2550 1891 2585 quarta
1910 2540 2150 2583 Carthaginen-

1269 2592 1309 2626 fis
1323 2592 1476 2634 Synodus
1488 2590 1618 2625 statuit:
1645 2591 1924 2631 CaveantJudices
1935 2588 2085 2632 Ecclefie,
2110 2603 2150 2627 no

1268 2640 1387 2685 absente
1411 2652 1491 2681 reo,
1516 2650 1600 2681 cujus
1627 2638 1717 2682 causa
1742 2640 1939 2680 ventilatur,
1960 2638 2146 2682 sententiam

1263 2691 1447 2734 proferant,
1471 2665 1544 2734 q’uia
1552 2694 1641 2722 irrita
1652 2695 1728 2723 erit.
1755 2692 1817 2722 Im&
1839 2687 2004 2731 &causam
2021 2695 2054 2723 in
2064 2693 2188 2759 ἔμηνε

1267 2741 1442 2784 doprofet‘io
1461 2740 1594 2774 dabunt.
1623 2739 1666 2773 Et
1677 2740 1798 2783 Joanm
1819 2739 2017 2780 Defensori,
2041 2740 2084 2775 ad
2095 2729 2188 2785 pec

1268 2793 1389 2826 tastum
1414 2789 1456 2826 de
1477 2790 1633 2834 Ianuario
1656 2789 1859 2823 Malacitano
1879 2789 2046 2846 Episcopo
2062 2790 2148 2835 judi·

1268 2843 1358 2877 cium
1385 2840 1616 2886 inquIrendum
1648 2837 1866 2881 proficiscenti
1888 2839 1923 2872 in
1945 2838 2146 2883 Hispanias,

1269 2891 1437 2927 mandavit
1459 2887 1605 2935 Magnus
1626 2888 1828 2934 Gregorius:
1854 2890 2062 2932 ,Quaerendum
2082 2889 2145 2931 ek,

1264 2942 1436 2985 fipartibus
1453 2938 1653 2984 praesemibur
1672 2938 1956 2982 fintentiarecitata
1966 2938 2023 2980 est.
2050 2939 2145 2983 ,Quod

1263 2992 1293 3035 fi
1292 2992 1376 3035 forte
1385 2992 1449 3027 bac
1453 2989 1619 3035 solemmter
1635 2989 1703 3022 ada
1733 3002 1790 3024 non
1812 2988 1905 3033 sunt,
1927 2994 1960 3021 in
1984 2991 2028 3023 E
2023 2988 2143 3031 cltfim

1264 3041 1350 3086 suam
1367 3045 1544 3088 januarius
1564 3041 1658 3073 modis
1683 3040 1816 3074 omnibus
1837 3048 2008 3073 revocetur-
2035 3038 2141 3086 Qod
2158 3038 2186 3067 L
2199 3045 2242 3066 ¹1·
2258 3038 2294 3067 Ε·

1270 3105 1386 3137 nempe
1411 3092 1497 3126 irrita
1523 3089 1561 3124 fit
1586 3089 1770 3124 istiusmodi
1801 3089 1990 3123 sententia
2018 3074 2216 3124 Abstra-1³¹¹*
2228 3085 2277 3112 5²·

1269 3153 1366 3184 tem,
1366 3141 1449 3176 nifi
1471 3152 1511 3175 ex
1535 3141 1777 3181 contumacia,
1803 3139 2002 3183 Episcopum
2020 3138 2142 3182 judica-

1269 3194 1295 3227 ri
1321 3190 1532 3228 criminaliter
1552 3201 1621 3224 non
1646 3192 1838 3234 permittunt
1858 3189 1959 3223 etiam
1970 3187 2142 3232 Capitula,

1269 3255 1340 3287 quae
1360 3241 1579 3287 Angilramno
1590 3241 1730 3275 Metenfi
1745 3240 1909 3284 Episcopo
1920 3237 2012 3272 dedit
2022 3237 2143 3272 Adria-

1271 3305 1331 3328 nus
1356 3292 1505 3336 primus.
1533 3290 1645 3324 Etiam
1672 3290 1818 3326 novellus
1842 3287 2010 3322 Bonifacii
2030 3287 2141 3322 octavi

1271 3344 1389 3378 Canon
1412 3339 1528 3376 habet.
1554 3343 1724 3382 Sententia,
1749 3350 1859 3384 quam
1859 3339 1880 3369 ὰ
1892 3339 2008 3382 Judict
2027 3341 2142 3381 Litiga-
2158 3343 2194 3373 c
2205 3343 2235 3378 ς.·

1271 3393 1382 3428 toribus
1402 3402 1460 3425 non
1482 3395 1602 3425 recitari
1627 3395 1799 3434 contingit,
1825 3381 1938 3422 nullius
1958 3392 2078 3429 penitus
2101 3386 2140 3428 est
2159 3384 2188 3411 L.
2200 3392 2225 3411 2·
2233 3379 2293 3411 Tit.

1271 3447 1441 3478 momenti.
1477 3442 1522 3476 Et
1546 3439 1612 3477 haec
1637 3440 1684 3476 est
1710 3450 1776 3475 una
1806 3438 1827 3474 ὲ
1851 3437 2035 3473 rationibus
2059 3462 2072 3479 ,
2094 3437 2139 3481 ob
2164 3433 2204 3457 ¹4·
2223 3430 2252 3454 c
2261 3430 2286 3458 5·

2012 3498 2091 3532 quas
