2366 3756
229 339 232 341 -
297 178 1974 391 INDE·-)‘3³‘³⁸13i{)1Mus‚

478 457 571 528 Qi
596 452 812 523 quidquid
842 457 886 502 in
913 455 1169 506 Canonibus
1205 469 1258 501 ac
1295 452 1506 502 Decretis
1542 451 1804 503 Pontificum

802 527 1072 588 continetur,
1112 519 1446 590 comprehendit
1466 560 1479 574 .

331 715 444 750 Bbates
456 714 608 748 Monacbis
620 662 752 748 dazih
763 715 796 747 ό·
808 712 912 753 vestitu
920 714 1114 755 provideant3

357 777 406 800 nec
417 771 459 800 eis
467 771 620 807 proprium
630 764 737 798 babere
752 763 900 797 ullatenus
913 769 1098 804 permittant
1109 787 1115 794 .

236 818 581 906 Adupsffritdincoestuffl
590 888 601 905 ,
626 876 661 897 ac
668 866 788 906 perjuri
809 860 972 905 reſspfiant
986 886 994 894 .
1071 858 1115 907 58

237 913 364 951 Alleluia
376 918 408 947 in
416 913 567 948 Sabbatha
577 923 648 948 ante
657 911 901 956 septuagefimam
922 913 1093 946 dimittatur
1110 935 1117 942 .

237 974 385 1056 Apjffaeae
393 1015 415 1045 ἆ
426 1017 527 1055 Regno
540 1018 599 1046 Dei
624 1017 658 1047 (μ’
667 985 902 1050 ε’ὂνῌὶὶαηοηιω
915 1008 1054 1052 consor-tto
1069 1022 1118 1043 ex-

285 1064 443 1097 cludantur
457 1086 464 1094 .
491 1064 614 1104 ,Quique
624 1071 671 1093 eos
680 1066 856 1100 poenitentes
877 1064 1000 1100 recipere
1023 1061 1119 1093 detre-

285 1113 440 1146 Haverint
453 1136 464 1152 ,
491 1114 513 1144 ἂ
531 1114 739 1143 communione
752 1106 971 1151 suspendantur
988 1132 995 1139 .
1050 1106 1115 1155 138

237 1163 403 1205 Appellatus
426 1160 613 1203 apostolicam
639 1159 744 1193 sedem
769 1159 789 1189 ἃ
811 1163 925 1191 nemine
941 1157 1033 1200 potest
1053 1169 1119 1191 con-

289 1212 431 1246 demnari
441 1234 448 1245 ,
1049 1204 1116 1254 298

313 1308 449 1352 Enefieia
455 1310 548 1354 plura
559 1318 639 1340 nemo
652 1258 777 1349 aljcipiat
790 1331 797 1341 .

339 1361 516 1403 Berengaru
527 1357 680 1395 Catholica
691 1357 823 1400 Profeffio
842 1380 850 1389 .

330 1461 550 1500 Anonicijuxta
561 1407 703 1498 Ecclefii·
708 1457 799 1500 simul
806 1456 984 1490 manducent
1008 1459 1043 1492 ὁ*
1053 1459 1121 1490 dor-

355 1515 453 1545 miant
462 1534 473 1552 ,
498 1508 629 1554 bonaque
642 1507 838 1551 Ecclefiastica
862 1514 1050 1542 communiter
1071 1508 1122 1540 ha-

1051 1308 1120 1354 136

1053 1355 1118 1403 136

291 1560 401 1596 beant.
1053 1567 1116 1602 145

240 1612 350 1646 Clerici
361 1611 401 1645 ab
412 1611 554 1646 uxoribus
566 1610 732 1651 abstineant
743 1635 751 1642 .
1077 1616 1122 1654 37

238 1659 412 1700 Clntciper
424 1664 530 1692 Laicos
549 1660 689 1699 beneficia
713 1667 748 1688 ne
758 1661 904 1697 accipiant
914 1680 922 1688 .
1079 1666 1125 1702 94

241 1709 352 1741 clerici
376 1708 538 1748 Regulares
556 1709 653 1746 juxta
675 1703 831 1742 Ecclefiam
853 1709 887 1737 in
910 1711 1055 1737 communi
1077 1712 1123 1738 vi-

292 1765 373 1790 vant
384 1779 392 1787 .
1076 1752 1120 1793 88

244 1808 379 1841 Clericus
392 1804 504 1838 Ordine
523 1802 607 1846 sacro
630 1807 790 1842 initiatus,
815 1807 868 1844 qui
891 1807 1057 1848 conjugium
1076 1815 1124 1838 at-

296 1860 484 1896 tentaverit,
511 1859 543 1886 in
553 1853 708 1893 ministerio
731 1852 908 1894 &beneficio
931 1855 1044 1888 Altaris
1066 1854 1123 1898 ces-

291 1905 394 1951 sabit.
1056 1903 1122 1948 136

244 1958 378 1992 Clericus
389 1960 438 1999 qui
447 1956 624 1989 militaverit
635 1979 646 1995 ,
672 1954 842 1996 beneficium
855 1958 979 1987 amittat
991 1976 999 1983 .
1055 1963 1122 1999 137

244 2006 454 2042 concubinarii
466 2005 632 2038 Sacerdotis
644 2005 758 2046 Miffam
770 2014 854 2037 nemo
866 2004 980 2036 audiat.
998 1998 1050 2045 85-
1058 2009 1125 2044 144

245 2055 484 2092 concubinarius
505 2054 644 2086 sacerdos
666 2053 782 2093 Mtffam
805 2063 842 2084 ne
865 2060 985 2088 cantet,
1013 2060 1065 2081 nec
1075 2047 1125 2078 bu·

291 2104 582 2149 JusmodiDiaconus
595 2102 797 2144 Evangelium
819 2109 873 2133 aut
897 2098 1061 2141 Epistolam
1081 2097 1127 2128 ad

298 2155 416 2198 Miffam
426 2154 505 2196 legat
519 2176 525 2184 .
1060 2155 1127 2193 144

246 2203 502 2248 consanguineam
519 2201 609 2246 suam
622 2207 673 2245 qui
686 2206 819 2245 cognovit
838 2204 933 2232 autin
944 2209 1066 2232 uxorem
1080 2207 1126 2230 ac-

297 2259 374 2297 cepit
385 2278 396 2295 ,
424 2255 458 2287 &³
472 2264 530 2285 non
551 2250 695 2295 dimiserit
707 2276 718 2291 ,
743 2256 789 2285 uti
811 2251 845 2283 ὢ·
856 2256 907 2292 qui
923 2250 1058 2294 alienam
1078 2259 1125 2280 ra—

295 2310 365 2346 puis
388 2327 399 2343 ‚
423 2304 477 2336 vel
490 2300 580 2346 suam
592 2301 654 2344 fine
674 2297 812 2344 Episcopi
833 2297 972 2342 consensu
993 2296 1099 2339 dimisit
1116 2321 1126 2336 ,

299 2352 503 2385 anathematis
515 2354 631 2382 vinculo
640 2352 798 2382 innodetur
809 2373 816 2379 .

249 2401 501 2445 consanguinitas
522 2398 612 2441 usque
633 2399 676 2431 ad
695 2396 854 2441 septimum
871 2400 1004 2441 gradum
1029 2422 1039 2438 ,
1078 2398 1129 2430 vel

298 2448 444 2495 quousque
461 2450 619 2490 parentela
637 2447 763 2493 cognosti
779 2446 873 2491 potest
885 2472 896 2489 ‚
922 2447 960 2487 est
978 2453 1126 2481 matrimo-
1190 2452 1347 2483 Ordinatio
1351 2449 1473 2489 statutis
1488 2450 1545 2491 fiat
1558 2450 1751 2491 temporibus.

298 2506 347 2536 nii
357 2500 600 2542 impedimentum
611 2524 618 2531 .

349 2605 464 2634 Ecimae
476 2624 487 2640 ,
515 2603 664 2633 Primitiae
676 2624 687 2641 ,
712 2610 747 2632 ac
756 2599 914 2633 oblationes
929 2599 1058 2641 fideliter
1070 2601 1130 2632 Ec·

372 2648 458 2691 clefils
479 2650 648 2683 reddantur
659 2675 670 2692 ‚
697 2658 786 2692 atque
797 2656 832 2683 in
844 2648 1056 2692 Episcoporum
1070 2647 1127 2689 fint

303 2698 482 2742 dispositione
491 2725 498 2732 .
1084 2697 1127 2745 89

249 2753 439 2785 Decimarum
449 2754 538 2782 tertia
544 2757 621 2791 pars
635 2755 666 2782 in
678 2747 808 2790 Ecclefiis
819 2750 840 2780 ἃ
853 2753 956 2783 Laicis
961 2748 1121 2790 fundatis,

297 2798 354 2842 ficb
365 2797 504 2841 Episcopi
517 2800 567 2831 vel
576 2801 750 2833 clericorum
760 2801 868 2832 ditione
873 2807 1060 2841 permaneat.
1073 2808 1092 2846 ς
1099 2810 1118 2844 7

253 2853 404 2886 Diaconus
424 2849 531 2889 palam
549 2850 765 2882 concubinarius
789 2861 825 2883 ne
845 2851 876 2880 E
879 2850 1048 2893 vangelium
1074 2860 1125 2881 nec

301 2898 464 2941 Epistolam
474 2898 519 2930 ad
531 2898 646 2941 Miffam
655 2901 735 2943 legat
747 2925 754 2931 .
1058 2908 1125 2945 144

334 2998 439 3041 Cclefia
450 3003 585 3031 Romana
595 2999 615 3029 ἂ
621 2996 681 3041 solo
695 3003 816 3032 Domino
827 2999 864 3041 est
869 2999 1008 3042 fundata
1017 3024 1024 3032 .
1056 3000 1122 3045 164

360 3048 483 3089 Ecclesia
504 3052 639 3082 Romana
661 3059 823 3092 numquam
841 3056 959 3084 erravit
972 3075 983 3091 ,
1009 3059 1059 3082 nec
1071 3061 1124 3082 un-

302 3111 395 3142 quam
418 3098 531 3132 errabit
545 3123 552 3130 .
1058 3096 1122 3144 358

252 3148 445 3190 Ecclefiarum
456 3149 652 3181 dedicationes
659 3157 716 3191 per
727 3156 865 3191 pecunias
879 3162 914 3184 ne
926 3150 1019 3193 fiant.
1076 3161 1119 3186 21

252 3198 386 3240 Ecclefiae
410 3202 552 3232 Romana·
576 3204 636 3241 qui·
654 3211 712 3232 non
740 3203 894 3235 concordat
913 3226 923 3242 ,
950 3198 1121 3233 catholicus

305 3261 362 3282 non
387 3247 533 3282 habeatur
543 3272 551 3281 .
1057 3260 1122 3296 377

253 3298 388 3340 Ecclefiae
398 3296 522 3340 solvant
535 3297 689 3342 Epifiopis
707 3300 760 3333 vel
767 3300 891 3333 clericis
901 3306 1022 3335 tertium
1035 3324 1046 3340 ‚
1073 3302 1124 3333 vel

304 3352 421 3382 Parata
434 3372 443 3388 ,
470 3349 524 3381 (σε.
1076 3361 1121 3397 43

253 3399 367 3433 Eleiiio
379 3397 530 3440 PontificIs
542 3402 668 3432 Romani
689 3404 739 3442 qui
750 3400 928 3440 instituenda
940 3427 947 3434 .
1075 3402 1120 3447 69

253 3447 464 3492 Epist-opertum
482 3472 492 3488 ‚
517 3449 566 3482 vel
592 3449 750 3482 abbatiam
771 3475 781 3491 ,
807 3451 858 3485 vel
887 3451 1120 3493 Presbyteratum

351 3496 535 3542 Christ-Lupi
548 3503 646 3542 Opera
659 3502 774 3535 Tom.V.

1226 672 1308 695 nemo
1333 669 1411 694 emat
1421 669 1476 694 aut
1498 662 1630 695 vendat.
2002 676 2048 713 24

1175 714 1431 745 Excommunicati
1451 713 1570 753 aPapa
1589 716 1634 743 ita
1656 714 1797 756 vitandi,
1823 723 1859 748 ut
1880 726 1938 748 non
1959 716 2047 750 liceat

1224 773 1289 796 cum
1311 767 1348 795 iis
1362 767 1394 794 in
1408 762 1510 795 eadem
1521 761 1605 794 domo
1622 772 1757 795 manere.

1285 867 1437 897 AEreticos
1457 870 1512 895 aut
1527 866 1788 895 excommunicatas
1799 864 1985 903 adfflvantes
1994 873 2048 898 aut

1310 912 1501 953 defendentes
1530 917 1814 946 excommunicantur
1834 926 1841 945 :
1869 917 1918 946 Uti
1945 916 1979 948 ᾧ·
2000 919 2052 956 qui

1983 763 2048 812 183

1227 974 1290 996 cum
1301 963 1360 997 illis
1367 968 1556 1004 participant
1570 987 1578 995 .
2003 965 2049 998 60

1606 1012 1636 1045 L
1751 1012 1761 1021 .

1264 1065 1325 1092 Aici
1350 1073 1386 1094 ne
1412 1063 1537 1095 clericos
1558 1063 1699 1102 ‚iudicent
1719 1086 1730 1102 ‚
1768 1073 1819 1096 nec
1855 1063 1891 1095 de
1917 1060 2054 1102 Ecclelt‘is

1290 1110 1428 1149 ejiciant.
2010 1121 2056 1158 97

1182 1162 1265 1191 Laici
1276 1169 1328 1189 nec
1339 1169 1385 1189 res
1399 1168 1449 1190 nec
1464 1160 1553 1198 officia
1566 1160 1759 1199 Ecclefiastica
1763 1160 1818 1201 fibi
1829 1162 1976 1194 rett‘neant
1989 1185 1995 1192 .
2006 1159 2053 1207 38

1182 1211 1266 1240 Laict‘
1289 1206 1368 1238 nibil
1386 1208 1422 1237 de
1437 1204 1614 1247 substantiis
1638 1207 1844 1247 defunc‘lorum
1867 1208 2029 1250 suscipiant
2045 1233 2057 1250 ‚

1231 1255 1287 1298 nisi
1300 1256 1330 1287 bi
1342 1258 1377 1287 t'd
1385 1257 1456 1288 ante³
1465 1256 1688 1286 ordinaverim.
1719 1259 1751 1286 si
1765 1256 1894 1299 intestati
1907 1258 2032 1299 obJerint
2043 1282 2056 1298 ,

1231 1308 1273 1338 ad
1281 1305 1394 1341 libitum
1408 1305 1558 1337 haredum
1569 1304 1750 1337 dividantur
1768 1329 1774 1335 .
1930 1303 1934 1307 ”
2012 1305 2056 1355 38

1184 1359 1291 1389 Laicus
1301 1353 1446 1397 adsacros
1457 1354 1584 1386 Ordines
1595 1354 1716 1394 repente3
1726 1366 1763 1387 ne
1768 1362 2029 1395 promoveatur.10
2032 1367 2051 1404 3

1184 1409 1293 1439 Laicus
1304 1407 1480 1448 conjugatus
1492 1402 1606 1437 babens
1623 1404 1810 1438 concubinam
1822 1429 1834 1446 ‚
1858 1415 2059 1441 excommuni-

1233 1466 1312 1491 cetur
1324 1481 1331 1487 .
1993 1467 2061 1493 102

1187 1511 1292 1540 Laicus
1315 1511 1366 1548 qui
1386 1505 1544 1538 oblationes
1572 1506 1623 1538 vel
1644 1503 1832 1547 eleemosjrnas
1856 1505 1988 1547 Ecclefiae
2011 1507 2065 1540 vel

1232 1561 1351 1589 tertiam
1373 1558 1559 1586 Decimarum
1581 1562 1702 1595 partem
1720 1556 1836 1596 poffidet
1857 1565 1912 1589 aut
1933 1558 2038 1590 vendit
2051 1582 2063 1597 ,

1233 1604 1423 1639 anathemate
1428 1603 1563 1645 feriatur
1576 1628 1582 1634 .
1997 1615 2011 1640 1
2020 1617 2063 1653 37

1298 1705 1383 1748 Issam
1406 1708 1521 1737 unicam
1545 1707 1578 1736 in
1598 1704 1645 1736 die
1658 1713 1715 1736 uno
1733 1704 1877 1737 celebrare
1919 1707 2066 1740 sacerdoti

1319 1753 1439 1798 sufficit.
1996 1767 2062 1805 147

1186 1805 1321 1839 Monachi
1343 1803 1450 1848 absque
1463 1803 1588 1838 abbans
1611 1806 1765 1838 voluntate
1779 1803 2005 1846 Praepoffluram
2031 1818 2067 1841 ne

1234 1864 1373 1890 teneant.
2017 1867 2060 1903 25

1186 1906 1337 1938 Monaebis
1363 1905 1488 1939 Abbates
1511 1907 1548 1939 de
1577 1906 1658 1939 vidia
1684 1907 1717 1939 &⁸
1739 1905 1840 1946 vestitu
1859 1908 2063 1948 provideant.

1235 1959 1301 1986 Nec
1307 1962 1348 1986 eis
1356 1962 1508 1996 proprium
1520 1955 1624 1988 habere
1635 1957 1782 1990 ullatenus
1789 1962 1971 1998 permittant
1989 1982 1995 1988 .
2017 1965 2065 2002 ις’

1188 2002 1347 2035 Monachus
1367 2002 1568 2045 adipiscendae-
1589 2005 1721 2037 Abbatiae
1744 2005 1832 2048 causa
1856 2006 1997 2047 effeetus,
2024 2006 2070 2040 ad

1237 2049 1370 2082 bonorem
1381 2053 1477 2089 'ilium
1488 2053 1655 2084 nullatenus
1669 2055 1788 2087 accedat
1802 2079 1808 2085 .
1994 2057 2065 2089 ibid.

1189 2097 1350 2133 Monachus
1375 2109 1457 2132 nemo
1465 2096 1523 2139 fiat
1532 2109 1595 2131 cum
1603 2096 1656 2141 spe
1670 2107 1723 2131 aut
1742 2104 1922 2141 promiffione
1931 2128 1943 2144 ,
1969 2114 2003 2137 ut
2016 2105 2072 2138 Ab·

1238 2149 1292 2183 bas
1298 2147 1355 2191 fiat
1368 2173 1376 2181 .
2022 2166 2041 2201 9
2049 2168 2069 2202 5

1285 2249 1410 2291 Fficium
1423 2250 1459 2282 de
1469 2201 1647 2290 Sant‘liffincsz
1657 2251 1805 2283 Trinitate
1823 2255 1855 2283 in
1869 2252 1977 2286 octava
1993 2256 2069 2288 Pen-

1307 2299 1420 2339 tecostes
1444 2297 1481 2331 ab
1492 2299 1645 2342 apostolica
1656 2302 1728 2333 Sede
1752 2299 1899 2342 respuitur
1911 2327 1917 2334 .
2002 2307 2069 2351 156

1059 2345 1124 2394 138
1173 2351 1348 2400 ,ordinatio
1367 2347 1528 2391 Episcopi,
1556 2350 1705 2390 abbatis,
1731 2352 1783 2383 vel
1810 2352 1979 2391 Presbyteri
1997 2366 2069 2388 ante

1239 2411 1352 2433 annum
1373 2398 1547 2441 trigefimum
1576 2411 1611 2432 ne
1619 2399 1694 2441 fiat.
2025 2415 2067 2451 13

1994 2455 2068 2487 ibid.

1081 2508 1124 2546 97
1190 2502 1355 2533 ordinatus
1368 2500 1386 2530 ἃ
1400 2501 1486 2541 Papa
1497 2501 1584 2534 alteri
1596 2503 1625 2532 E
1627 2499 1728 2540 cclefiae
1743 2502 1863 2544 praeeffe
1869 2503 1962 2543 potest
1973 2527 1984 2543 ‚
2011 2515 2069 2536 non

1240 2552 1382 2583 militare.
1413 2554 1485 2582 Non
1506 2559 1606 2584 tamen
1627 2549 1719 2591 potest
1729 2550 1766 2583 ab
1787 2553 1845 2584 alto
1857 2551 2001 2595 Episcopo
2019 2553 2069 2596 su>⁴

1236 2605 1378 2642 periorem
1396 2601 1527 2643 gradum
1545 2606 1672 2642 accipere
1685 2626 1691 2632 .
1996 2615 2038 2650 23
2049 2617 2068 2641 2

1266 2705 1329 2743 Apa
1340 2702 1359 2732 ἃ
1370 2706 1480 2733 nemine
1488 2700 1579 2742 potest
1585 2702 1720 2741 judicari
1735 2726 1741 2732 .
1779 2707 1782 2708 ’
1995 2714 2015 2740 2
2020 2716 2066 2753 79

1288 2753 1382 2792 Papae
1400 2752 1464 2783 licet
1475 2774 1485 2790 ‚
1514 2760 1628 2794 cogente
1652 2752 1810 2791 necesfitate
1819 2776 1830 2793 ‚
1859 2751 2018 2795 Episcopos
2030 2758 2068 2789 de

1240 2803 1311 2835 Sede
1323 2802 1366 2833 ad
1375 2803 1394 2833 5
1395 2802 1477 2834 edem
1498 2800 1698 2843 transmutare
1708 2825 1715 2832 .
1996 2803 2065 2842 228

1193 2854 1286 2893 Papa·
1297 2851 1363 2884 licet
1373 2854 1567 2892 Imperatores
1579 2852 1723 2893 deponere
1737 2876 1744 2883 .
1994 2865 2015 2889 2
2022 2865 2063 2901 15

1193 2903 1281 2943 Papa
1303 2900 1394 2942 potest
1405 2898 1514 2943 absque
1523 2902 1629 2939 synodo
1643 2899 1805 2944 Episcopus
1826 2902 1967 2941 deponere
1977 2914 2012 2936 ac
2023 2915 2067 2936 re-

1240 2952 1391 2989 conciliare
1404 2975 1410 2982 .
1994 2961 2063 3001 375

1193 3004 1279 3043 Papa
1286 3000 1377 3043 potest
1391 3001 1531 3033 clericum
1538 2998 1668 3042 cujusvts
1681 2998 1814 3041 Ecclefiae
1824 3001 1978 3034 ordinare.
1994 3012 2037 3048 23
2046 3015 2061 3039 1

1191 3053 1284 3093 Papae
1290 3050 1441 3093 sententia
1450 3052 1468 3082 ἃ
1483 3050 1558 3081 nullo
1568 3048 1625 3081 alio
1631 3049 1720 3091 potest
1739 3049 1897 3083 retrat‘lari
1909 3074 1916 3082 .
1994 3059 2038 3097 25
2049 3063 2062 3087 ι

1192 3104 1279 3143 Papa
1290 3106 1405 3134 unicum
1428 3098 1464 3139 est
1477 3107 1508 3132 in
1520 3100 1627 3133 mundo
1648 3111 1750 3133 nomen
1765 3125 1772 3131 .
1994 3107 2063 3144 213

1190 3151 1339 3184 Parocbus
1364 3162 1400 3183 ne
1410 3150 1486 3182 duas
1509 3149 1635 3182 obtineat
1646 3148 1803 3190 Ecclefias.
2017 3148 2063 3197 96

1189 3201 1331 3242 Pontifex
1344 3204 1495 3233 Romanus
1508 3205 1539 3231 in
1550 3201 1732 3232 ordinatione
1737 3198 1943 3242 sanfflficatur
1955 3225 1962 3232 .
1993 3211 2061 3248 372

1190 3251 1332 3292 Pontifex
1352 3254 1504 3283 Romanus
1517 3249 1606 3291 potest
1619 3250 1752 3294 absentes
1783 3250 1936 3290 deponere.
1995 3248 2061 3286 182

1189 3300 1329 3342 Pontifex
1351 3305 1500 3334 Romanus
1517 3298 1607 3341 potest
1629 3310 1665 3331 ex
1676 3298 1764 3342 causa
1778 3300 1798 3330 ἃ
1802 3300 1978 3340 juramento
1992 3298 2064 3340 fide-

1235 3353 1332 3384 litatis
1349 3349 1499 3393 absolvere
1509 3374 1517 3382 .
1992 3346 2061 3396 382

1188 3401 1330 3442 Pontifex
1343 3405 1495 3432 Romanus
1501 3399 1581 3442 solus
1587 3402 1660 3440 jure
1670 3400 1780 3432 dicitur
1791 3397 1985 3441 Universalis.
1993 3398 2059 3446 167

1188 3450 1329 3493 Pontifex
1352 3454 1504 3483 Romanus
1526 3448 1604 3492 solus
1623 3449 1717 3532 ρέῐσζζ
1739 3448 1895 3491 Epifhopos
1920 3450 2060 3529 deponere

1964 3511 2000 3532 ve
