2366 3756
83 536 156 575 Cap·
170 548 220 576 41.

919 141 1401 186 DICTATUS.

254 225 322 269 da,
342 220 489 267 firmaque
494 230 669 265 permanere
684 223 804 266 debere,
831 225 954 259 &idem
974 235 1074 258 omnes
1096 232 1137 256 te-

254 274 322 307 'cum
336 273 515 313 statuimus,
539 285 587 307 eos
607 283 665 316 pro
690 272 823 316 depofitis
850 274 992 308 habentes
1006 299 1013 306 .
1040 274 1135 320 Qin

255 324 356 357 etiam
378 324 565 358 innocentii
592 336 631 358 ac
656 324 799 367 Zozymi
825 323 1026 358 Pontificum
1043 323 1138 366 inip-

255 373 306 407 sos
326 373 465 408 Decreta
490 385 528 407 ac
554 372 636 407 Asta
664 373 834 417 perlegerit
859 384 956 417 atque
967 373 1137 407 confirma-

255 423 335 458 verit
361 423 533 466 Synodus,
559 435 628 458 non
655 423 701 457 est
727 423 963 457 dubitandum.

304 473 459 516 Ejusdem
470 483 549 508 tunc
559 473 723 508 sententiae
740 473 834 507 fuisse
846 473 1053 508 Gallicanam
1075 473 1137 506 Ec-

254 524 407 563 clesiam,
434 524 522 558 lucet
540 535 581 558 ex
602 524 709 558 Sansti
737 523 883 567 Prosperi
910 524 995 558 libro
1020 533 1135 557 contra

253 573 481 608 collatorem:
508 572 679 612 caelestznus
693 573 858 614 Pontifex,
874 573 971 617 sciens
981 574 1136 606 damnatis

253 634 314 658 non
326 634 454 657 examen
463 625 572 665 judicii
582 648 592 663 ,
615 621 769 667 sedfhlism
775 630 965 664 poem‘tentiae
974 624 1136 657 remedium

254 673 309 716 effe
314 673 544 714 praestandum,
570 673 755 712 caelestium,
781 672 926 715 quafinon
949 672 1066 716 discuffir
1088 684 1137 706 ne-

253 727 335 767 gotio
355 725 541 758 audientiam
559 722 756 766 postulantem
768 746 778 763 ‚
805 729 894 757 totius
906 724 1003 757 Italiae
1024 723 1137 765 finibus

247 770 338 816 juffit
349 775 490 808 extrudi.
522 775 600 806 Adeo
613 776 645 806 co·
658 774 862 815 Praecefforum
880 772 995 815 suorum
1017 776 1138 806 statuta

254 823 292 857 ὁ
316 825 441 858 Decreta
466 824 618 862 synodalia
636 823 850 858 inviolabiliter
882 822 1039 866 servanda
1076 833 1137 855 cen·

250 871 365 915 jebar,
387 882 422 905 ur
444 874 523 915 quod
541 871 631 916 semel
650 879 800 906 meruerdt
824 871 959 915 abscindi
980 898 990 914 ,
1028 883 1138 914 nequa-

254 933 349 965 quam
369 923 546 956 admitteret
564 923 739 956 retradlarl.
768 923 874 956 Sancti
904 922 1085 967 Augustini
1098 921 1138 954 de

255 972 388 1006 Divinae
411 973 520 1017 gratiae
544 983 583 1006 ac
609 972 901 1015 praedestinationis
927 971 1070 1005 efficacia
1081 968 1138 1003 do·

252 1022 394 1057 (trinam
422 1022 577 1064 Sulpitius
603 1023 753 1058 Severus,
790 1021 970 1054 Lerinenfis
996 1019 1137 1053 Vincen-

253 1071 345 1113 tius,
372 1070 495 1112 aliique
514 1069 596 1103 olim
617 1069 792 1103 Gallorum
821 1068 939 1103 Clerici
961 1070 994 1103 δε
1019 1070 1137 1103 Mona-

254 1120 314 1157 chi
339 1121 476 1155 oderant
501 1117 649 1163 peffime,
676 1119 822 1161 adeoque
849 1119 1076 1159 infamabant,
1103 1128 1138 1152 ut

254 1169 473 1206 maledicendi
501 1169 609 1203 studio
636 1166 819 1211 semetipsos
843 1168 928 1212 apud
941 1178 1072 1203 omnem
1084 1180 1137 1211 po-

256 1219 434 1255 steritatem
461 1217 658 1252 reddiderint
686 1217 849 1251 famosos.
889 1217 1138 1262 Apostolicam,

256 1269 321 1310 qua
358 1268 539 1302 dostrinam
576 1266 670 1302 istam
706 1266 880 1302 declaravit
916 1267 1137 1302 authenticam

256 1317 406 1352 laudatus
425 1315 613 1351 Caelestinus
624 1341 634 1356 ,
664 1317 845 1360 Epistolam
857 1328 926 1352 non
938 1318 1047 1352 minus
1064 1317 1140 1352 ode-

256 1376 330 1402 rant
344 1393 351 1400 .
379 1366 502 1401 Verum
515 1363 618 1411 quid?
644 1367 735 1401 Sedis
754 1367 842 1402 illius
853 1367 1080 1413 dogmaticum
1093 1368 1137 1411 ju·

257 1418 383 1453 dicium
418 1418 610 1462 impugnare
631 1441 643 1457 ,
677 1427 733 1451 aut
757 1417 915 1452 devocare
943 1419 976 1451 in
1003 1417 1139 1452 dubium

255 1467 371 1502 Gallia
397 1463 675 1512 tuncignorabat.
705 1466 852 1502 Aureum
863 1467 944 1502 illud
967 1467 1138 1502 Vincentii

256 1528 319 1562 pro
343 1516 420 1551 fidei
456 1515 639 1551 Catholicae
676 1518 872 1562 antiquitate
909 1518 1140 1552 Commonito-

254 1567 343 1601 rium
355 1592 366 1608 ,
386 1566 428 1601 ad
448 1565 548 1601 instar
566 1566 744 1602 Canonum
758 1566 1069 1606 Antiochenorum.,
1095 1566 1139 1599 est

253 1617 350 1651 malae
374 1616 492 1651 radicis
504 1629 572 1652 non
589 1617 695 1651 malus
718 1629 775 1660 per
796 1618 910 1652 omnia
931 1618 1070 1650 fructu&
1095 1616 1141 1649 O·

254 1665 405 1698 ssendere
436 1676 595 1703 conatur,
625 1664 694 1698 non
707 1665 910 1707 Augustini,
938 1666 991 1699 sed
1010 1666 1139 1699 suorum

255 1713 416 1758 dogmata
437 1713 501 1746 effe
522 1712 628 1753 avita,
655 1711 794 1754 ideoque
814 1712 882 1746 haec
895 1737 906 1751 ‚
934 1726 1002 1747 non
1016 1715 1072 1748 ista
1085 1724 1142 1757 per

256 1761 469 1796 Caelestinum
481 1761 572 1794 fuisse
584 1759 794 1803 comprobata
806 1785 813 1792 .
841 1762 1023 1806 Epistolam
1033 1786 1043 1802 ,
1052 1763 1141 1807 qudd

256 1810 446 1855 impugnari
468 1820 534 1843 non
545 1810 661 1854 posset,
689 1811 732 1844 ita
745 1810 865 1854 placuit
882 1811 1086 1856 detorqueri.
1102 1812 1140 1846 In

259 1861 423 1906 postremo
446 1860 820 1905 Commonitoriicapite
842 1859 910 1894 haec
934 1864 1142 1906 exsequitur,

258 1912 373 1946 verum
397 1910 485 1953 stylo
501 1909 586 1944 aded
614 1910 733 1953 pavido
755 1935 765 1951 ,
802 1919 838 1944 ut
864 1911 897 1944 se
923 1911 1143 1945 Vincentium

257 1960 398 1996 scribere
423 1960 517 1993 ausus
546 1970 612 2005 npn
638 1960 738 1994 fuerit
765 1985 777 2001 ,
812 1959 866 1994 sed
893 1962 1030 1995 vendere
1054 1961 1141 2002 quafi

255 2012 371 2047 nescio
392 2020 488 2054 quem
500 2008 710 2053 Peregrinum
723 2034 730 2042 .
757 2008 833 2042 Hac
846 2011 979 2044 interim
992 2021 1060 2044 arte
1075 2021 1142 2042 non

254 2060 365 2096 :solum
386 2061 461 2094 suos
487 2059 602 2098 solari,
628 2059 662 2093 &
688 2060 849 2101 optimam
876 2060 992 2093 Galliae
1019 2058 1144 2101 plebem

256 2110 410 2146 deludere
430 2133 441 2149 ,
468 2108 522 2141 sed
549 2109 582 2141 ὅτ,
608 2108 736 2140 sixtum
763 2109 895 2140 tertium
923 2108 1144 2147 Pontificem,

257 2161 301 2196 de
332 2158 504 2203 Pelagiani
540 2156 706 2200 dogmatis
741 2156 886 2189 amicitia
921 2157 1004 2191 olim
1042 2158 1146 2200 suspe-

260 2211 348 2243 &um
368 2231 380 2248 ,
415 2205 554 2241 tentavit
579 2205 620 2239 ad
645 2204 865 2239 Antecefforis
890 2207 939 2240 sui
968 2207 1145 2241 Decretum

260 2259 309 2294 :ita
336 2253 615 2301 interpretandum
628 2254 892 2290 circumscribere
906 2281 913 2288 .
941 2257 984 2290 Et
998 2255 1076 2291 hinc
1085 2257 1145 2291 tria

261 2307 439 2352 posteriora
458 2306 506 2341 sui
532 2314 646 2339 contra
686 2304 893 2340 Collatorem
928 2305 1002 2340 libri
1040 2307 1145 2350 capita

260 2368 334 2392 mon
366 2355 515 2390 adversus
536 2354 742 2390 Collatorem
763 2380 774 2396 ,
811 2353 864 2388 sed
885 2354 1034 2390 adversus
1058 2356 1146 2391 hunc

262 2406 478 2451 Peregrinum
498 2404 639 2438 omnine>
659 2405 779 2449 scripsit
788 2406 922 2440 Sanctus
933 2405 1091 2450 Prosper,
1112 2407 1146 2441 δε

262 2456 426 2493 conclufit
440 2469 451 2490 .·
477 2454 663 2497 Confidimus
682 2455 984 2498 Dominiprotemone
1000 2456 1146 2499 praestan-

263 2509 357 2548 dum,
382 2506 509 2549 nequod
526 2513 663 2547 operatus
683 2504 720 2545 est
739 2511 771 2538 in
793 2509 975 2547 Innocentio,
1000 2508 1146 2546 zozymi»,

262 2555 444 2598 Bonlfacio‚
471 2555 643 2596 Caelestino,
672 2556 848 2597 operetur&
871 2561 903 2589 r‘n
922 2559 1028 2596 sixto,
1055 2557 1089 2590 d?
1114 2562 1146 2589 in

263 2605 392 2641 custodit:
404 2610 547 2639 Domim'ci
550 2611 651 2648 gregis
663 2605 769 2647 haecfit
774 2613 854 2647 pars
859 2609 962 2648 gloriae
978 2605 1044 2639 huic
1054 2604 1145 2649 reser-

263 2664 345 2691 vata
356 2655 491 2696 Pastori,
515 2662 547 2687 ut
552 2653 627 2695 ficut
637 2654 682 2687 illi
702 2657 787 2697 lupos
808 2655 926 2700 abegere
950 2656 1117 2698 manifestos
1137 2680 1147 2697 ,

265 2710 313 2739 ita
328 2704 374 2738 bic
383 2706 512 2748 depellat
522 2705 659 2737 occultos.
686 2704 724 2738 In
739 2703 901 2747 Apostolo
923 2705 1040 2745 Petro,
1064 2704 1143 2740 dum

266 2754 336 2797 eius
348 2752 445 2788 fidem
457 2753 601 2788 abfomni
613 2754 701 2797 lapsu
713 2754 871 2789 stabilivit
883 2757 1051 2791 Dominus
1063 2780 1074 2796 ‚
1100 2757 1144 2790 af-

266 2806 375 2839 firmat
394 2803 487 2837 fuiss'e
506 2814 574 2837 non
598 2803 686 2838 hunc
708 2814 762 2839 aut
784 2804 882 2839 istum
903 2831 915 2847 ‚
951 2806 1003 2840 sed
1029 2817 1143 2840 omnes

265 2853 409 2889 omnind
420 2853 591 2886 Romanos
602 2852 776 2888 Pontifices
788 2880 798 2895 ,
820 2853 965 2897 'ideoque
975 2856 1047 2899 post
1074 2868 1143 2890 om-

263 2903 359 2939 nium
371 2902 596 2947 dogmaticum
608 2902 626 2938 ὲ
637 2903 797 2939 Cathedra
808 2904 967 2947 judicium
990 2907 1143 2941 asseverat

264 2952 428 2990 damnatis
442 2963 611 2996 nunquam
624 2963 746 2989 novum
773 2966 932 2996 examen,
959 2954 1011 2989 sed
1039 2955 1142 2990 solum

265 3004 389 3046 semper
402 3002 601 3046 poenitentiae
613 3005 791 3040 remedium
811 3004 902 3039 fuiffe
926 3006 960 3039 δε
979 3005 1049 3040 fore
1069 3017 1144 3049 prae-

265 3050 417 3089 standum
429 3077 437 3085 .

315 3102 453 3138 Beatum
465 3101 655 3142 Caesarium‚
685 3101 906 3141 Arelatensem
918 3104 1143 3150 Archiepisco·

264 3163 344 3197 pum
357 3178 368 3194 ,
395 3152 429 3186 ὅ(
457 3151 656 3195 Apostolicae
666 3154 800 3189 Sedisin
815 3157 923 3190 Gallia
951 3155 1143 3198 Vicarium,

264 3201 306 3238 ad
332 3201 558 3237 celebrandam
584 3203 758 3237 secundam
784 3205 1012 3247 Arauficanam
1040 3208 1143 3250 Syno·

264 3252 346 3287 dum
363 3251 594 3296 compulerunt
619 3253 697 3286 novi
725 3254 1056 3302 Semipelagianorum
1076 3257 1142 3290 ani-

265 3302 330 3342 mi,
359 3312 440 3346 quos
450 3302 521 3346 ipsis
531 3302 672 3336 fecerant
685 3302 761 3337 libri
774 3304 883 3340 Fausti
907 3306 1058 3349 Episcopi
1081 3307 1145 3340 Re-

263 3350 360 3400 jenfis
378 3377 385 3382 .
423 3350 606 3386 Adversum
645 3351 721 3387 illos
755 3353 859 3390 edidit
898 3357 1050 3393 Caesarius
1086 3355 1143 3390 ista

366 3400 550 3449 §brss.Lupi
560 3407 644 3446 oper.
655 3404 771 3438 Tom.V.

1914 155 2000 199 361

1201 221 1374 265 Capitula,
1402 231 1471 265 quae
1496 220 1530 255 in
1556 221 1698 256 virorum
1725 221 1896 257 illustrium
1908 223 2074 269 Catalogo

1199 272 1308 306 laudat
1335 269 1525 304 Gennadius
1550 271 1776 306 Maffilienfis:
1799 270 1953 315 Caesarius
1979 275 2075 307 edidit

1198 324 1235 355 de
1251 326 1358 365 gratia
1383 323 1417 354 (τ
1443 321 1532 354 libero
1546 322 1669 354 arbitrio
1681 322 1864 363 testimonia,
1890 325 2076 357 Divinarum

1198 375 1417 412 scripturarum
1443 372 1476 404 (tr
1483 369 1653 412 fundorum
1668 375 1798 405 Parrum
1805 373 1928 413 ‚iudiciis
1938 378 2053 407 munita
2062 397 2076 414 ‚

1198 421 1248 454 ubi
1272 423 1368 454 docuit
1394 419 1537 453 hominem
1563 423 1600 454 de
1620 428 1742 463 proprio
1761 421 1838 455 nihil
1844 434 1928 465 agere
1939 422 2004 456 boni
2011 421 2079 466 pos-

1194 470 1252 514 se,
1278 470 1332 512 mfi
1348 481 1413 504 eum
1434 471 1548 503 Divina
1567 477 1671 514 gratia
1690 478 1876 514 pra-venerit
1899 498 1905 505 .
1943 473 1986 505 Et
2010 472 2077 507 haec

1201 520 1353 563 Capitula
1379 531 1435 562 per
1460 520 1604 554 Felicem
1630 531 1780 564 quartum
1801 520 1997 557 Pontificem
2021 524 2078 556 im-

1200 571 1332 613 petravit
1350 569 1492 612 probari.
1523 570 1576 603 Ex
1593 571 1779 605 Hormisdae
1805 572 1884 605 item
1907 572 2079 607 Pontificis

1199 621 1239 653 ad
1267 619 1475 653 Poffefforem
1501 620 1610 654 nescio
1635 621 1727 664 cujus
1757 620 1791 654 in
1819 620 1931 655 Africa
1969 623 2083 656 civita-

1200 670 1241 703 tis
1267 669 1465 712 Episcopum
1493 669 1608 703 litteris
1632 670 1788 705 didicerat
1814 669 2002 705 authentica
2037 671 2080 705 de

1201 719 1315 754 iisdem
1342 718 1573 762 quaestionibus
1598 720 1750 763 Capitula
1788 721 1903 755 servari
1937 722 1971 755 in
2011 721 2080 755 Ro-

1200 781 1302 803 manae
1328 768 1474 803 Ecclefiae
1487 769 1626 804 scriniis:
1655 771 1791 812 Exipfis
1803 770 2079 814 vigintiquinque

1201 820 1299 863 scopo
1312 820 1371 853 suo
1382 819 1600 853 conducentia
1611 818 1758 853 obtinuit
1770 843 1780 858 ,
1807 820 1840 852 &
1852 831 1907 861 per
1917 819 2079 854 laudatam

1199 869 1352 903 tredecim
1376 869 1613 913 Episcoporutn
1640 869 1812 912 Synodum
1836 868 1914 902 fecit
1941 880 2080 914 accepta-

1200 920 1244 952 ri.
1273 919 1321 952 At
1348 919 1486 952 necdum
1513 919 1577 953 fnit
1603 919 1677 953 finis
1699 946 1706 952 .
1747 918 1879 954 Etenim
1905 919 2080 962 probatus,

1200 969 1284 1011 apud
1311 968 1498 1003 Antonium
1524 968 1653 1004 Barales
1680 969 1713 1002 in
1727 968 1907 1003 Lerinenfis
1918 969 2082 1002 Monaste-

1199 1019 1236 1050 rii
1259 1017 1429 1054 Chronico
1452 1019 1602 1059 exstans,
1630 1021 1742 1053 austor
1769 1019 1921 1053 scribitin
1935 1019 1999 1052 vita
2015 1019 2082 1052 lau-

1198 1066 1266 1101 dati
1294 1068 1442 1101 Caesarii:
1470 1071 1591 1102 AEmulz'
1603 1070 1688 1102 multi
1694 1069 1889 1112 surrexerunt
1906 1093 1916 1108 ,
1941 1074 1993 1111 qui
2015 1069 2082 1102 Cae-

1199 1116 1272 1149 sarii
1297 1114 1331 1148 &
1358 1114 1452 1157 hujus
1478 1120 1606 1159 Synodi
1634 1119 1788 1161 refisterent
1814 1119 1953 1153 doc‘lrinae
1967 1120 2083 1161 degrao

1198 1172 1245 1198 tia
1265 1190 1271 1196 .
1301 1164 1434 1207 Suficrris
1460 1167 1494 1198 (9·
1521 1169 1600 1199 mala
1625 1174 1866 1210 Interpretatione
1891 1169 2083 1211 quorumdam

1200 1215 1327 1248 oboritur
1352 1220 1385 1247 in
1410 1215 1580 1249 Galliarum
1602 1218 1743 1258 partibus
1770 1225 1874 1250 contr'a
1895 1219 2085 1258 praedicatio·

1201 1276 1267 1299 nem
1286 1263 1411 1297 hominis
1423 1267 1482 1297 Dei
1488 1263 1603 1305 sinistra
1608 1265 1734 1308 suspicio
1745 1292 1752 1299 .
1782 1268 1876 1301 Hinc
1888 1266 1942 1300 ille
1954 1275 2086 1309 accepta

1201 1315 1219 1349 a
1255 1314 1364 1349 Felice
1375 1324 1490 1358 quarto
1502 1314 1678 1358 Capitula,
1706 1317 1859 1359 suamque
1882 1317 1922 1350 de
1943 1315 2014 1359 ipfis
2028 1316 2088 1358 Sy·

1203 1364 1327 1399 nodum
1338 1364 1449 1399 retulit
1469 1363 1510 1398 ad
1537 1365 1653 1399 Sedem
1681 1365 1929 1410 Apostolicam,
1958 1368 2089 1400 meruit-

1203 1426 1266 1458 que
1276 1415 1376 1449 eama
1402 1414 1580 1448 Bonifacio
1598 1416 1741 1450 secundo
1763 1415 1966 1451 confirmari.
1995 1414 2083 1448 Con-

1203 1466 1409 1499 firmatricem
1423 1488 1433 1504 ,
1458 1475 1530 1509 quae
1556 1476 1678 1510 magno
1695 1466 1919 1501 Ecclefiasticae
1933 1463 2087 1500 eruditio-

1204 1515 1253 1548 nis
1265 1515 1387 1548 damno
1400 1514 1524 1547 dudum
1537 1514 1673 1548 latuerat
1685 1539 1694 1554 ,
1722 1517 1902 1558 Epistolam
1913 1514 2091 1559 publicavit

1203 1562 1342 1605 Jacobus
1356 1562 1568 1597 Sirmondus.
1598 1564 1640 1596 Et
1654 1576 1694 1597 ex
1710 1566 1933 1599 Laudunenfis
1952 1577 1992 1599 ac
2013 1565 2090 1598 Fos-

1204 1612 1333 1645 satenfis
1348 1611 1588 1645 Coenobiorum
1599 1613 1743 1657 antiquis
1757 1614 1928 1649 codicibus
1938 1613 2091 1657 adjunxit:

1203 1658 1288 1694 hanc
1299 1662 1547 1695 annotationem
1562 1675 1572 1694 .=
1598 1667 1636 1695 In
1657 1663 1710 1696 hoc
1719 1666 1812 1698 codice
1833 1670 1995 1698 continetur
2007 1667 2091 1703 syno-

1203 1712 1259 1743 dus
1272 1710 1451 1752 Arauficana
1463 1736 1474 1751 ,
1499 1723 1590 1753 quam
1595 1720 1650 1753 per
1665 1713 1872 1747 aufforitatem
1883 1714 2010 1747 Sanc‘lus
2026 1717 2092 1746 Pa·-

1198 1769 1244 1802 pa
1257 1760 1434 1801 Bonifacius
1444 1761 1632 1802 confirmavit
1644 1787 1651 1796 .
1680 1767 1725 1797 Et
1735 1766 1986 1806 ideotqurcumque
2001 1764 2090 1797 aliter·

1203 1812 1240 1844 de
1257 1817 1361 1855 gratia
1386 1812 1420 1844 (⁸5
1440 1812 1528 1844 libero
1549 1812 1673 1845 arbitrio
1697 1815 1853 1848 crediderit
1879 1838 1889 1853 ,
1926 1816 2016 1856 qudm
2043 1814 2096 1847 vel

1203 1859 1256 1899 ista
1274 1860 1434 1894 aucloritas
1461 1865 1613 1903 continet,
1637 1864 1689 1896 vel
1712 1869 1744 1896 in
1765 1865 1820 1903 ista
1844 1866 1948 1902 synodo
1964 1863 2093 1901 constitu-

1204 1919 1266 1942 tum
1277 1911 1315 1950 est
1327 1935 1337 1950 ,
1365 1918 1541 1944 contrarium
1549 1911 1582 1953 se
1602 1913 1762 1955 Apostolicae
1775 1916 1844 1947 Sed}
1860 1940 1870 1955 ,
1897 1916 1930 1948 6·
1942 1911 2094 1956 universa

1201 1966 1255 1999 per
1267 1967 1356 1991 totum
1367 1962 1510 1993 mundum
1522 1961 1654 2002 Ecclefiae
1667 1963 1717 2005 effe
1741 1964 1887 2008 cognoscat
1900 1990 1908 1998 .
1936 1966 1971 1999 N
1974 1962 2096 1999 oranda.

1206 2009 1280 2041 sunt
1304 2007 1420 2048 verba,
1448 2011 1506 2041 Per
1532 2012 1739 2045 auderitarem
1763 2013 1949 2055 confirmavit
1979 2029 1989 2048 :
2017 2013 2096 2047 Edi·

1207 2065 1288 2089 cunt
1316 2067 1386 2089 non
1412 2059 1447 2089 in
1476 2062 1673 2101 communi,
1702 2062 1753 2096 sed
1781 2063 1920 2096 omnino
1942 2064 1974 2096 in
1990 2065 2097 2107 fingu-

1209 2105 1288 2144 lari,
1316 2116 1385 2147 quae
1413 2104 1612 2147 Apostolicae
1638 2108 1727 2140 Sedis
1755 2111 1972 2146 irretractabili
2000 2112 2098 2146 infal-

1208 2153 1361 2188 libilitate
1381 2154 1505 2196 donet,
1533 2155 1638 2190 forma
1664 2157 1757 2190 fuisse
1769 2160 1999 2194 confirmatam
2011 2161 2097 2196 hanc

1208 2203 1401 2247 Synodum,
1432 2203 1573 2247 ideoque
1598 2215 1758 2248 receptam
1786 2207 1827 2241 ab
1847 2209 2020 2244 universali
2034 2212 2096 2245 Ec-

1208 2254 1301 2288 clefia
1316 2278 1327 2293 ‚
1352 2254 1384 2287 &
1410 2252 1429 2287 ὲ
1456 2254 1549 2288 nullo
1561 2253 1739 2291 Catholico
1753 2259 1841 2300 poffe
1853 2259 1984 2293 refutari
2003 2285 2009 2292 .
2037 2263 2096 2295 Fa-

1208 2315 1279 2339 teor
1290 2303 1455 2339 laudatam
1468 2305 1718 2341 annotationem
1730 2309 1794 2342 effe
1805 2308 1940 2353 alicujus
1954 2310 2095 2354 Scripto-

1209 2355 1251 2388 ris
1261 2354 1426 2388 Monachi
1439 2378 1450 2394 ‚
1479 2353 1619 2399 ideoque
1634 2368 1701 2391 non
1714 2359 1831 2392 summi
1845 2360 2019 2402 ponderis:
2044 2362 2094 2394 In-

1209 2403 1304 2439 terim
1324 2403 1379 2438 ille
1399 2414 1441 2438 ex
1473 2405 1642 2449 semetipso
1670 2418 1738 2442 non
1766 2409 1828 2443 fuit
1854 2406 2000 2445 locu'tus.
2029 2410 2094 2445 Lo-

1208 2465 1302 2488 cutus
1311 2454 1373 2488 fnit
1383 2465 1424 2487 ex
1438 2454 1617 2492 Valentina
1628 2458 1767 2500 Synodo
1782 2484 1793 2500 ‚
1814 2471 1883 2504 quae
1895 2460 2094 2503 Apostolicae

1209 2504 1468 2539 confirmationis
1492 2505 1604 2550 ignara
1630 2518 1827 2544 convenerat
1852 2509 2000 2544 adversus
2028 2512 2095 2544 lau·

1207 2555 1317 2589 datam
1345 2554 1611 2597 Arauficensem,
1637 2558 1670 2591 &
1696 2559 1736 2593 ad
1764 2571 1860 2602 quam
1884 2561 1967 2595 ledo
1981 2562 2095 2596 affixus

1208 2605 1362 2639 Caesarius
1386 2605 1469 2639 misit
1491 2605 1654 2641 doctiores
1677 2608 1857 2654 Episcopos
1884 2610 2096 2652 &Cleric0s,

1207 2656 1376 2698 praesertim
1402 2655 1557 2691 Sand'tum
1597 2657 1805 2701 Cyprianum'
1839 2659 2095 2695 Tholonensem

1208 2706 1430 2748 Episcopum,
1456 2704 1496 2738 de
1523 2717 1590 2749 quo
1601 2706 1728 2742 laudata
1744 2709 1810 2744 vita
1830 2710 1916 2754 apud
1943 2709 2094 2744 Annales

1207 2754 1397 2789 Lerinenses
1420 2769 1431 2788 .-
1456 2757 1626 2790 Valentinae
1645 2760 1748 2796 synodi
1774 2760 1984 2794 intentionibus
2011 2760 2096 2793 bomo

1206 2809 1264 2839 Der
1287 2806 1373 2839 dedit
1394 2816 1500 2838 veram
1520 2807 1554 2840 <a
1579 2809 1749 2842 evidentem
1769 2822 1809 2843 ex
1832 2811 1993 2843 traditione
2020 2814 2094 2852 Apo-

1199 2854 1298 2895 stolica
1319 2860 1480 2889 rationem.
1508 2860 1596 2889 Nam
1624 2857 1707 2892 bonae
1732 2865 1878 2893 memoriae
1890 2859 2066 2901 Bonifacius
2079 2884 2091 2900 ,

1206 2909 1349 2939 Romanae
1373 2904 1503 2947 Eccleliae
1530 2909 1641 2949 Papa,
1668 2910 1772 2943 eadem
1792 2909 1991 2944 colluc‘lanone
1999 2914 2093 2952 cogni-

1206 2965 1261 2997 ta,
1286 2956 1399 2989 calcata
1423 2960 1587 2992 intentlone
1604 2960 1798 3001 jurgantium
1820 2982 1831 2998 ,
1862 2956 2092 3001 prosecutionem

1205 3006 1306 3040 Saneh·
1330 3003 1458 3048 Caesarh‘
1481 3005 1638 3048 Apostolica
1649 3007 1822 3042 auc‘Ioritate
1831 3007 1988 3050 firmavit.
2016 3012 2093 3049 Ita,

1206 3057 1332 3092 donante
1353 3054 1488 3095 christo,
1516 3054 1707 3097 Ecclefiarum
1731 3057 1880 3098 Antistites
1892 3066 2064 3100 receperunt
2078 3080 2090 3097 ,

1206 3107 1284 3148 quod
1300 3113 1458 3147 optaverat
1490 3104 1631 3139 Diabolus
1653 3114 1810 3149 repemina
1833 3107 2010 3148 animofitate
2036 3106 2093 3150 ces-‘-

1202 3154 1270 3198 sare
1279 3180 1286 3188 .
1314 3155 1444 3188 Faitam
1456 3155 1474 3188 ὲ
1488 3154 1659 3191 Bonifacio
1671 3168 1711 3191 ex
1724 3159 1913 3192 auctoritate
1925 3181 1936 3197 ,
1965 3159 2018 3191 seu
2045 3168 2089 3191 ex

1209 3203 1371 3239 Cathedra
1384 3204 1668 3240 confirmationem
1679 3206 1744 3240 labi
1757 3219 1824 3241 non
1840 3206 1975 3251 potuiffe
1987 3217 2091 3251 agno-

1209 3256 1254 3289 vit
1264 3255 1363 3289 etiarn
1377 3253 1445 3289 haec
1456 3254 1587 3292 erratica
1603 3256 1755 3300 Synodus
1769 3280 1780 3297 ,
1807 3266 1904 3301 atque
1929 3257 1976 3291 ita
1989 3255 2090 3291 rediit

1209 3305 1248 3340 ad
1277 3313 1444 3339 mentem.

1262 3354 1464 3391 Gallicanam
1477 3354 1729 3400 Rempublicarn
1737 3355 1917 3392 fortiffimis
1925 3378 1937 3395 2
1950 3353 2094 3390 Gallica·

1585 3406 1620 3440 H
1646 3404 1667 3438 h
1966 3413 2044 3442 nam
