2366 3756
79 1298 166 1338 Epist.
188 1311 235 1332 20.

78 1793 146 1829 Λᾶ.
164 1802 208 1824 ιο.

79 1907 143 1940 Λᾶ.
154 1916 196 1945 13.

75 2174 167 2214 Epist.
188 2185 235 2212 40·

80 2226 129 2251 40.

84 2706 171 2744 Epist.
192 2715 235 2743 14.

86 2757 132 2783 ¹7·

85 2903 146 2937 La.
155 2911 179 2933 c.
194 2911 219 2932 1.

85 2942 147 2972 Lib·
175 2952 219 2977 14·

85 2987 200 3020 capa-6.

86 3174 147 3207 Lib.
174 3184 201 3211 3.

87 3223 113 3245 (ι
130 3227 175 3246 20.

912 112 1440 158 Dtcrarvss

246 208 376 236 'nomen
395 197 504 232 radere
524 195 569 230 est
591 195 714 240 Papam
733 194 926 241 degradare.

304 246 438 291 Duplex
450 245 504 280 hic
516 247 657 280 occurrit
669 246 819 290 quaestio.
845 245 956 279 Prima
972 244 1017 277 est
1033 266 1044 283 ‚
1070 240 1126 275 An

254 299 397 333 solorum
421 298 628 340 Superiorum
649 319 660 336 ‚
687 297 720 330 id
737 297 782 329 est
805 319 817 334 ,
843 294 938 338 Papa:
956 317 967 333 ,
991 292 1127 326 Pati-iar-

252 347 321 382 chae
344 371 355 387 ,
381 347 600 391 Metropolitae
618 371 628 387 ,
654 357 691 379 ac
712 344 864 388 Episcopi
890 344 1027 377 nomina
1050 354 1127 376 con-

253 397 416 432 sueverint
433 392 862 438 oliminscribiDyptichis,
889 393 924 427 &
944 393 985 428 ad
1012 393 1125 427 sacrifi-

253 449 345 482 cium
358 447 510 482 recitari?
536 442 723 490 Respondet
734 445 959 486 Anonymus,
985 442 1127 477 eruditus

252 504 363 532 tamen
377 521 387 538 ‚
415 497 566 540 Gregorii
579 495 704 538 septimi
721 493 914 538 Apologus:
934 491 1127 535 ‘Consuetudo

252 556 321 582 erat
333 548 438 581 Sanffl
449 546 601 590 Gregorii
616 553 739 587 tempore
749 569 759 584 ,
783 552 816 576 ut
836 543 958 586 quilibet
981 549 1012 576 in
1026 544 1126 586 aliqua

253 596 511 631 Patriarcbaltum
538 595 656 638 sedium
675 600 790 628 noviter
824 596 982 627 ordinatus
1001 592 1035 636 se
1056 605 1126 635 qua-

252 655 320 680 tuor
340 646 504 690 generales
540 646 662 684 synodos
683 643 819 684 custodire
849 645 973 687 reliquis
1005 642 1123 686 sedibus

252 694 422 739 transmtffa
445 694 577 736 Epistola
597 694 780 737 profiteretur
804 719 814 735 ,
840 704 1004 737 antequam
1023 704 1125 727 nomen

252 747 319 787 ejus
344 747 428 787 apud
448 746 575 787 reliquas
591 744 675 788 fides
697 750 729 776 in
751 744 900 786 Dyptz'cbis
924 742 1046 787 describi
1069 754 1124 775 me-

252 805 365 830 reretur
378 820 385 828 .
412 799 529 828 Nomen
551 796 685 828 videlicet
708 795 923 837 PraedecefforIs
945 797 1010 835 ejus
1025 817 1035 833 ,
1061 794 1127 826 licet

253 844 388 887 defun&
406 869 417 884 ,
441 846 561 886 reliquae
578 843 666 887 sedes
689 845 898 886 computabant
921 851 1001 877 inter
1022 848 1127 877 viven-

256 904 302 928 us
317 918 327 934 ‚
353 896 442 928 donec
461 893 545 935 ipfius
568 901 683 928 noviter
704 894 899 928 inthronizati
911 892 1052 936 Praeficlis
1086 894 1127 931 sy-

254 946 389 978 nodicam
409 949 570 985 reciperent
590 944 752 985 Epistolam
770 969 776 976 .
816 945 858 978 Et
891 943 981 978 hunc
1003 954 1125 977 morem

252 994 385 1029 laudare
395 991 522 1027 v‘idetur
533 993 565 1026 in
579 994 689 1039 Rescri
696 1005 751 1035 pto
763 993 803 1027 ad
816 993 1011 1036 Ephesinam
1025 994 1126 1035 Syno-

251 1044 332 1078 dum
345 1044 475 1078 Sanetus
488 1043 677 1077 Caelestinus
689 1041 846 1077 Pontifex
856 1068 866 1083 ,
895 1054 994 1088 agens
1012 1044 1052 1076 de
1064 1043 1126 1076 Ne-

252 1093 361 1134 storii,
376 1094 578 1137 quiSisinnio
588 1095 785 1134 successerat,
797 1093 1001 1127 Succeflore:
1028 1095 1129 1126 Talem

251 1145 432 1186 Successorem
452 1142 602 1186 quaerebat
616 1141 733 1186 sandlae
758 1149 905 1176 memoria
917 1142 1031 1183 Sifinm'i
1043 1143 1130 1176 beata

245 1191 421 1235 fimplicitas
434 1217 444 1233 ,
465 1203 499 1227 ut
508 1195 600 1227 locum
612 1196 678 1235 ejus
691 1191 858 1235 nonmfisui
864 1191 969 1234 fimilis
981 1192 1128 1227 obtineret.

252 1246 379 1277 Etenim
388 1245 494 1276 melius
511 1251 649 1287 agimus,
670 1243 881 1283 fiabstinemes
897 1245 968 1284 jam
990 1243 1028 1276 ab
1050 1245 1129 1275 illius

248 1291 386 1338 sacrilegi
409 1299 544 1331 nomine,
566 1291 666 1334 sedem
689 1294 804 1335 vacasse
828 1295 963 1326 dicamus
981 1317 988 1324 .
1017 1293 1129 1327 Exstat

253 1342 402 1386 Epistola
417 1342 485 1386 post
503 1341 666 1375 laudatam
677 1343 865 1385 synodum.
894 1345 1020 1377 Omnes
1031 1343 1130 1387 igitur

252 1391 489 1428 patriarchales
511 1392 656 1439 Ecclesiae
680 1404 747 1426 non
774 1392 871 1427 solius
900 1393 1051 1436 proprii,
1079 1392 1134 1426 sedi

251 1443 405 1476 omnium
431 1444 578 1486 quinque
600 1441 856 1476 Patriarcharum
878 1444 1013 1477 nomina
1038 1441 1134 1476 habe·

252 1491 334 1527 bant
360 1492 394 1525 in
421 1491 540 1526 tabulis
562 1509 576 1530 ‚>
597 1492 630 1525 δι
650 1492 690 1526 ad
721 1493 912 1526 sacrificium
933 1491 1126 1527 recitabant>

250 1542 347 1576 Hinc
359 1541 400 1574 de
410 1541 528 1575 Sansto
543 1541 720 1584 Ephremio
739 1542 925 1576 patriarcha
949 1539 1132 1576 Antioche-

250 1591 299 1624 no
310 1591 350 1625 ad
362 1592 487 1634 sextam
500 1592 673 1634 Synodum
685 1589 768 1625 dixit
780 1589 1005 1634 Theophanes
1019 1588 1133 1623 Abbas

250 1639 545 1682 Monasterii‘apud
565 1640 672 1681 Bajas:
701 1639 884 1680 ephremius
905 1645 970 1671 erat
994 1641 1130 1670 Paniar-

249 1687 307 1724 cbae
319 1688 480 1722 Antiochiae
489 1713 499 1729 ,
525 1690 560 1722 ὑ
570 1687 733 1731 recensetur
746 1694 779 1721 in
785 1687 886 1731 sacris
894 1688 1046 1730 Dyptichts
1054 1686 1130 1731 san-

251 1739 310 1773 8ae
319 1750 385 1782 quae
398 1739 443 1773 bic
452 1738 488 1779 est
500 1737 633 1780 Ecclefiae
643 1764 650 1771 .
683 1739 814 1782 Utique
827 1738 1129 1781 Constantinopoli·

251 1798 336 1824 tanae
346 1814 353 1821 .
382 1789 424 1822 Et
435 1790 475 1823 de
487 1789 606 1823 Sansto
615 1788 802 1832 sophronio
815 1788 999 1823 patriarcha
1010 1789 1132 1822 Hiero-

252 1839 455 1881 solymitano
478 1840 541 1881 ipsa
555 1839 842 1882 plenaSynodus:
871 1845 991 1873 Nomen
1012 1838 1131 1883 Sophro-

253 1895 297 1923 nti
318 1887 407 1932 inseri
428 1888 543 1922 sanaris
555 1888 705 1930 Dypticbt's
730 1889 903 1933 fundarum
931 1888 1133 1924 Patria-cha-

252 1940 336 1974 lium
363 1938 558 1981 Ecclefiarum
580 1950 592 1980 ·,
612 1939 731 1980 justum*
751 1941 802 1982 esse
821 1943 1030 1982 Judicavimus
1054 1965 1061 1972 .
1089 1940 1130 1973 Et

252 1988 451 2023 Anatolium
472 1987 879 2032 constantinopolitanum
913 1991 1132 2034 Episcopum,

252 2038 342 2081 quod
355 2037 508 2073 Dioscori
532 2037 749 2075 Alexandrini
776 2040 986 2084 &Juvenalis
998 2041 1122 2081 Patriar

241 2088 320 2123 vehae
344 2088 643 2132 Hierosolymitani
665 2091 813 2133 suspensa
836 2091 972 2124 nomina
1001 2090 1131 2124 recitare

253 2149 422 2183 pergeret,
447 2140 526 2173 dure
538 2140 715 2180 increpavit
743 2140 878 2171 Sanctus
889 2139 958 2172 Leo
968 2138 1114 2181 Magnus
1124 2156 1137 2168 .-

254 2189 312 2222 Ob
336 2187 487 2230 Ephefini
511 2187 674 2220 latrocinii
687 2187 769 2219 Asta
791 2187 876 2229 ipsos
887 2187 949 2219 suae
965 2187 1061 2219 solius
1075 2186 1132 2219 Ec-

254 2237 357 2271 clesrae
377 2236 614 2270 communione
633 2236 733 2279 usque
755 2236 796 2270 ad
827 2238 947 2270 novam
959 2235 1130 2279 Synodum

254 2287 317 2321 esse
328 2296 503 2320 contentos
512 2286 638 2328 jusserat
650 2285 828 2327 P-ontifeX,
855 2287 995 2330 ideoque
1016 2287 1051 2320 in
1065 2286 1130 2320 sola

255 2336 409 2380 propria,
434 2336 469 2369 in
489 2334 580 2368 nulla
603 2334 1038 2379 aliena'Ecclesiapoterant
1051 2336 1132 2379 ipso-

253 2395 328 2419 rum
349 2385 485 2419 nomina
507 2384 653 2418 salutari.
681 2385 724 2418 Et
751 2384 891 2429 longum
914 2385 1133 2420 Antiochenae

254 2435 403 2470 Ecclefiae
412 2433 548 2471 schisma
557 2435 770 2469 exstinsturus
779 2435 992 2470 Innocentius
1002 2436 1134 2480 primus,

255 2484 481 2520 Alexandrum
506 2483 727 2519 Patriarcham
749 2486 956 2519 confirmavit
979 2495 1016 2519 ea
1039 2486 1134 2530 lege,

255 2543 295 2569 ut
320 2547 390 2570 non
410 2534 514 2569 solum
527 2535 748 2570 Antecefforis
776 2535 825 2569 sui
838 2534 970 2579 Evagrii
982 2559 1001 2576 ,.
1021 2535 1075 2569 sed
1102 2537 1134 2570 &

248 2584 365 2619 Sancti
387 2583 524 2627 Joanni's
553 2584 784 2627 Chrysostomi
820 2595 942 2619 nomen
979 2586 1133 2629 reciperer

256 2633 294 2668 in
321 2634 433 2668 ‘sacras
468 2633 696 2669 defunctorum
726 2633 961 2678 Episcoporum
988 2635 1134 2670 tabulas.

257 2682 397 2718 Laudari
418 2683 554 2727 Ioannis
567 2695 688 2718 nornen
704 2683 739 2717 ln
760 2683 915 2720 omnibus
936 2684 1135 2720 patriarcha-

256 2733 343 2767 libus
356 2734 505 2769 Ecclesiis
515 2734 608 2769 fuiffe
620 2733 772 2778 scriptum
799 2746 836 2770 ac
863 2736 1037 2770 recitatu'm
1050 2759 1062 2777 ‚
1089 2736 1135 2770 lu-

258 2791 311 2818 eet
332 2794 375 2818 ex
387 2783 627 2828 SanstiCyrilli
655 2786 689 2819 δε
711 2785 815 2819 Attici
830 2785 1134 2829 Constantinopoli-

258 2833 330 2867 tani
350 2834 500 2877 Episcopi
521 2836 642 2869 mutuis
667 2835 821 2880 Epistolis
847 2860 858 2876 ‚
896 2846 1033 2878 quarum
1054 2837 1135 2881 frag-

258 2892 369 2918 menta
378 2885 405 2917 F
407 2881 806 2921 acundus'Hermianenfis
823 2887 1024 2930 Episcopus„
1038 2885 1133 2921 inte—

255 2944 355 2978 grum
389 2944 497 2967 autem
535 2944 728 2970 contextum
754 2935 888 2971 adducit
925 2934 1134 2981 Nicephorus

258 2983 426 3017 Calixtus.
455 2982 558 3031 Qod
570 2983 763 3020 etiaml’etri
776 2988 873 3032 Mogi
887 3009 898 3026 ‚
921 2985 1067 3022 Pseudo·
1082 2999 1131 3031 pa·

257 3030 402 3068 triarchas
414 3032 632 3069 Alexandrini
646 3058 657 3074 ‚
683 3034 873 3072 damnatum
889 3047 1009 3071 nomen
1038 3037 1132 3072 fuerit

256 3083 397 3127 primum
434 3083 564 3117 occulte
604 3109 615 3125 ‚
662 3084 781 3121 deinde
817 3087 924 3131 palam
960 3086 1132 3122 recitatum

258 3132 551 3176 Constantinopoli
585 3157 596 3174 ‚
632 3135 769 3171 affirmat
807 3138 963 3184 Evagrius
997 3137 1132 3182 Epipha-

258 3182 395 3218 nienfis.
426 3183 584 3230 Qinque
606 3184 889 3227 Patriarchaesnnt
915 3189 1134 3232 quinque-to-

257 3233 323 3268 tius
334 3233 392 3267 sub
405 3233 502 3268 Coelo
528 3233 674 3268 Ecclesiae
692 3234 878 3281 Principes,
906 3241 1049 3283 ipsorum
1066 3242 1133 3273 uni·

258 3292 309 3318 tas
319 3283 363 3317 est
376 3283 483 3317 unitas
503 3283 604 3318 totius
629 3284 884 3329 Christianitatis
896 3313 908 3330 ,
935 3288 1074 3333 ideoque
1092 3289 1135 3333 ip-

260 3334 329 3367 sam
339 3333 430 3368 dieta:
441 3334 642 3369 recitationis
667 3346 706 3369 ac
726 3336 928 3373 salutationis
942 3350 1059 3374 mutuo
1079 3338 1135 3373 ho-

261 3393 340 3418 nore
352 3385 474 3425 foveri,
502 3384 535 3418 &
548 3384 825 3432 subjestisubique'
841 3389 973 3434 populis
984 3390 1134 3427 solemni·

361 3433 547 3477 christLupl
558 3439 762 3479 oper.Tom.V.

1903 129 1996 171 209

1188 201 1236 226 ter
1258 193 1418 236 praedicari
1451 192 1485 227 in
1509 193 1652 229 Ecclesia
1673 219 1685 235 ,
1720 194 1861 231 omnino
1885 197 2051 232 convenit.

1188 242 1300 277 Fiebat
1321 244 1354 277 in
1379 243 1457 278 solis
1479 243 1628 278 Ecclefiis
1650 245 1940 281 Patriarchalibus.
1971 247 2063 281 Hinc

1188 294 1276 326 enim
1288 294 1352 327 Mo
1378 293 1519 327 suestena
1532 295 1673 329 Ecclesia
1685 296 1702 329 e
1714 297 1777 330 suis
1792 295 1975 339 Dyptichis
1991 298 2063 332 rasit

1188 343 1277 376 suum
1294 305 1489 386 Epiicopum
1502 343 1724 379 Theodorum
1735 371 1746 387 ‚
1774 358 1811 380 ac
1823 347 1935 389 ejusin
1951 348 2061 382 locum

1188 393 1308 435 scripsit
1329 393 1482 427 Sanctum
1494 393 1658 434 Cyrillum
1682 395 1900 430 patriarcham
1924 397 2065 432 Alexan-

1187 441 1337 477 drinum.
1363 442 1413 476 Ita
1437 442 1520 485 apud
1544 444 1692 486 quintam
1715 447 1884 488 Synodum
1909 445 2006 481 habes
2027 447 2062 480 in

1187 491 1283 526 relata
1308 492 1379 526 istic
1406 491 1545 534 synodo
1570 492 1827 535 Mopsuestena.
1855 495 1936 531 Sane
1959 498 1980 530 fi
1997 496 2063 530 illic

1189 540 1607 575 AlexandriniPatriarchae
1630 541 1810 577 habuissent
1831 547 1976 580 tabulam
2004 545 2063 580 fibi

1188 592 1349 635 propriam
1363 616 1373 632 ,
1399 593 1533 625 Sanetus
1545 591 1689 634 Cyrillus
1709 594 1844 628 insertus
1865 606 1933 629 non
1959 597 2065 630 fuisset

1188 643 1220 675 in
1244 643 1354 675 locum
1374 641 1567 676 Theodori.

1235 692 1376 726 luserrus
1403 691 1466 725 fuit
1486 690 1531 725 ob
1556 703 1675 736 magna
1703 694 1754 727 sua
1779 694 1812 728 in
1838 695 1954 735 istam,
1980 694 2013 728 δε
2029 695 2065 728 in

1186 752 1321 776 omnem
1333 740 1507 776 Ecclesiam
1520 743 1653 775 merita.
1683 742 1815 777 Etenim
1841 746 1873 777 in
1903 744 2067 784 Ephesino

1188 792 1344 826 Concilio
1356 802 1423 827 non
1441 791 1540 826 solius
1552 791 1718 834 Nestorii,
1746 794 1798 826 sed
1825 794 1858 826 &
1872 794 2067 835 Theodori,

1189 841 1262 875 licet
1287 842 1447 884 suppresso
1474 842 1634 882 nomine,
1659 853 1781 875 errores
1808 843 1997 885 Apostolice
2014 854 2068 876 ex-

1189 892 1364 935 pugnavit.
1394 891 1534 925 Alienos
1560 903 1627 926 non
1642 891 1747 926 solum
1763 891 1985 932 patriarchas,
2014 892 2069 926 sed

1188 944 1285 975 etiam
1308 942 1563 984 Metropolitas,
1593 940 1660 976 imo
1685 942 1718 976 &
1743 941 1967 976 provinciales
1995 941 2073 984 Epi·

1190 991 1323 1034 scopos,
1349 991 1525 1027 obeximia
1546 994 1659 1026 merita
1686 1003 1740 1026 aut
1757 994 1933 1026 fraternam
1959 991 2072 1026 amici·-

1190 1041 1269 1076 riam
1292 1040 1432 1082 recipere
1459 1042 1491 1074 in
1516 1041 1684 1085 Dypticha
1709 1067 1719 1083 ‚
1747 1043 1807 1076 fuit
1836 1055 1907 1077 mos
1931 1042 2071 1084 antiquae

1191 1089 1466 1125 Christianitatis.
1496 1091 1588 1124 Hinc
1608 1093 1697 1127 enim
1728 1105 1794 1127 non
1825 1094 1912 1127 solos
1933 1092 2073 1126 Diosco-

1191 1152 1262 1174 rum
1290 1152 1327 1174 ae
1349 1140 1539 1184 Juvenalem
1567 1140 1792 1182 patriarchas,
1818 1143 1870 1177 sed
1899 1143 1932 1176 &
1965 1142 2074 1175 Eusta-

1192 1191 1275 1224 tium
1291 1190 1498 1233 Berytensem
1511 1191 1542 1222 in
1557 1193 1660 1233 prima
1684 1190 1848 1225 Phaenicia
1875 1193 2074 1234 Episcopum

1191 1240 1347 1274 recitabat
1369 1250 1532 1282 correptus
1559 1243 1575 1273 a
1606 1241 1724 1274 Sancto
1760 1240 1873 1274 Leone
1898 1240 2075 1274 Anatolius

1192 1290 1600 1338 §costantinopolitanus.
1633 1290 1762 1333 Nempe
1778 1290 1926 1324 Anatolii
1942 1290 2079 1326 Promo·

1193 1342 1255 1373 tori
1284 1342 1447 1377 Dioscoro
1475 1340 1640 1374 Eustatius
1671 1340 2018 1374 strenueadstiteratin
2033 1339 2075 1372 E-

1194 1389 1326 1433 phefino
1350 1390 1556 1424 Latrocinio.
1594 1389 1695 1436 Qiod
1722 1391 1854 1423 Sanctus
1875 1389 2078 1432 Epiphanius

1193 1441 1422 1474 Salaminenfis
1435 1439 1616 1482 Episcopus
1637 1452 1673 1472 ac
1688 1439 1886 1482 Cypriorum
1911 1440 2079 1483 Metropo-

1194 1490 1247 1523 lita
1265 1491 1411 1523 recitaret
1427 1489 1586 1530 loannem
1604 1489 1843 1531 Hierosolymae
1858 1491 2076 1531 Episcopum,

1192 1537 1390 1570 demonstrat
1416 1537 1503 1569 illius
1526 1538 1565 1569 ad
1581 1535 1671 1570 hunc
1694 1538 1850 1578 epistola.
1883 1539 1923 1571 Et
1936 1538 1976 1571 ad·
1990 1539 2081 1572 Con-

1192 1587 1345 1619 stantium
1371 1585 1657 1619 Mediolanensem
1692 1584 1985 1629 Archiepiscopum
2011 1588 2083 1621 scri-

1192 1635 1238 1670 bit
1267 1637 1398 1670 Sanctus
1421 1634 1602 1680 Gregorius
1623 1635 1789 1680 Magnus:
1818 1638 1910 1680 ‚Quod
1930 1636 2082 1680 lcripfflr,

1191 1692 1262 1728 quid
1272 1684 1523 1728 scandalizantur
1543 1686 1690 1727 plurimi,
1719 1694 1788 1728 quia
1802 1690 1945 1720 Fratrem
1972 1690 2005 1721 (θ’
2025 1692 2080 1721 Co·

1190 1734 1353 1779 episcopum
1414 1736 1540 1775 nostrum
1580 1740 1741 1781 Jotmnem
1775 1740 1966 1770 Ravennatis
2003 1743 2082 1772 inter

1194 1787 1348 1830 Mtffarum
1365 1785 1509 1830 solemnia
1548 1793 1713 1821 nominatis
1739 1811 1750 1828 ,
1786 1788 1965 1830 requirenda
1992 1786 2078 1822 vobis

1190 1837 1362 1880 consuetudo
1400 1843 1528 1878 antiqua
1561 1838 1598 1876 est
1622 1863 1629 1870 .
1674 1840 1719 1869 Et
1752 1836 1780 1876 s?
1804 1836 1976 1880 consuetudo
1988 1837 2082 1879 faio,

1192 1890 1281 1921 modo.
1300 1889 1319 1919 ὰ
1339 1886 1441 1928 stultis
1463 1885 1627 1920 hominibus
1663 1887 1908 1930 reprehendenda
1941 1898 1999 1921 non
2020 1887 2079 1927 est.

1191 1940 1222 1970 51
1252 1940 1325 1971 vero
1356 1935 1529 1980 consuetudo
1563 1949 1620 1971 non
1636 1937 1703 1979 fuit
1725 1963 1736 1978 ,
1771 1938 1836 1980 fieri
1869 1938 2045 1972 non·.debet
2069 1963 2080 1979 ,

1193 1990 1272 2021 unde
1293 1985 1470 2031 quibusdam
1497 1987 1676 2031 fiandalum
1700 1995 1813 2023 moveri
1830 1991 1911 2031 poffit
1933 2014 1940 2020 .
1967 1992 2080 2021 Tamen

1188 2037 1310 2080 sollicita=
1332 2044 1502 2080 perquirere
1517 2040 1606 2078 stude
1628 2062 1639 2078 ‚
1657 2039 1688 2081 fi
1705 2042 1784 2072 idem
1799 2044 1832 2085 J
1836 2051 1943 2072 oannes
1964 2064 1975 2080 ,
2004 2043 2082 2072 Fra-

1193 2097 1236 2120 ter
1272 2089 1307 2121 6·
1329 2086 1522 2129 coepiscopus
1550 2089 1641 2128 noster
1671 2115 1682 2129 ‚
1723 2097 1778 2123 vos
1797 2092 1846 2123 'ad
1868 2092 1968 2123 Altare
1993 2093 2079 2123 norm·-

1194 2143 1245 2168 net
1269 2159 1276 2166 .
1316 2137 1410 2177 ,Quod
1428 2137 1550 2167 minime
1580 2138 1684 2168 dicunt
1703 2137 1774 2176 fieri
1795 2162 1802 2169 .
1831 2140 1901 2178 Etfi
1922 2141 1972 2172 ille
1993 2139 2082 2179 vestri

1196 2188 1322 2217 nominis
1349 2190 1518 2216 memoriam
1538 2195 1597 2215 non
1610 2184 1713 2226 fam,
1740 2197 1808 2228 quae
1831 2188 1975 2226 nereffitas
2000 2198 2082 2232 cogat

1193 2240 1293 2278 ignoro
1311 2259 1322 2274 ‚
1359 2242 1392 2266 ut
1418 2245 1474 2267 vos
1498 2234 1578 2266 illius
1605 2232 1737 2275 faricius
1755 2260 1762 2267 .
1805 2238 1899 2279 ,Quod
1918 2239 2039 2279 quidem
2056 2238 2088 2280 fi

1188 2285 1250 2325 fine
1268 2285 1430 2325 aliquorum
1450 2281 1593 2325 scandalo
1610 2284 1681 2324 fier!
1706 2296 1763 2317 non
1784 2286 1876 2327 potest
1903 2311 1912 2325 ,
1949 2299 2002 2322 vos
2023 2290 2082 2323 tale

1194 2334 1313 2375 aliquid
1335 2331 1440 2374 facere
1464 2334 1556 2366 valde
1575 2333 1725 2366 laudabile
1745 2333 1783 2373 est
1804 2360 1813 2376 ‚
1850 2344 1919 2377 quia
1948 2338 2082 2371 charita-

1193 2392 1252 2416 tem
1273 2407 1284 2423 ‚
1331 2393 1419 2424 quam
1445 2393 1515 2426 erga
1538 2386 1665 2417 Fratres
1690 2384 1799 2424 vestros
1820 2385 1935 2420 habetis
1957 2412 1966 2427 ,
1994 2388 2082 2427 osten-

1194 2435 1267 2466 ditis
1279 2458 1286 2465 .
1304 2434 1348 2465 *A
1364 2432 1482 2466 Graecis
1496 2432 1598 2467 Italiae
1612 2434 1768 2468 Exatchis
1791 2435 1894 2470 inflati
1911 2438 2082 2473 Ravenna-

1195 2495 1266 2517 tum
1293 2482 1443 2525 Episcopi
1469 2483 1742 2528 Autocephaliam
1756 2510 1767 2526 ,
1795 2486 1827 2519 &
1849 2489 1958 2522 nescio
1982 2500 2081 2533 quem

1196 2533 1378 2566 Primatum
1400 2533 1559 2568 somniare
1570 2545 1612 2568 ex
1636 2544 1717 2569 tunc
1729 2547 1915 2578 coeperant,
1942 2538 2081 2583 ideoque

1196 2584 1235 2618 ad
1259 2583 1427 2617 recitatum
1451 2583 1588 2626 Joannis
1600 2595 1722 2619 nornen
1737 2587 1878 2622 offensus
1903 2589 2080 2623 &scanda-

1198 2635 1309 2668 lizatus
1333 2634 1396 2667 fuit
1420 2630 1558 2677 populus
1572 2634 1845 2671 Mediolanensis.
1874 2637 2013 2672 Putabat
2034 2650 2082 2673 re-

1195 2685 1386 2719 citationem
1399 2682 1489 2717 istam
1503 2684 1543 2718 ab
1557 2686 1625 2728 ipso
1638 2697 1704 2719 non
1720 2689 1765 2720 uti
1780 2686 1820 2721 ab
1831 2689 1940 2721 amico
1952 2689 1987 2722 &
2002 2689 2082 2723 Col-

1197 2737 1290 2780 lega,
1317 2734 1370 2769 sed
1392 2733 1505 2768 dolose
1517 2735 1557 2768 ad
1578 2735 1743 2769 fundanda
1760 2738 1805 2770 sui
1831 2737 1903 2771 istic
1915 2736 2079 2773 Primatus

1195 2783 1328 2819 exordia
1350 2782 1464 2818 ambiri
1487 2809 1494 2816 .
1534 2785 1575 2818 Et
1599 2784 1638 2818 eo
1666 2786 1764 2819 etiam
1787 2787 1928 2821 omnino
1951 2789 2079 2831 respicit

1195 2836 1300 2869 Sansti
1312 2834 1466 2878 Gregorii
1480 2835 1692 2877 Responsum.
1721 2836 1968 2888 Recitationem
1982 2838 2077 2873 istam

1195 2897 1262 2919 non
1275 2885 1347 2919 vult
1360 2885 1428 2918 fieri
1445 2884 1503 2918 nisi
1517 2884 1604 2919 ultro
1617 2887 1765 2930 citroque
1779 2901 1789 2920 .·
1816 2886 1961 2922 Fundari
1986 2889 2077 2931 vult,

1196 2946 1262 2969 non
1288 2936 1320 2969 in
1342 2936 1440 2969 unius
1464 2934 1706 2978 praeeminentia
1726 2962 1736 2978 ,
1774 2937 1826 2971 sed
1851 2939 1884 2970 in
1910 2938 2077 2979 utriusque

1198 2985 1343 3020 Ecclesiae
1356 2985 1476 3019 sororia
1487 2987 1702 3029 germanitate
1716 3013 1723 3019 .
1751 2988 1838 3020 Nam
1853 2987 1886 3019 <Sc
1900 2987 2077 3022 Treviren·

1196 3038 1259 3070 sem
1286 3037 1319 3070 ἀ
1343 3037 1542 3070 Remensem
1568 3037 1743 3080 Belgarum
1763 3037 1968 3081 Metropoles
1982 3038 2075 3072 fuisse

1194 3087 1315 3120 sorores
1330 3087 1509 3129 frequenter
1522 3086 1666 3120 inculcat
1682 3087 1879 3121 Hincmarus
1906 3087 2076 3130 Metropo·

1196 3137 1253 3170 lita
1266 3136 1448 3170 Remensis.
1475 3136 1539 3170 Ista
1552 3136 1762 3170 Ecclefiarum
1788 3138 1986 3181 germanitas
2008 3137 2073 3170 fuit

1195 3187 1278 3221 olim
1290 3186 1417 3220 usitata.
1450 3186 1526 3220 Erat
1538 3187 1711 3230 singularis
1722 3187 1866 3231 quaedam
1880 3186 2076 3221 communio

1197 3237 1387 3270 Sanstorum
1399 3260 1407 3269 .
1761 3266 1762 3269 ,

1246 3286 1359 3320 Altera
1381 3287 1511 3329 quaestio
1532 3286 1601 3328 est,
1628 3288 1813 3335 Quomodo
1825 3286 2005 3332 Gregorius
2027 3286 2070 3320 se·

1197 3337 1318 3381 primus
1340 3335 1393 3369 hic
1412 3337 1518 3371 edicat
1537 3338 1635 3371 solius
1659 3338 1807 3372 Romani
1821 3337 1994 3372 Pontificis
2017 3345 2076 3369 no-

1197 3398 1272 3423 men
1293 3386 1428 3432 possein
1441 3388 1593 3423 Ecclefiis
1603 3388 1757 3430 recitari?
1779 3386 1836 3423 An
1850 3388 1934 3423 forte
1952 3384 2074 3420 avitam

1617 3438 1639 3472 S
1691 3447 1710 3484 3
1909 3435 2027 3474 illam,

2097 1470 2129 1500 C.
2139 1479 2168 1498 1.-

2101 2163 2163 2198 [..3.
2173 2160 2258 2201 Epist.

2102 2212 2148 2238 37·
