2366 3756
115 353 188 391 caf-
206 362 247 382 10·

113 2448 186 2485 Cap.
206 2457 252 2482 ¹4·

119 2496 160 2523 ¹5,
188 2497 234 2524 Ην

117 2641 179 2678 §esst
208 2652 234 2680 ς.

969 147 1462 190 DtcTATus.
1973 148 2065 200 289

282 236 346 268 lius
373 232 555 267 Pstaviuus
571 255 580 268 ,
610 228 749 271 Ioannis
772 227 946 260 pontificis
970 236 1046 260 cum
1066 226 1184 259 Beren-
1227 230 1320 277 i{toris
1332 227 1388 258 loco
1408 228 1541 268 legamus
1552 227 1694 268 Apostolos
1718 225 1825 271 absque
1835 228 1898 262 ulla
1921 226 2123 271 saecularipo·

284 284 377 328 gario
403 282 505 316 Italiae
525 280 696 321 Tyranno
724 279 794 311 lites
817 271 1003 310 memorari&
1024 300 1034 315 ,
1060 277 1094 310 &
1121 288 1182 318 per·
1228 284 1339 315 {tentia
1359 275 1524 309 Matthiam
1539 277 1699 318 Apostolum
1717 279 1881 320 ordinasse,
1907 279 2047 311 credimus
2070 279 2121 312 hoe

285 344 389 378 gens:
417 338 518 374 Coepit
544 334 747 372 Berengarius
769 332 801 358 in
825 328 915 358 Italia
938 327 1085 358 dominari

287 388 424 416 Romana
437 380 560 420 Ecclesia
571 377 815 422 persecutionibus
828 376 1001 419 urgentibus
1017 376 1162 408 vacillare
1175 400 1182 413 ,

285 446 349 469 cum
361 440 432 477 quia
456 433 556 465 dic‘lus
588 434 745 469 Tyrannus
757 428 884 460 eandem
903 425 1072 465 molestabat
1086 450 1094 465 ‚
1121 435 1182 458 tum

286 491 359 528 quia
382 483 518 525 Ecclesr‘ae
543 493 600 513 non
626 490 720 513 verus
749 478 852 519 Pastor
874 502 883 516 ‚
906 475 965 518 sed
986 481 1181 509 mercenarius

283 541 438 577 praeerat,
458 536 601 577 Joannes
630 530 772 562 videlieet
791 527 915 559 Alberici
936 526 1019 567 filius
1032 551 1042 566 ,
1068 534 1100 559 ut
1123 534 1182 558 tra-

288 587 334 617 dit
347 583 491 616 Robertus
505 578 705 616 Cremonenfis
720 576 887 619 Episcopus
899 601 908 617 ‚
934 588 1062 619 magnus
1089 576 1181 616 Histo-

287 639 404 666 riarum
414 635 563 673 5criptor:
593 631 676 663 Unde
693 628 877 660 Cardinales
899 638 937 658 ex
953 631 1097 659 communi
1121 637 1181 659 con-

287 684 389 716 cordia
410 681 591 725 scripserunt
612 679 725 712 Othoni
758 681 834 710 Ducl
855 680 998 709 Saxoniae
1017 700 1027 715 ‚
1055 681 1107 719 qui
1132 681 1181 708 vir

288 745 406 777 rnnrgnae
424 738 570 775 potentiae
594 729 805 762 dominabatur
824 726 918 770 super
929 725 1102 768 universam
1117 728 1183 758 Ale-

288 789 462 817 manm'am.
494 785 560 825 ‚Qui
573 776 722 823 religiosus
736 786 802 811 erat
813 802 824 817 ‚
855 778 888 810 (5
901 778 943 808 ad
958 781 1014 809 Dei
1027 775 1181 816 Ecclesiam

288 836 414 867 devotus
427 858 434 864 .
462 835 561 872 Hujus
575 833 640 872 ergo
661 831 811 869 Principis
825 828 1008 859 Cardinaies
1031 827 1181 859 auxilium

289 884 486 924 implorarunt
498 904 507 919 ‚
533 890 566 913 ut
585 878 742 920 Ecclesiam
766 882 932 910 Romanam
940 885 1108 919 protegeret
1133 883 1183 912 at-

288 944 344 976 que
360 935 504 972 Juvat-et.
533 933 597 973 Qui
620 940 761 972 magnum
783 937 901 970 parans
929 933 1114 964 exercitum,
1149 931 1180 958 in

289 983 411 1016 Italiam
431 979 591 1023 transmisit
617 1003 629 1019 ‚
656 982 689 1011 (ν
713 990 777 1011 cum
800 979 982 1018 Berengario
1000 980 1154 1017 pugnavit
1170 999 1178 1014 ‚

289 1031 440 1075 ipsumque
461 1042 525 1064 cum
549 1030 613 1069 qius
641 1033 770 1060 exercitu
794 1032 826 1059 in
842 1027 965 1058 exilium
983 1024 1075 1065 misit.
1105 1023 1177 1063 Post-

289 1085 407 1116 modum
430 1084 500 1115 vero
528 1083 653 1111 Romam
663 1086 791 1120 pergens
807 1101 817 1116 ,
844 1076 1005 1107 Concilium
1029 1075 1179 1113 Cardina-

288 1135 361 1166 lium
374 1136 563 1175 congregavit
575 1154 584 1169 ,
612 1129 646 1161 (τ
660 1128 696 1159 de
708 1125 837 1168 ipsorum
850 1124 957 1164 consilio
982 1122 1097 1166 noscens
1122 1127 1180 1156 Pa-

284 1190 362 1224 pam
376 1180 604 1224 incorrigibilem
617 1202 627 1217 ‚
654 1181 766 1209 monuit
777 1183 809 1207 ut
823 1178 958 1215 papatui
972 1180 1158 1208 renuntiaret
1171 1199 1178 1206 .

289 1235 391 1275 ,Quem
403 1233 578 1264 induratum
590 1235 622 1259 in
634 1226 725 1264 castro
735 1224 838 1257 §ancli
852 1225 956 1267 Angeli
979 1225 1123 1257 violenter
1137 1229 1179 1255 in-

289 1280 368 1322 clusit
381 1306 391 1321 ,
419 1283 452 1314 <5
465 1282 599 1319 Papiitui
613 1274 710 1318 ipsum
724 1280 898 1308 renunciare
909 1279 1016 1317 coegit.
1046 1277 1092 1306 Et
1111 1283 1179 1307 tune

283 1330 388 1373 saclas
411 1330 450 1371 est
470 1333 615 1362 Romanae
653 1324 791 1367 Ecclesiae
823 1324 923 1364 Pastor
950 1328 1009 1357 Leo
1032 1324 1178 1357 oc‘lavus.

291 1381 378 1428 Qis
402 1381 534 1425 ignoret
560 1373 747 1411 Marfilium
761 1375 960 1409 Patavinum
984 1374 1077 1407 fuifle
1098 1373 1179 1416 jura-

290 1440 362 1464 tum
383 1429 582 1473 Apostolicae
603 1426 777 1470 dignitatis
803 1424 932 1459 hostem
954 1426 967 1458 ,2
1006 1424 1049 1458 Et
1070 1432 1178 1465 tamen

291 1481 452 1523 Ioannem
464 1478 662 1513 Pontificem
674 1475 846 1514 adfirmat,
874 1486 943 1510 non
957 1472 1180 1518 degradatum,

289 1531 342 1566 sed
370 1531 562 1564 renunciate
599 1525 760 1560 violenter
787 1523 995 1568 compulsum
1025 1537 1033 1556 z
1074 1523 1178 1569 Qod

289 1580 410 1624 nempe
420 1579 533 1614 omnia
546 1578 709 1612 elementa
720 1576 866 1610 clament
889 1575 1083 1608 Romanum
1102 1571 1180 1612 Epi-

289 1631 425 1671 scopum
447 1631 509 1662 esse
532 1627 647 1661 Italica
670 1624 810 1666 Synodo
832 1634 887 1671 pet
905 1623 1020 1655 omnia
1041 1619 1180 1663 superio-

288 1689 375 1712 tem.
406 1677 448 1710 Et
460 1675 545 1710 certe
568 1672 749 1707 Ecclesiam
774 1662 1082 1715 pessimistoribus
1107 1681 1176 1703 non

290 1725 501 1761 solummodo
514 1722 753 1759 scandalizabat
766 1745 776 1760 ‚
805 1722 860 1754 sed
873 1721 1016 1754 omnino
1039 1720 1179 1753 devasta-

290 1776 345 1810 bat
357 1777 496 1819 Ioannes
512 1787 520 1807 ι
550 1771 628 1808 Erat
643 1773 772 1814 insuper
784 1770 926 1805 intrusus
938 1769 1094 1808 violentia
1106 1769 1180 1804 Lai·

289 1837 326 1861 ca
339 1851 348 1867 ,
375 1827 409 1860 &
423 1837 488 1860 non
504 1824 632 1858 tantum
645 1834 686 1856 ex
699 1821 802 1855 Laico
814 1845 825 1861 ‚
852 1820 907 1854 sed
921 1821 1020 1855 etiam
1048 1831 1089 1854 ex
1102 1831 1176 1863 pue-

288 1889 326 1912 ro
352 1886 467 1911 contra
495 1870 756 1908 fundamentales
777 1880 916 1915 paternae
928 1869 1105 1912 disciplinae
1118 1869 1178 1904 Ca-

290 1939 391 1961 nones
420 1926 454 1959 in
490 1925 688 1968 Episcopum
713 1923 920 1963 consectatus
943 1945 951 1953 .
994 1919 1088 1954 Hinc
1109 1931 1177 1954 non

287 1975 455 2022 degradari
486 1975 590 2018 ipsum
610 1973 761 2016 oportuit
784 1995 795 2011 ‚
823 1971 877 2005 sed
904 1972 1063 2009 intrusum
1086 1969 1178 2005 dum-

286 2035 377 2061 taxat
387 2024 516 2060 extrudi
533 2048 543 2064 ,
554 2023 602 2057 uti
617 2023 700 2059 olim
717 2024 837 2059 fastum
848 2021 952 2056 fuerat
965 2021 1068 2059 Laieo
1086 2021 1173 2056 Con-

286 2076 431 2111 stantino
445 2100 452 2108 .
483 2074 632 2109 Eandem
646 2072 842 2109 sententiam
856 2074 891 2108 in
903 2085 1002 2117 opere
1014 2074 1057 2107 de
1078 2073 1177 2114 Papa-

288 2127 311 2159 li
352 2127 384 2160 &
408 2125 515 2169 Regia
540 2123 699 2167 potestate
721 2131 830 2161 tuetur
854 2124 1004 2164 pertinax
1027 2119 1174 2164 Philippi

288 2174 420 2208 Pulchri
434 2171 631 2207 Francorum
644 2171 748 2215 Regis
769 2171 939 2206 adversum
964 2170 1175 2206 Bonifacium

288 2226 440 2257 octavum
463 2223 661 2257 Pontificem
681 2222 832 2256 defensor
858 2222 998 2264 Joannes'
1018 2222 1059 2255 de
1088 2221 1173 2254 Pari·

288 2274 338 2307 fiis
351 2299 358 2306 .
387 2275 429 2307 Er
454 2282 491 2307 ut
512 2273 571 2306 fibi
596 2272 651 2315 ips:
664 2270 842 2311 cohaereat,
869 2271 960 2306 addit
975 2271 1111 2306 similem
1124 2282 1175 2305 ex-

287 2323 462 2358 trufionem
477 2323 545 2356 fieri
559 2323 646 2366 poffe
667 2333 735 2356 non
752 2321 859 2354 solum
881 2321 922 2355 ab
948 2322 1061 2355 italica
1073 2322 1175 2364 syno-

287 2373 332 2408 do
345 2398 355 2413 ‚
382 2373 435 2407 sed
447 2373 545 2406 etiam
558 2373 576 2406 ὲ
591 2371 749 2416 Collegio
765 2370 994 2405 Cardinalium
1009 2394 1017 2403 .
1046 2370 1175 2405 Eodem

288 2424 357 2467 jure
368 2424 505 2456 affirmat
519 2422 719 2466 Gregorium
733 2422 861 2455 sextum
883 2422 976 2454 fuisse
1008 2422 1174 2456 extrusum

290 2474 430 2508 &coacta
444 2484 498 2515 per
508 2472 694 2506 Henricum
705 2475 836 2505 tertium
862 2472 1094 2514 Imperatorem
1117 2472 1173 2513 Sy-

292 2523 384 2558 nodo
396 2549 403 2556 .
433 2523 476 2557 Et
487 2521 573 2556 certe
584 2522 662 2555 dum
675 2521 809 2555 intrusio
820 2520 865 2554 est
878 2520 1048 2555 manifesta
1061 2545 1072 2560 ,
1099 2532 1173 2555 vera

290 2575 355 2607 effe
369 2572 462 2615 poffit
477 2573 534 2605 ista
547 2572 664 2615 opinio
676 2597 683 2603 .
711 2571 760 2604 Ita
772 2571 864 2604 enim
875 2569 1061 2604 simoniace
1074 2571 1174 2605 intru-

291 2625 361 2657 sum
375 2622 573 2655 Pontificem
587 2620 809 2663 trastarijuffit
823 2619 902 2664 Julii
914 2620 1049 2657 secundi
1071 2621 1174 2664 Syno-

290 2672 352 2707 dus
377 2671 599 2707 Lateranenfis
612 2696 619 2702 .

342 2723 455 2762 Dico,
482 2725 563 2755 Dum
585 2719 701 2763 intrusio
719 2720 758 2762 est
770 2721 947 2764 manifesta.
974 2721 1110 2756 Etenim
1133 2721 1173 2756 de

292 2772 426 2807 laudato
438 2773 530 2805 sexto
544 2772 708 2816 Gregorio
725 2795 735 2811 ,
758 2782 856 2813 quem
869 2771 914 2805 ob
927 2782 995 2805 non
1011 2771 1106 2814 piene
1125 2772 1170 2805 lu-

291 2823 404 2857 cidum
428 2821 606 2855 simoniaci
629 2822 787 2867 ingr-effus
808 2822 925 2855 vitium
936 2821 1110 2855 extruserat
1126 2821 1174 2855 di-

291 2875 360 2907 &us
382 2873 561 2914 Imperator
581 2871 747 2906 Henticus
767 2896 777 2911 ,
819 2870 899 2905 dum
921 2871 1074 2905 defunsto
1099 2871 1172 2905 Cle-

290 2922 395 2957 menti
430 2919 573 2955 secundo
606 2931 730 2956 novum
757 2922 955 2956 Pontificem
982 2932 1171 2965 promovere

290 2982 413 3015 pararet
424 2971 512 3005 idem
524 2970 680 3013 Princeps
690 2994 701 3010 ,
728 2972 851 3015 scripfit
865 2972 970 3005 Wazo
982 2971 1171 3006 Leodienfis

292 3022 474 3065 Episcopus
493 3035 503 3054 :
530 3023 854 3063 Recogitetvse’renitas
878 3021 976 3062 vestra
998 3046 1008 3062 ‚
1034 3033 1071 3054 ne
1089 3020 1171 3062 forte*

291 3073 382 3105 sedes
397 3072 508 3103 Summi
523 3071 674 3113 Pontificis
687 3092 698 3108 ‚
722 3072 828 3116 injuste
841 3074 860 3103 ἃ
874 3072 980 3114 quibus
991 3083 1048 3104 non
1070 3071 1170 3104 debuit

291 3119 413 3164 depositi
424 3143 434 3158 ‚
459 3118 515 3162 ipsi'
522 3118 723 3160 Divinitussit
736 3120 888 3163 reservata
903 3146 912 3161 ,
938 3126 1038 3155 cumis
1049 3145 1060 3161 ,
1085 3132 1170 3162 quem

290 3177 358 3206 vice
379 3173 446 3212 ejus
470 3167 693 3208 inthronizastis
710 3193 720 3209 2
746 3176 814 3204 vita
834 3174 978 3206 decedens
996 3176 1092 3214 priori
1116 3172 1170 3204 ad-

290 3221 347 3254 buc
367 3219 518 3264 superstiti
538 3218 745 3256 restituendam
768 3223 931 3264 reIIquerit.
965 3225 1012 3254 Et
1034 3226 1170 3264 quoniam

289 3271 376 3305 vobis
387 3269 558 3311 complacuit
571 3268 697 3309 nostram
705 3266 796 3311 super
812 3270 859 3304 bis
869 3272 1040 3316 efflagitare,
1052 3270 1170 3314 senten·

289 3327 367 3356 tiam
392 3345 402 3361 ,
427 3320 516 3353 liceat
541 3343 551 3360 ,
576 3317 672 3361 quaeso
693 3344 703 3359 ‚
725 3327 799 3360 pace
818 3321 934 3363 vestra,
962 3326 1090 3355 omnium
1113 3324 1170 3354 Ec-

289 3369 496 3411 clefiasticorum
509 3369 664 3402 Doc‘lorum
678 3367 833 3411 sententiis
857 3372 990 3413 instrucio
1002 3397 1012 3412 ,
1035 3370 1170 3414 proferre

288 3422 371 3462 quod
374 3419 481 3461 justius
494 3419 545 3462 esse
551 3417 745 3462 perspexero.
777 3424 853 3454 Cum
863 3428 941 3456 enim
945 3426 979 3467 J
981 3424 1051 3456 udae
1073 3422 1168 3458 tradi-

390 3469 496 3511 Christ.
502 3473 581 3513 Lupi
594 3473 682 3514 Oper-
693 3473 807 3505 Tom.V.

1246 436 1341 458 corum
1359 426 1426 467 fieri
1446 425 1568 458 debere.
1595 429 1654 459 Sed
1678 430 1712 462 (ἔτι
1727 428 1777 460 boc
1787 430 1873 462 liceat
1893 428 2032 462 audacia
2053 436 2123 470 pro-

1244 1223 1380 1265 Synodo.
1400 1222 1533 1264 judicari
1558 1224 1672 1266 posse,
1699 1223 1754 1258 sed
1775 1225 1794 1258 a
1816 1225 1886 1258 solo
1899 1225 1996 1257 Deo:
2024 1225 2066 1257 Et
2082 1223 2127 1262 ita

1242 1272 1418 1308 contestari
1430 1282 1497 1306 tam
1511 1272 1655 1307 Divinas
1670 1275 1794 1317 Leges,
1820 1275 1917 1318 quam
1933 1272 2131 1311 Ecclesiasti-

1117 350 1127 364 ,
1153 326 1185 358 (θ’
1227 316 1399 366 zeat-emplo,
1421 334 1479 365 per
1503 326 1709 367 Ecclefiasticos
1732 328 1879 366 ministros
1903 353 1913 367 ‚
1940 327 2047 371 absque
2066 328 2124 370 sae·

1247 377 1341 408 culari
1353 380 1490 416 potentia
1506 399 1516 414 ‚
1545 377 1694 411 elec‘iiones
1723 380 1757 411 (⁷5
1772 384 1967 420 promotiones
1990 377 2122 420 Apostoli,-

1247 475 1345 513 testari
1378 501 1388 515 ,
1414 474 1581 509 elec‘lionem
1602 477 1788 517 apostolicam
1811 503 1822 518 ‚
1845 478 1897 522 seu
1913 483 2121 521 promotionem

1246 524 1438 566 Ecclesiastico
1469 531 1530 558 ritu
1551 527 1679 568 legitime
1702 528 1876 561 celebratam
1900 553 1910 568 ‚
1937 531 2122 575 ordinatione

1247 578 1364 607 Divina
1384 573 1509 613 constare
1531 582 1657 609 muniri.
1686 579 1878 621 ‚Quapropter
1897 586 1930 611 ut
1951 577 2055 618 vestrae
2073 577 2123 621 sa-

1245 626 1300 656 luti
1311 631 1431 665 pariter
1457 624 1643 665 &honestati
1654 638 1808 670 congruum
1828 627 1914 661 vobis
1932 628 2121 670 praebeamus

1243 672 1407 715 confilium,
1433 673 1545 715 definat
1555 676 1726 710 Sublimitas
1737 678 1833 716 vestra
1843 677 1929 718 huic,
1955 683 2007 720 qui
2018 677 2122 721 super-

1238 723 1298 764 stes
1324 723 1379 764 est,
1406 726 1499 757 alium
1517 724 1747 767 superordinare
1769 730 1961 770 Pontificem,
1988 739 2024 761 ne
2037 735 2121 769 repu-

1239 786 1334 817 gnare
1353 776 1519 808 videamini
1541 776 1719 808 ordinationi
1740 780 1865 811 Divina*
1883 792 1893 810 .-
1922 780 2006 820 ,Quia
2027 787 2123 810 conte-

1238 825 1387 864 stantibus
1410 834 1475 858 tam
1504 827 1632 858 Divinis
1656 826 1787 868 Legibus
1812 838 1903 868 quam
1920 826 2121 866 Ecclefiasticis

1246 877 1376 911 Decretis
1389 898 1400 914 ‚
1425 878 1445 910 ἃ
1470 881 1607 916 nemine,
1633 874 1690 916 nisi
1715 875 1800 919 &solo
1826 879 1888 909 Deo
1891 877 2026 915 judicari
2037 876 2122 911 debet

1244 928 1327 957 Petri
1339 929 1492 959 Vicarius.
1523 925 1634 959 Exstat
1647 926 1794 969 Epistola
1817 926 1903 969 apud
1927 924 2123 960 Anselmum

1242 973 1385 1016 ejusdem
1407 976 1557 1010 Ecclefiae
1569 976 1801 1010 Canonicum.
1830 977 1898 1012 Hic
1921 976 1966 1009 est
1982 976 2038 1009 ille
2058 986 2125 1010 tna·

1243 1034 1326 1067 gnus
1341 1025 1517 1069 Episcopus
1532 1027 1636 1060 Wazo
1659 1051 1669 1066 ‚
1696 1027 1748 1060 cui
1762 1028 1824 1061 fuit
1842 1026 1961 1061 merito
1972 1026 2125 1067 scriptum

1243 1073 1308 1106 hoc
1323 1073 1533 1116 Epitaphium
1547 1088 1554 1107 :
1585 1081 1663 1110 Ante
1673 1085 1738 1110 ruet
1748 1078 1879 1110 mundus
1891 1101 1902 1117 ‚
1917 1078 2009 1118 quium
2017 1073 2125 1118 surgat

1243 1125 1344 1158 Wazo
1363 1122 1508 1165 secundus
1533 1150 1540 1156 .
1581 1126 1706 1159 Lucide
1727 1128 1897 1170 profitetur
1933 1126 2126 1165 Romanum

1244 1173 1442 1216 Episcopum
1467 1185 1526 1207 nec
1552 1173 1593 1208 ab
1618 1174 1763 1213 Italicas
1781 1188 1841 1209 nec
1864 1176 1904 1209 ab
1917 1175 2128 1213 OEcumenica

2147 919 2182 948 C·
2206 923 2269 950 106·

1243 1334 1280 1358 ca
1293 1323 1434 1358 Decreta
1446 1347 1452 1354 -
1481 1322 1553 1359 Nec
1566 1322 1632 1366 fuit
1643 1323 1804 1358 Romanae
1817 1324 1925 1359 Curiae
1937 1323 2084 1369 adulator
2093 1346 2102 1356 2

1242 1567 1460 1634 Exponitur
1498 1565 1676 1633 palmare
1700 1568 2011 1631 fundamentum·
2033 1606 2047 1630 ‚
2082 1590 2133 1630 ex

1311 1653 1380 1704 quo
1420 1634 1538 1701 aliqui
1581 1642 1797 1695 Romanum
1847 1638 2063 1704 Pontificem

1414 1704 1564 1756 credunt
1587 1707 1758 1772 generali
1798 1708 1958 1774 Concilio

1555 1775 1770 1853 fibjffum
1780 1813 1791 1837 ς

1242 1917 1570 2003 FUndamentum
1594 1923 1660 1960 hoc
1682 1925 1821 1971 exponit
1859 1927 1893 1962 in
1928 1927 2003 1964 data
2027 1927 2133 1974 Euge-⁴

1334 1973 1382 2006 nii
1405 1974 1511 2016 quarti
1534 1975 1667 2019 Legatis
1692 1977 1919 2020 Responfione
1952 1979 2132 2013 Bafileenfis

1237 2021 1415 2063 synodus:-
1442 2025 1664 2067 ,Qualecumque
1686 2037 1790 2060 nomen
1826 2029 1986 2070 dignitatis
2011 2037 2066 2061 aut
2081 2036 2134 2070 po-
2155 2040 2236 2081 Epjst·
2252 2050 2280 2078 3,

1236 2069 1351 2108 testatis
1378 2073 1415 2103 de
1434 2075 1523 2113 Papa
1529 2073 1678 2115 scriptum
1705 2081 1880 2117 invenitur,
1904 2079 1951 2112 ad
1964 2079 2133 2121 particula-

1236 2130 1285 2152 res
1306 2118 1498 2161 quosbumque
1531 2121 1663 2154 homines
1702 2126 1738 2156 ὠ·
1755 2126 1921 2168 fingulares
1955 2126 2133 2168 Ecclefiasti-

1235 2180 1280 2201 cos
1302 2168 1491 2210 referendum
1515 2169 1553 2207 est
1567 2195 1578 2211 ,
1604 2182 1662 2204 non
1681 2170 1777 2214 supra
1801 2176 2000 2218 universalem
2027 2179 2127 2212 Eccle-

1227 2218 1326 2260 stam,
1351 2225 1397 2252 ita
1421 2229 1453 2252 ut
1462 2221 1562 2261 potius
1588 2223 1675 2263 Papa
1699 2223 1856 2264 Ecckglrae,
1884 2227 1975 2267 quam
1999 2227 2125 2268 Ecclesia

1236 2277 1300 2301 tota
1315 2272 1408 2310 Rapa
1423 2269 1537 2302 obedire
1548 2280 1666 2313 cogatur
1677 2295 1684 2302 .
1714 2277 1800 2306 Nam
1812 2273 1865 2315 etsi
1874 2277 1962 2317 Papa
1985 2279 2080 2317 major
2085 2276 2124 2318 fit

1235 2323 1267 2351 in
1282 2319 1409 2360 Ecclefia
1422 2331 1433 2359 ,’
1448 2330 1514 2352 'non
1527 2329 1628 2354 tamen
1638 2323 1735 2361 major
1757 2322 1795 2362 est
1814 2331 1880 2357 tota
1891 2325 2016 2367 Ecclesia
2029 2352 2036 2358 .
2065 2331 2124 2360 Uni

1236 2377 1339 2401 autem
1362 2375 1457 2412 quare
1474 2369 1592 2402 »aridum
1611 2369 1670 2411 fit,
1701 2372 1771 2404 Tibi
1790 2374 1865 2406 dabo
1890 2376 2004 2410 claves
2026 2380 2123 2420 Regni

1237 2418 1525 2462 calorum,1·sanlii
1548 2420 1684 2454 nociores
1705 2430 1860 2465 exponunt
1879 2449 1889 2464 ‚
1915 2436 1948 2459 ur
1974 2431 2122 2460 unitatem

1239 2468 1405 2511 designaret
1421 2468 1569 2512 Eoelefiae.
1600 2474 1647 2503 Ει
1669 2472 1732 2505 ideo
1759 2473 1799 2506 ab
1822 2481 1940 2509 unitate
1966 2479 2121 2510 exordium

1235 2518 1447 2563 proficiscitur,
1472 2528 1505 2553 ut
1517 2519 1643 2562 Ecclefia
1654 2521 1765 2563 Christi
1773 2534 1836 2557 una
1845 2526 1895 2568 effe
1915 2525 2121 2566 demonstrare·

1237 2577 1302 2601 tur.
1332 2573 1378 2602 Ει
1401 2573 1531 2611 Petrus,
1557 2572 1676 2616 quando
1699 2574 1804 2608 claves
1826 2580 1939 2617 accepit
1954 2601 1965 2616 ‚
1989 2584 2022 2609 ut
2046 2578 2118 2612 dicit

1239 2619 1433 2662 Augustinus,
1462 2619 1619 2662 Ecclesiam
1632 2621 1835 2666 fignificavit.
1864 2626 2029 2669 Loquitur
2040 2638 2117 2660 cum

1236 2669 1370 2712 Joannis
1381 2671 1537 2705 Gersonis
1547 2672 1705 2715 opusculo
1729 2673 1770 2707 de
1783 2676 1938 2718 potestate
1961 2676 2118 2710 Ecclesia-

1235 2720 1332 2758 stica,
1357 2720 1414 2763 qui
1438 2720 1691 2755 Ecclefiasticam
1709 2724 1902 2766 potestatem
1915 2736 1984 2760 non
2005 2726 2117 2760 imme-

1234 2768 1320 2803 diate
1336 2768 1435 2804 Petro
1446 2779 1502 2804 aut
1513 2770 1581 2814 ejus
1593 2771 1627 2804 in
1641 2772 1799 2808 Romano
1821 2775 2020 2819 Episcopatu
2041 2777 2116 2810 Suc-

1232 2819 1405 2854 cessoribus
1427 2819 1536 2856 datam
1560 2822 1697 2856 affirmat
1719 2823 1737 2856 ὲ
1760 2822 1896 2859 Christo
1931 2826 2085 2860 Domino
2103 2850 2115 2865 ‚

1232 2870 1286 2905 scd
1307 2869 1478 2904 universali
1491 2871 1641 2905 Ecclefiae
1663 2896 1675 2912 ,
1700 2872 1862 2916 &probat
1886 2886 1928 2908 ex
1949 2874 2015 2909 hoc
2035 2876 2116 2918 ejus-

1233 2919 1307 2954 dem
1322 2919 1465 2954 Domini
1480 2920 1599 2955 verbo:
1626 2924 1658 2955 si
1669 2933 1809 2967 peccans
1820 2925 1854 2958 in
1869 2933 1900 2958 te
1911 2924 2005 2959 frater
2014 2932 2043 2958 te
2056 2936 2114 2958 non

1231 2971 1358 3009 audierit
1391 2994 1402 3011 ,
1428 2971 1477 3004 dic
1496 2970 1631 3012 Ecclesia
1651 2998 1659 3004 .
1694 2972 1817 3016 Papam
1853 2975 1992 3008 affirmat
2027 2975 2114 3009 inter

1232 3021 1342 3056 fratres
1367 3020 1605 3055 numerandum
1617 3045 1629 3061 ,
1656 3032 1717 3055 nec
1736 3023 1992 3068 intelligendum
2011 3024 2045 3060 in
2057 3036 2112 3058 no.-

1232 3071 1322 3104 mine
1344 3070 1512 3105 Ecclefiae.
1543 3073 1696 3114 ,Quoniam
1718 3071 1852 3115 Christus
1865 3076 1953 3107 Petro
1975 3075 2112 3117 loqueba-

1231 3125 1363 3162 tur-,qui
1374 3131 1433 3153 non
1445 3120 1561 3163 dixisset
1564 3120 1620 3162 sibi
1631 3120 1687 3162 ipsi
1692 3145 1700 3154 .
1728 3122 1773 3156 Et
1786 3124 2007 3168 prosequitur:
2036 3128 2112 3157 Con·
2131 3106 2283 3153 C⁰¹¹f¹d⁸i²

1231 3171 1359 3203 cluditur
1370 3171 1587 3211 expraemiffis,
1614 3172 1694 3213 quod
1704 3170 1733 3213 ſs
1755 3173 1883 3214 potestas
1902 3172 2053 3214 pradilia
2068 3173 2109 3214 fit

1232 3221 1306 3252 data
1318 3219 1448 3261 Ecclefiae
1460 3245 1470 3260 ‚
1498 3221 1660 3254 Concilium
1667 3223 1807 3265 gencrale
1816 3221 2036 3264 repraesentans
2049 3226 2109 3256 Ec-

1230 3268 1339 3310 cleſsam
1359 3269 1449 3304 babet
1459 3272 1557 3303 illam.
1586 3275 1679 3305 Immo
1691 3273 1810 3305 videtur
1835 3273 1916 3315 quod
1927 3271 2055 3315 Ecclesia
2074 3281 2109 3306 ut

1225 3317 1348 3362 sparfim
1357 3320 1536 3361 considerata
1547 3332 1604 3354 non
1616 3321 1704 3354 babet
1717 3321 1803 3354 illam
1808 3321 1979 3363 potestatem
1992 3346 2002 3361 ,
2012 3320 2108 3365 nisiin

1231 3370 1356 3411 quodam
1369 3371 1518 3404 materiali
1524 3370 1580 3414 suo
1589 3372 1768 3413 potentiali,
1789 3370 1847 3413 sed
1854 3376 2032 3416 congregatio
2045 3370 2106 3414 sua

1232 3422 1265 3457 (τ
1274 3425 1384 3461 unitio,
1395 3428 1461 3463 quae
1469 3420 1506 3461 fit
1515 3425 1546 3457 in
1559 3422 1829 3505 Concilissgznerali
1840 3445 1851 3462 ‚
1864 3424 1919 3457 dat
1929 3428 1955 3456 ei
1959 3420 2108 3463 formam,

1984 3470 2057 3513 sicut
