2366 3756
114 3054 164 3090 Ep·
193 3058 240 3085 74-

385 112 482 188 3621v

692 128 735 172 S.
773 126 1090 174 Gneooau
1130 116 1762 177 swnm‘PoNrirrcrs

313 222 393 249 nam
404 222 513 249 autern
525 208 701 245 Ecclesiam
729 207 921 243 dottiffimis
946 209 1068 253 semper
1100 208 1202 245 abun-

310 264 399 299 dzffe
425 264 521 301 viris,
548 259 688 306 ideoque
713 259 843 294 summae
868 259 992 304 semper
1017 260 1052 293 δε
1079 259 1201 302 ubique
1259 258 1356 297 docia
1380 259 1633 304 Metropolitam
1656 273 1694 296 ac
1717 260 1864 296 Ponticae
1889 262 2048 299 Dioeeefis
2074 266 2144 301 Pri.

1262 220 1323 246 nUS
1335 236 1342 246 ι

310 313 400 348 fuisse
426 311 645 354 austeritatis,
672 308 751 345 reete
778 308 812 342 in
842 308 928 342 libro
944 307 1093 345 adversus
1107 308 1200 353 Vigi—
1260 317 1406 352 matem',
1433 310 1578 358 itemque
1600 310 1771 347 Helenum
1783 309 2002 347 Tharsensem
2015 314 2142 351 Ciliciae

309 362 450 398 lantium
478 361 599 407 scripsit
636 361 771 397 Sanetus
807 358 1036 405 Hieronymus
1058 384 1064 392 .
1105 358 1199 395 Hinc
1263 360 1535 405 Metropolitam,
1561 361 1595 396 δε
1621 373 1737 398 omnes
1761 361 1827 396 illis
1848 360 2046 397 adhaerentes
2066 364 2142 409 Epi-

308 413 531 457 dogmaticam
558 413 648 448 suam
661 435 672 453 ‚
697 421 760 454 qua
788 408 926 447 datam&
940 411 1058 445 Sansto
1070 408 1198 446 Flavia·
2156 442 2176 473 L

306 473 354 496 no
377 459 752 506 Constantinopolitano
768 457 933 508 Episcopo
955 457 988 496 in
1003 459 1198 506 Eutychetis
1259 459 1480 496 Ecclesiastica
1502 458 1638 497 historia
1663 461 1825 496 Eusebius
1844 461 2042 506 Cesareensis
2059 488 2067 496 .
2097 464 2142 501 Et
2178 450 2219 479 '⁷‘
2261 465 2263 468 '

306 523 428 547 errores
450 512 645 548 sententiam
666 510 875 547 confirmarat
895 533 907 552 ,
943 509 1124 556 Epistolam
1146 521 1196 546 ro-

306 561 420 598 borare
441 563 557 600 volens
579 563 712 598 sanstus
734 562 805 597 Leo
829 560 998 608 Magnus,
1023 559 1195 596 discutien-

304 613 382 648 dam
401 613 434 649 δε
457 610 659 659 probandam
683 609 827 646 submisit
849 608 987 657 Synodo
1025 608 1193 647 Ravennii

303 662 556 708 Archiepiscopi
583 661 797 704 Arelatensis,
824 661 871 698 sui
891 670 947 707 per
967 660 1112 697 Galliam
1134 659 1193 698 Vi·

301 713 403 748 carii.
431 708 580 748 Laudaita
603 711 752 756 Epistola
773 711 836 748 esse
856 709 993 747 debebat
1011 708 1131 756 Papale
1156 710 1190 744 in

301 760 563 798 Chalcedonensi
585 761 724 804 synodo
738 761 927 806 suffragium
941 785 952 802 ,
976 760 1106 807 Synodi
1126 759 1193 795 Re-

300 812 379 859 gula
389 822 488 858 atque
499 812 677 848 Diree'h‘ix.
705 810 808 863 Qod
821 812 922 855 ipsam
934 812 992 844 suo
1002 811 1132 855 corpori
1144 812 1190 845 su-

298 863 494 907 perpositam
516 862 675 898 miraculo
696 862 914 897 confirmasset
928 861 1062 896 Sanctus
1073 861 1188 897 Petrus

1259 411 1394 457 scopos,
1419 408 1560 446 omnin&
1576 411 1932 453 excommunicaverit,
1959 412 2096 448 affirmat
2107 415 2140 450 in

1256 510 1301 546 eis
1324 522 1393 546 non
1412 510 1472 545 soli
1496 510 1708 555 Cappadoces
1726 510 1913 559 &,Cilices,
1940 512 2140 558 sedinsuper

1257 558 1382 595 Galatae
1394 583 1406 602 ‚
1430 560 1603 605 Lycanoes
1613 584 1625 604 ‚
1647 561 1840 607 &Phryges
1850 561 2067 607 adhaeserant3
2093 565 2138 601 fe·

1255 620 1432 655 ceramque
1454 611 1559 647 varias
1577 610 1726 647 adversus
1746 610 1947 656 Stephanum
1960 613 2135 657 synodos,

1254 661 1426 705 praesertim
1447 661 1653 698 Iconiensem
1663 674 1701 698 ac
1712 662 1957 708 Synnadensem
1969 685 1977 696 .
2003 663 2048 700 Et
2058 663 2136 700 hinc

1254 708 1345 754 quod
1356 709 1512 756 plurimos
1523 722 1599 748 cum
1611 713 1675 747 suis
1695 712 1852 758 gregibus
1871 712 2051 757 Episcopos
2069 715 2137 750 Ste-

1254 759 1380 806 phanus
1409 761 1608 805 absciderit,
1631 762 1741 800 scribit
1750 763 1790 798 ad
1805 763 2010 807 cyprianum
2021 764 2138 799 Firmi-

1253 812 1361 846 lianus
1372 837 1379 847 .
1408 812 1453 846 Et
1464 811 1571 858 pergit
1583 813 1625 848 de
1635 813 1797 859 Cypriani
1807 812 1848 849 ad
1858 812 2062 859 Stephanum
2072 815 2137 850 Le-

1251 862 1336 906 gatis
1348 876 1358 896 .·
1387 866 1512 907 Legatos
1524 861 1682 907 Episcopos
1690 868 1846 907 patienter
1860 861 1942 909 satis
1968 876 2006 900 ac
2027 865 2135 910 &niter

297 912 505 957 Apostolus,
530 913 669 950 affirmat
690 913 724 947 in
751 911 852 945 Prato
875 911 1036 956 spirituali
1053 913 1188 947 Sanssus
1244 910 1393 955 suscepit,
1420 922 1454 947 ut
1465 925 1510 947 eos
1523 924 1575 948 nec
1589 915 1634 947 ad
1636 913 1799 958 sermonem
1806 911 1915 958 saltem
1925 915 2134 959 colloquiicom-

297 961 507 1007 Sophronias
523 961 710 999 Parriarcha
730 961 1074 1006 Hierosolymitanus.
1103 962 1188 997 Lau-

297 1012 394 1047 datus
404 1013 564 1050 Pontifex
575 1014 704 1059 insuper
714 1012 951 1049 consulendam
961 1012 1086 1048 censuit
1110 1012 1187 1047 Gal·

294 1063 437 1099 licanam
449 1062 627 1101 Ecclesiam
639 1088 651 1106 ,
664 1073 724 1099 nec
737 1062 795 1098 nisi
806 1062 847 1099 ab
859 1063 926 1106 ipsa
936 1062 1106 1108 probatam
1120 1063 1186 1106 epi·

294 1113 411 1149 stolam
423 1114 556 1151 mittere
568 1110 814 1149 chalcedonem
825 1135 836 1153 ,
862 1112 966 1147 sciens
977 1122 1056 1146 tunc
1067 1112 1085 1146 a
1100 1112 1185 1146 Grae-

293 1175 409 1200 corum
437 1164 677 1209 Episcoporum
703 1163 835 1197 nemine
855 1161 1090 1205 respuendam.
1118 1160 1185 1195 Ve·

292 1214 366 1248 rt‘im
382 1215 564 1251 Gallicanae
574 1214 766 1248 Dioeceseos
790 1212 935 1245 latitudo
950 1234 961 1249 ‚
987 1211 1022 1243 ὅ(
1046 1208 1181 1245 hiberna

291 1264 368 1299 coeli
391 1264 601 1298 inclementia
623 1261 835 1294 Ravennium
857 1259 1078 1303 impedierunt
1100 1259 1181 1294 aco-

290 1311 398 1357 genda
421 1312 582 1356 synodo:
611 1310 695 1345 Eam
721 1320 840 1357 cogere
866 1321 934 1345 non
963 1309 1096 1352 potuit,
1120 1311 1178 1344 nifi

289 1362 362 1407 post
390 1360 551 1406 perastam
577 1358 886 1396 Chalcedonensem
904 1386 913 1395 ,
944 1359 1050 1396 Tunc
1070 1370 1179 1395 tamen

288 1410 397 1447 voluit
418 1422 561 1456 cogere,
588 1411 749 1455 suumque
760 1410 794 1444 δε
808 1410 898 1445 illius
906 1409 947 1445 de
961 1409 1093 1446 laudata
1106 1411 1179 1455 Epi·

286 1461 372 1496 stola
393 1460 555 1508 judicium
567 1458 725 1496 Pontifici
743 1461 875 1495 referre.
901 1460 1007 1504 ipsam
1021 1460 1177 1497 mirelau-

284 1511 342 1548 dat
366 1536 378 1552 ‚
411 1522 510 1557 atque
535 1511 685 1556 adjungit
707 1523 715 1544 :
753 1512 834 1554 ,ραι
872 1510 1054 1553 Apostolatus
1092 1511 1180 1554 vestri

283 1565 404 1605 Scripta
416 1585 427 1602 ,
451 1569 497 1597 ita
516 1569 548 1596 ut
558 1561 720 1602 symbolum
729 1560 801 1604 fidei·
811 1585 823 1602 ,
849 1559 986 1605 quisquis
1003 1562 1177 1603 redemptio-

284 1617 333 1647 nis
345 1614 539 1648 Sacramenta
550 1623 607 1646 non
618 1612 743 1656 negligit
754 1634 764 1651 ,
780 1609 892 1644 tabulis
904 1611 1000 1644 cordis
1013 1608 1072 1653 ads
1070 1610 1178 1652 cripfit,

283 1664 320 1698 (ν
331 1668 451 1701 tenaci,
481 1669 538 1705 quo
547 1661 593 1694 ad
609 1660 830 1703 confundendos
842 1663 1054 1693 Haereticorum
1067 1670 1179 1693 errores

279 1718 415 1758 paratior
417 1710 468 1755 fit,
478 1715 628 1746 memoriae
637 1710 860 1747 commendavit
870 1731 877 1741 .
905 1706 1070 1754 Loquitur
1081 1708 1122 1743 de
1135 1707 1180 1742 A·

282 1761 488 1806 postolorum
509 1760 687 1805 symbolo,
712 1771 780 1804 quo
793 1759 865 1804 post
881 1757 1073 1794 Canonicas
1096 1758 1179 1793 litte·

282 1823 332 1847 ras
354 1811 496 1847 Ecclesia
509 1811 596 1846 nihil
618 1809 734 1845 habuit
746 1809 905 1845 santiius:
933 1809 978 1844 Et
988 1808 1067 1843 huic
1078 1806 1178 1854 Papa-

282 1863 348 1898 lem
361 1859 543 1907 Epistolam
554 1858 761 1907 aequiparavit
773 1883 781 1893 .
804 1858 861 1894 Ab
871 1859 938 1903 ipsa
949 1882 960 1899 ‚
972 1870 1039 1894 non
1049 1859 1067 1893 a
1080 1857 1179 1894 Chai·

282 1912 457 1947 cedonensi
467 1912 607 1956 Synodo
618 1912 756 1946 affirmat
766 1909 956 1945 exstinetam
979 1909 1178 1952 Eutychetis

281 1962 447 1998 haerefim:
473 1961 579 2012 Qod
592 1962 710 2006 nempe
721 1960 789 1995 haec
810 1972 867 2004 per
890 1959 985 1993 istam
1009 1958 1176 1992 exstinxis-

282 2014 330 2048 set
343 2038 350 2046 .
378 2014 422 2047 Et
437 2012 505 2047 haec
515 2012 630 2048 omnia
641 2008 756 2046 fundat
766 2011 802 2043 in
812 2007 991 2041 authoritate
1011 2006 1176 2049 Apostolr'cae

281 2064 394 2102 Sedis,
419 2063 499 2096 unde
508 2063 657 2105 religionis·
676 2056 750 2101 fims
777 2057 813 2092 ὁ·
832 2062 910 2099 origo
930 2061 1092 2088 manavit.
1119 2056 1170 2090 Ita

281 2112 366 2148 olim
379 2112 471 2145 sensit
484 2110 660 2149 Gallicana
673 2104 817 2140 Ecclesia
827 2129 836 2138 .

332 2159 462 2196 Verum
478 2157 567 2192 hisce
576 2155 733 2193 omnibus
744 2154 889 2201 graviter
899 2154 1025 2191 obstare
1039 2155 1172 2191 videtur

281 2209 392 2247 Sanffi
404 2207 564 2253 Cypriani
575 2205 839 2252 Carthaginensis
851 2204 1100 2251 Archiepiscopi
1116 2207 1174 2250 Sy-

281 2261 391 2297 nodus
402 2282 414 2303 ,
439 2258 474 2295 &
484 2258 704 2294 controversia
716 2255 870 2292 adversus
882 2258 1036 2291 Sanstum
1048 2257 1171 2306 Papam

281 2310 503 2356 Stephanum.
531 2307 688 2345 Africana
698 2307 780 2342 olim
794 2330 805 2347 ,
831 2306 926 2343 uti&
943 2306 1112 2348 Romana,
1133 2318 1170 2341 ac

281 2362 394 2397 omnis
422 2359 487 2394 fere
512 2357 571 2393 sub
597 2358 683 2394 coelo
718 2357 859 2392 Ecclesia
887 2357 965 2393 foris
991 2355 1173 2402 baptizatos

281 2408 450 2447 haereticos
462 2419 560 2454 atque
588 2407 813 2445 schismaticos
838 2408 963 2452 semper
989 2408 1058 2443 sine
1082 2418 1171 2450 novo

283 2461 473 2508 baptismate
488 2458 614 2495 admisit
627 2471 681 2504 per
704 2459 807 2494 solam
834 2457 1082 2502 impositionem
1107 2468 1172 2492 ma·

282 2524 344 2548 nus
370 2509 622 2558 poenitentialis.
651 2507 812 2554 Cypriani
838 2507 1034 2543 Antecessor
1054 2506 1171 2552 Agrip-

281 2563 379 2606 pinus
392 2585 404 2602 ,
430 2572 529 2605 quem
551 2558 656 2605 aliqui
677 2561 695 2595 a
718 2560 778 2595 suo
799 2557 997 2602 Presbytero
1010 2559 1171 2602 Septimio

282 2610 500 2648 Tertulliano
523 2610 643 2646 volunt
666 2609 858 2649 sedunum,
886 2609 1009 2653 primus
1029 2608 1170 2643 mutavit

282 2673 432 2704 morem,
459 2658 644 2696 exsufflavit
666 2658 850 2694 istiusmodi
861 2658 1047 2702 Baptisma,
1072 2668 1170 2704 atque

282 2713 412 2748 iteravit
425 2737 433 2746 .
445 2711 538 2758 Qd
549 2721 628 2746 tunc
638 2709 798 2746 censuerit
809 2718 866 2744 aut
876 2709 978 2755 egerit
991 2733 1002 2750 ,
1020 2721 1061 2742 an
1074 2708 1170 2754 igno·

283 2763 403 2798 raverit
429 2762 613 2798 novitatem
637 2784 647 2800 ,
672 2772 714 2794 an
742 2758 986 2794 diffimulaverit
1013 2759 1168 2795 Romana

283 2812 426 2848 Ecclesia
440 2837 452 2852 ,
482 2812 623 2846 nescitur
633 2837 640 2845 .
667 2808 839 2858 Qudquid
850 2810 906 2850 sit,
919 2810 936 2843 a
950 2809 1060 2845 multis
1074 2809 1168 2844 Afro·

284 2873 359 2898 rum
371 2860 541 2906 Episcopis
558 2872 738 2904 numquam
751 2859 923 2894 admissum
934 2882 944 2898 ,
969 2860 987 2893 a
1000 2860 1111 2894 multis
1124 2871 1167 2894 re·

285 2913 406 2958 jectum
415 2922 559 2946 errorem
572 2910 736 2953 resumpsit
747 2911 882 2945 sanctus
904 2909 1088 2953 Cyprianus
1100 2936 1110 2952 ‚
1134 2911 1168 2945 &

285 2973 343 3008 per
355 2961 475 2996 multas
497 2961 686 2996 multorum
699 2959 909 3006 Collegarum
922 2959 1076 3003 Synodos
1092 2971 1168 2994 con-

285 3012 448 3047 firmavit.
476 3009 524 3045 At
536 3009 813 3056 serio&graviter
834 3009 1009 3044 intercessit
1035 3011 1168 3045 sanetus

285 3059 471 3106 Stephanus
495 3061 676 3101 Pontifex,
703 3057 876 3095 rescribens
889 3073 899 3093 :
926 3061 1038 3103 siquis
1058 3060 1079 3093 ὰ
1099 3071 1169 3103 qua-

285 3121 408 3155 cumque
426 3108 530 3153 baexefi
549 3117 666 3144 venerit
674 3111 718 3145 ad
726 3121 778 3144 nos
795 3135 806 3152 ,
838 3109 916 3144 nibil
923 3114 1082 3144 innovetur
1097 3134 1108 3152 ‚
1119 3108 1175 3153 nist

286 3163 367 3205 quod
386 3161 537 3196 traditum
555 3159 614 3202 est,
640 3170 673 3193 ut
699 3173 807 3195 manus
832 3160 876 3194 illi
885 3166 1055 3202 imponatur
1069 3166 1101 3194 in
1106 3169 1168 3203 par-

288 3216 445 3246 niteneiam
460 3236 468 3244 .
492 3209 599 3259 Qiod
624 3210 759 3246 obedire
783 3211 965 3246 recusantes
991 3212 1170 3255 Episcopos

288 3260 478 3302 abstinendos
486 3265 646 3303 putaverit
656 3283 668 3300 ,
693 3262 835 3296 testaturi>
848 3261 881 3295 in
893 3260 1006 3295 litteris
1017 3261 1057 3296 ad
1071 3261 1169 3296 Pom-

213 3341 219 3349 .
289 3311 400 3356 peium
429 3311 629 3355 Episcopum
649 3310 715 3355 ipse
739 3309 950 3355 Cyprianus,
975 3311 1008 3345 ὃς
1035 3312 1069 3346 in
1083 3311 1169 3345 libro

287 3362 330 3398 de
353 3359 456 3398 unico
478 3360 647 3408 Baptismo
672 3361 846 3397 confirmat
866 3362 998 3396 Sanetus
1017 3360 1170 3408 Augusti·

1250 968 1346 995 munis
1379 963 1550 1001 admitteret
1560 986 1571 1006 ,
1598 964 1695 1000 adbuc
1731 963 1851 1009 insuper
1873 969 2079 998 communionis
2099 965 2134 1000 <⁰5

1248 1011 1406 1048 charitatis
1418 1025 1526 1049 memor
1538 1038 1549 1056 ,
1570 1014 1950 1058 praecipuetftaternitati
1960 1013 2108 1058 universae
2119 1036 2134 1053 ,

1248 1074 1285 1096 ne
1295 1068 1364 1105 quis
1375 1075 1422 1099 eos
1437 1068 1470 1098 in
1479 1065 1598 1098 domum
1603 1062 1690 1107 suam
1699 1070 1840 1106 reciperet
1852 1088 1864 1105 ‚
1889 1073 1924 1099 ut
1943 1065 2134 1099 venientibus

1248 1124 1305 1145 non
1313 1111 1406 1157 fidum
1412 1120 1479 1154 pax
1489 1113 1524 1147 et
1535 1119 1693 1146 communio
1703 1136 1714 1153 ,
1739 1112 1795 1159 sed
1804 1113 1839 1148 ὁ·
1850 1113 1961 1150 κᾶνω
1983 1115 2018 1150 &³
2039 1112 2136 1157 hospi·

1246 1167 1320 1194 tium
1340 1168 1494 1203 negaretur
1507 1184 1516 1193 .
1542 1158 1650 1195 Addit
1676 1161 1768 1207 quod
1794 1174 1923 1209 propter
1948 1162 2131 1200 asserendos

1247 1210 1428 1246 Haereticos
1441 1209 1603 1246 scinderet
1615 1211 1850 1247 fraternitatem
1860 1235 1872 1251 ,
1895 1214 1931 1248 ἀ
1944 1217 2126 1256 cyprianum

1244 1316 1323 1344 rium
1335 1309 1481 1355 dolosum.
1509 1311 1593 1358 Qae
1603 1311 1718 1346 omnia
1732 1310 1867 1346 suadent
1874 1312 1974 1346 etiam
1986 1323 2062 1347 cum
2077 1310 2134 1347 ad-

1244 1359 1438 1398 haerentibus
1456 1361 1629 1409 Episcopis
1655 1361 1864 1410 cyprianum
1879 1361 1972 1399 fuisse
2000 1372 2133 1399 excom?

1243 1411 1447 1448 munitarum
1460 1437 1468 1447 .

1244 1513 1378 1549 sancius
1390 1514 1572 1559 Dionysius
1588 1513 1799 1550 Alexandriae
1821 1513 2007 1550 Patriarcha
2025 1514 2131 1561 gravi-

1243 1561 1300 1596 bus
1309 1562 1350 1596 ad
1361 1563 1563 1607 Stephanum
1573 1575 1612 1599 ac
1623 1564 1690 1609 ejus
1703 1564 1896 1600 Cardinales
1911 1561 2131 1610 Presbytero:

1242 1611 1444 1656 Dionysium
1469 1614 1504 1648 δε
1528 1613 1766 1651 Philemonem
1788 1614 1906 1651 litteris
1929 1625 2132 1661 componere

1241 1660 1364 1698 studuit
1375 1663 1471 1705 ,solvi
1484 1663 1621 1696 suadens
1631 1664 1782 1706 injectum
1796 1664 1968 1699 vinculum
1978 1688 1990 1704 ,
2015 1665 2049 1698 &
2060 1674 2128 1706 per-

1242 1711 1329 1747 mitti
1341 1711 1428 1744 circa
1441 1721 1509 1755 rem
1519 1710 1656 1745 dubiam
1668 1712 1710 1746 ab
1718 1722 1919 1756 unoquoque
1930 1712 1965 1746 in
1978 1713 2038 1747 suo
2058 1713 2129 1747 seu-

1242 1758 1276 1793 su
1287 1758 1448 1794 abundari
1460 1782 1468 1792 .
1494 1757 1623 1793 Verum
1632 1758 1723 1803 qued
1735 1759 1822 1794 nihil
1832 1759 2012 1794 obtinuerit
2021 1760 2040 1794 a
2050 1771 2129 1795 con·

1242 1810 1346 1844 stante
1357 1806 1526 1855 Stephano
1536 1832 1547 1850 ,
1573 1807 1723 1845 laudatus
1734 1806 1868 1844 testatur
1881 1808 2057 1846 Eusebius.
2085 1809 2128 1844 E-

1240 1958 1453 1993 traditionem
1468 1958 1696 2003 Apostolicarn
1707 1984 1720 2002 ,
1730 1960 1762 1995 ἀ
1772 1957 1974 2002 Stephanum
1986 1959 2035 1995 uti
2046 1959 2127 1997 Hae·

1237 2008 1412 2044 reticorum
1432 2009 1597 2043 fautorem
1617 2009 1767 2043 oneravit
1795 2008 1907 2043 multis
1934 2009 1995 2043 laesi
2018 2009 2125 2045 animi

1237 2054 1378 2101 elogiis,
1389 2056 1430 2091 de
1443 2057 1561 2101 quibus
1572 2057 1606 2091 in
1618 2057 1709 2093 libris
1721 2056 1762 2093 de
1775 2058 1943 2103 Baptismo
1952 2058 2036 2095 reste
2045 2059 2127 2095 San·-

1238 2108 1304 2141 cius
1317 2105 1545 2150 Augustinus:
1572 2109 1654 2149 ‚Quae
1663 2111 1695 2140 in
1706 2107 1888 2150 stephanum
1903 2113 2069 2150 cyprianus
2080 2114 2125 2143 ir-

1237 2161 1347 2191 ritatus
1360 2156 1464 2198 ffcdit
1475 2179 1486 2196 ‚
1512 2156 1676 2191 resudare
1686 2159 1767 2191 nolo.
1795 2157 1992 2194 Admodum
2011 2158 2126 2195 laudat

1230 2258 1296 2302 guli
1305 2258 1383 2301 quid
1386 2255 1553 2302 sentiamus
1563 2281 1574 2297 ‚
1595 2257 1789 2300 proferamus
1808 2281 1820 2299 ,
1831 2260 2124 2300 neminemjudican-

1236 2318 1281 2342 tes
1293 2332 1303 2348 ‚
1328 2316 1381 2343 aut
1392 2309 1413 2341 ci
1419 2309 1488 2349 Jure
1512 2313 1720 2341 communionis
1745 2309 1893 2351 aliquem,
1913 2307 1944 2351 fi
1964 2307 2122 2352 diversum

1230 2356 1358 2401 senserit
1371 2382 1382 2398 ,
1399 2365 1574 2391 amoventes
1587 2381 1595 2389 .
1621 2361 1730 2400 Neque
1739 2362 1818 2392 enim
1829 2356 1984 2401 quisquam
1995 2357 2121 2400 nestrum

1235 2406 1412 2451 Episcopum
1417 2405 1450 2451 se
1464 2407 1515 2452 affe
1525 2405 1735 2451 Episcoporum
1754 2406 1917 2448 constimit,
1942 2417 1998 2442 aut
2021 2417 2122 2449 tyran-

1233 2464 1295 2491 m'ro
1305 2467 1415 2492 terrore
1427 2459 1472 2491 ad
1481 2455 1654 2501 obsequendi
1680 2459 1866 2498 neceffitatem
1892 2459 2029 2504 Collegaes
2050 2457 2121 2502 fiio:

1233 2510 1329 2552 adigit
1338 2533 1350 2550 ‚
1375 2509 1495 2552 quando
1501 2508 1611 2542 babeat
1624 2514 1718 2542 omnis
1731 2506 1898 2552 Episcopus
1918 2516 1974 2550 pro
1996 2509 2119 2544 licentia

1232 2559 1381 2593 libertatis
1395 2560 1429 2592 er
1434 2558 1586 2600 potestatis
1598 2557 1661 2603 ᾖα
1672 2559 1831 2593 arbitrium
1837 2563 1992 2603 proprium
2002 2583 2013 2600 ,
2038 2567 2123 2592 tam-

1232 2621 1287 2651 que
1291 2610 1424 2651 judicari·
1436 2608 1477 2642 ab
1484 2609 1545 2642 alio
1554 2620 1611 2641 non
1619 2610 1721 2650 suffit,
1745 2611 1839 2649 quim
1859 2619 1911 2643 nec
1936 2607 1999 2651 ipse
2019 2606 2118 2650 potes}

1231 2660 1467 2701 aliumjiidicare
1481 2682 1489 2691 .
1516 2659 1575 2691 sed
1590 2656 1794 2701 exspec‘lamus
1819 2656 1951 2699 univerfi
1965 2657 2117 2698 judicium

1233 2712 1349 2742 Domini·
1360 2708 1446 2749 nostri
1457 2707 1569 2753 JESU
1584 2707 1694 2749 christi
1705 2732 1716 2749 ,
1740 2713 1794 2750 qui
1804 2717 1880 2740 unus
1893 2705 2015 2750 &filus
2026 2705 2117 2741 babet

1227 2759 1397 2802 potestatem
1405 2761 1440 2794 ὁ·
1447 2759 1646 2801 praepomdi
1654 2769 1705 2792 nos
1714 2762 1746 2791 in
1756 2755 1890 2799 Eccless‘ae
1895 2754 1922 2800 s
1914 2767 1961 2789 uae
1966 2756 2117 2801 guberna·

1229 2815 1305 2844 tione
1314 2833 1325 2849 ‚
1351 2812 1386 2845 <a
1395 2810 1432 2843 de
1440 2808 1508 2843 ae‘lu
1519 2808 1609 2851 nostro
1612 2808 1772 2851 ‚iudicandi
1781 2832 1789 2840 .
1811 2805 1988 2841 Manifeste
1997 2807 2065 2851 agit
2077 2807 2113 2842 in
2147 2823 2150 2827 ¹

1230 2860 1432 2904 Stephanum
1454 2859 1576 2903 Papam
1591 2883 1602 2900 ‚
1627 2858 1684 2903 qui
1702 2856 1861 2901 quosdam
1887 2856 2029 2893 Decreto
2053 2857 2114 2892 suo

1230 2910 1438 2945 adversantes
1453 2909 1631 2954 Episcopos
1640 2907 1658 2942 a
1671 2908 1909 2945 communione
1920 2908 2112 2945 semoverat,

1232 2961 1266 2996 δε
1275 2972 1392 2995 omnes
1400 2962 1563 2995 semovere
1573 2957 1757 2993 minabatur
1768 2982 1780 2999 ,
1804 2957 1862 3002 qui
1874 2956 1906 2991 se
1915 2956 2113 2992 asseverabat

1232 3011 1471 3055 Episcoporum
1483 3008 1681 3053 Episcopum
1694 3032 1705 3049 ,
1719 3019 1757 3043 ac
1769 3007 1803 3041 in
1815 3006 2005 3042 definiendo
2018 3006 2114 3040 infal-

1232 3061 1321 3096 lilem
1336 3085 1347 3102 ,
1372 3059 1511 3105 ideoque
1521 3057 1683 3093 immobili
1696 3058 1833 3103 imperio
1858 3068 1975 3092 omnes
2001 3057 2114 3091 Colle-

1232 3122 1288 3158 gas
1298 3111 1338 3146 ad
1348 3108 1548 3155 obsequendi
1573 3107 1790 3143 necessitatem
1838 3107 2000 3142 ostulabat
2010 3132 2018 3139 .
2045 3107 2113 3141 Lo·

1231 3162 1343 3206 quitur
1351 3172 1392 3196 ex
1403 3157 1562 3205 Magistro
1573 3159 1632 3193 suo
1641 3157 1857 3193 Tertulliano
1867 3182 1879 3200 ,
1892 3157 1947 3201 qui
1960 3157 2001 3192 ad
2012 3157 2114 3191 Mon-

1232 3222 1347 3248 tanum
1356 3210 1503 3254 delapsus
1514 3208 1620 3244 derisit
1642 3207 1870 3254 zephyrinum
1892 3206 2088 3242 Pontificem
2099 3230 2112 3248 ,

1233 3261 1325 3307 quod
1337 3263 1370 3296 se
1381 3262 1415 3296 in
1427 3259 1521 3294 simili
1532 3259 1647 3294 Edicto
1658 3259 1807 3294 scriberet
1820 3257 2017 3292 Pontificem
2040 3257 2117 3290 Mae

1232 3314 1360 3347 ximum
1371 3336 1383 3354 ,
1405 3321 1445 3345 ac
1465 3310 1665 3354 Episcopum
1691 3309 1927 3353 Episcoporum
1940 3332 1947 3340 .
1978 3307 2112 3351 Episco-

1234 3374 1293 3410 pos
1302 3371 1417 3399 omnes
1427 3360 1462 3397 in
1473 3359 1551 3397 fidei
1562 3361 1655 3400 causa
1666 3359 1772 3397 asserit
1781 3358 1843 3399 esse
1855 3358 2014 3440 aequalesf
2040 3355 2112 3389 nul·

2008 3415 2063 3441 um

1370 207 1474 257 Qt’id
1485 209 1716 246 Firmilianum
1730 211 1959 247 Caesareensem
1971 212 2146 260 incappn.

1245 1262 1355 1295 diceret
1369 1259 1483 1303 Pseudo
1491 1259 1660 1303 Christum,
1690 1260 2002 1305 Pseudo-Apostolum,
2021 1266 2131 1305 opera-
2196 1288 2199 1290 -

1292 1462 1430 1498 Faeda&
1451 1462 1633 1507 periculosa
1655 1462 1719 1500 fuit
1742 1463 1803 1500 ista
1825 1462 2005 1500 discordia.
2034 1440 2143 1500 Hinc!

1243 1860 1322 1895 tiam
1335 1860 1369 1894 in
1383 1860 1439 1894 sua
1453 1858 1612 1892 sententia
1623 1857 1760 1904 perstitit
1777 1858 1964 1904 Cyprianus
1974 1883 1986 1900 ,
2011 1860 2129 1896 asseve-
2188 1875 2203 1890 ·

1240 1921 1313 1944 rans
1323 1908 1495 1944 assertam&
1508 1908 1672 1944 Romanis
1684 1909 1956 1944 consuetudinem
1967 1919 2036 1944 non
2061 1911 2127 1946 esse
2174 1923 2189 1929 “

2241 450 2300 479 cs.

1236 2205 1321 2242 hanc
1334 2206 1401 2251 ejus
1413 2205 1614 2251 Synodalem
1625 2203 1866 2252 praefationem:
1893 2209 1939 2243 De
1949 2204 2005 2242 bac
2019 2219 2052 2242 re
2066 2206 2127 2250 fin·
2142 2223 2294 2262 1⁶44„-
