2366 3756
338 191 432 222 122
495 176 905 221 Nlcornl

974 187 1366 219 SECUNDI

1441 176 2002 224 PoNTrFrcrs

253 259 302 295 'eu
327 264 416 297 Galli
440 261 618 297 Abbatiam
650 263 776 306 antiqui
811 261 988 304 Scriptores
1025 269 1148 296 vocant
1171 287 1172 291 ,
1209 272 1258 297 tra
1284 263 1549 305 Monasierium,
1575 262 1624 298 uti
1647 263 1891 308 appendicem&
1904 267 2097 312 principali.

260 313 389 347 Cellam
413 313 521 347 Sanffl
544 313 653 347 Galli:
682 310 788 358 Qod
799 310 916 355 nempe
926 323 969 346 ex
988 311 1151 347 Eremito.

259 363 307 396 ria
331 361 423 396 Cella
443 361 544 397 ducat
565 364 728 407 originem
744 388 751 395 .
780 361 906 397 Eadem
919 361 960 402 de
970 363 1063 397 causa
1076 362 1150 397 fun-

258 414 373 446 datum
395 411 584 458 Moguritiae
608 413 626 447 ὲ
647 414 762 448 Sanffl
783 410 932 447 Bithilda
944 413 1148 447 Coenobium

258 462 380 496 dicitur
402 462 644 498 Monasterium
656 463 757 498 Cellae
768 464 904 498 veteris.
933 464 976 498 Et
989 464 1029 498 de
1039 464 1148 498 Sancti

259 512 430 547 Benedicti
454 513 631 558 Discipulo
652 515 737 549 acin
751 512 964 549 Abbatialem
977 514 1149 549 Praefectu-

259 566 331 596 rarn‘
349 562 535 599 Successore
556 565 739 599 Honorato
763 564 875 599 scribit
901 565 936 598 in
958 565 1147 608 praefatione

258 613 298 646 ad
326 613 415 647 illius
441 616 543 649 viram
572 616 719 661 Magnus
745 615 950 660 Gregorius:
977 621 1147 650 Honoratus

258 674 335 696 nunc
357 663 454 697 adhuc
474 666 567 699 Cellae
584 691 594 706 ,
620 671 652 699 in
661 677 724 708 qua
750 665 933 700 Benedle‘ius
955 665 1149 709 conversatus

82 729 156 767 Cap,
184 739 202 763 9
249 713 380 754 fuerat,
403 716 528 757 praeest.
557 717 734 751 Eodemin
747 717 832 751 libro
859 716 965 761 pergit
988 715 1030 750 de
1051 716 1150 750 Gaffi-

257 763 348 797 nenfi
369 764 540 808 Coenobio
554 780 561 803 ;
591 772 671 801 Dum
675 767 795 809 fratres
808 766 977 800 habitacula
992 766 1070 807 istius
1083 768 1150 800 Cel-

255 814 296 848 lae
318 813 526 858 construerent.
557 819 601 853 Et
625 819 765 852 iterum:
793 820 858 851 Mos
887 818 983 852 Cellae
1000 815 1065 857 fuit
1079 841 1090 857 ,
1117 826 1151 850 ut

255 871 374 907 quoties
386 867 431 899 ad
439 866 621 913 Responsum
635 868 758 911 aliquod
780 869 987 912 egrederentur
1004 867 1128 910 fratres
1139 893 1149 909 ‚

255 914 523 961 ,cibumpotumque
536 929 625 953 extra
635 919 751 953 Cellam
770 919 894 952 minime*
912 916 1069 962 sumerent
1082 942 1089 950 .
1111 918 1150 951 In

256 966 404 1010 pluribus
415 968 557 1013 ejusdem
576 971 653 1005 libri
675 969 758 1004 locis
783 969 829 1003 ita
851 967 1001 1013 loquitur
1024 969 1150 1014 Grego-

253 1017 342 1058 rius,
370 1018 403 1051 &
417 1020 587 1056 manifeste
612 1032 668 1065 per
690 1019 821 1054 Cellam
845 1020 970 1063 semper
991 1018 1149 1063 intelligit

253 1066 458 1105 Coenobium
472 1096 480 1103 .
508 1072 551 1107 Et
567 1071 646 1106 hinc
659 1071 695 1105 in
707 1070 822 1105 Graeca
843 1069 982 1104 istorum
998 1070 1148 1104 locorum

252 1120 468 1155 translatione
480 1122 653 1157 Zacharias
667 1120 824 1155 Pontifex
836 1130 895 1164 pro
917 1119 1014 1154 Cella
1036 1119 1149 1164 paffim

251 1170 348 1210 ponit
361 1172 623 1208 Monasterium.
653 1172 696 1205 Et
708 1170 1017 1216 Augustodunenfis
1043 1171 1148 1213 Syno-

249 1218 312 1252 dus
338 1231 514 1266 vagantem
536 1220 748 1257 Monachum
781 1220 915 1255 mandat
946 1221 1147 1263 poenitentiae

249 1271 346 1304 causa
371 1279 504 1306 revocari
528 1274 573 1307 ad
586 1279 743 1315 propriam
755 1271 889 1305 cellam.
919 1271 999 1304 Hoc
1013 1271 1057 1304 est
1073 1294 1083 1311 ‚
1106 1270 1146 1304 ad

249 1322 417 1363 proprium
440 1323 702 1358 Monasterium.
733 1321 777 1354 Et
789 1320 875 1354 certe
891 1321 1011 1364 quaevis
1022 1319 1149 1354 Cumo-

247 1367 301 1402 bia
323 1371 385 1405 esse
405 1373 556 1412 silentia,
582 1371 744 1407 latibula,
783 1369 819 1402 &
845 1369 935 1412 quafi
958 1368 1146 1411 sepulchra,

246 1419 389 1464 ideoque
408 1423 442 1459 <Sc
465 1421 579 1456 Cellas
603 1421 725 1454 clamat
750 1418 861 1456 omnis
885 1418 1083 1462 antiquitas.

298 1472 480 1516 Septimam
501 1471 776 1516 significationem
798 1469 932 1502 adducit
952 1469 987 1502 in
1003 1469 1147 1513 Belgicis

247 1519 439 1558 Annalibus
458 1521 626 1555 Aubertus
649 1519 781 1551 Miraeus
797 1529 804 1548 ε
846 1518 976 1561 Belgicis
991 1517 1146 1560 plerisque

248 1574 515 1606 Benedieiinorum
542 1570 682 1604 abbatiis
694 1566 898 1608 illustrioribus
925 1578 1048 1601 annexa
1069 1565 1143 1610 sunt

247 1622 476 1663 Monafteriola,
499 1632 566 1665 quae
594 1616 812 1661 Praepofituras
839 1626 895 1651 aut
908 1619 1067 1651 Prioratus
1080 1618 1144 1653 vul·

241 1675 282 1718 gb
305 1682 505 1715 nuncupant,
532 1677 565 1705 in
587 1670 697 1714 quibus
708 1669 767 1701 duo
777 1676 832 1701 aut
843 1675 906 1700 tres
919 1667 1146 1700 Monacbicom-

245 1730 357 1757 morari
374 1722 491 1767 solent.
517 1724 566 1755 sic
594 1715 790 1759 Bullonienfis
816 1719 977 1750 Prioratus
1002 1727 1139 1749 annexus

246 1774 283 1815 est
312 1773 449 1808 Abbatiae
476 1771 579 1807 sancii
599 1770 749 1810 Huberti,
775 1764 975 1810 Hesdinienfis
1003 1765 1142 1799 Abbatiae

247 1824 477 1868 Aquiscmeiinae
501 1849 507 1857 .
545 1822 628 1855 Haec
651 1830 731 1864 ergo
763 1818 964 1862 significatio
989 1817 1145 1861 importat

247 1887 345 1921 parva
369 1897 380 1914 ‚
405 1874 504 1908 alicui
531 1870 701 1915 principali
730 1868 944 1903 subordinaret
968 1867 1002 1901 &
1024 1879 1145 1911 appen-

247 1926 360 1960 dentia
381 1948 392 1964 ,
429 1936 468 1959 ac
489 1923 593 1967 ipsum
622 1921 671 1955 uti
696 1919 916 1962 Metropolim
939 1917 1144 1960 respicientia

248 1967 453 2011 Monasteria
476 1999 487 2015 ,
524 1985 595 2018 quae
624 1970 736 2014 passim
760 1979 917 2004 vocamus
950 1966 1144 2007 Prioratus,

250 2026 499 2071 Praepofituras,
526 2034 584 2058 aut
609 2021 845 2056 Obedientias.
873 2018 967 2052 Hinc
980 2016 1145 2058 secunda,

251 2089 317 2122 qua
328 2077 403 2114 Rex
414 2074 455 2110 ab
478 2075 646 2119 Episcopo
663 2070 739 2107 data
762 2070 863 2106 alicui
890 2068 1061 2103 Coenobio
1085 2068 1146 2111 pri-

251 2128 375 2172 vilegia
396 2127 593 2162 confirmat,
629 2121 716 2165 apud
739 2117 976 2160 Marculphum
1003 2118 1146 2151 formula

249 2178 426 2222 distinguit
451 2173 662 2213 Monasterium
686 2171 721 2203 ὡ*
744 2171 812 2210 eJ'us
836 2167 970 2201 C'ellulas
990 2189 999 2198 .
1040 2166 1085 2199 Et
1112 2166 1147 2199 in

252 2227 370 2262 litteris
396 2223 438 2259 ad
457 2223 666 2258 Hilduinum
689 2218 798 2253 Sancti
812 2214 1147 2259 DionysiiAbbatem

75 2297 126 2329 Et»
165 2303 212 2332 9⁷·
248 2277 361 2313 scribit
382 2276 517 2311 Sanetus
537 2272 649 2315 Lupus
669 2268 781 2303 Abbas
803 2266 1010 2301 Ferrarienfis
1034 2278 1041 2297 z
1084 2267 1149 2298 Cel-

82 2335 134 2370 Ep.
168 2334 231 2364 118.
251 2330 282 2362 la
293 2327 411 2370 vestra,
438 2336 507 2368 quae
517 2324 629 2357 dicitur
642 2324 718 2353 Cor.
746 2318 790 2351 Et
823 2317 857 2350 in
871 2315 990 2350 litteris
1001 2314 1042 2348 ad
1055 2315 1148 2348 Erar-

76 2375 127 2409 Ep.
150 2377 198 2404 88.
251 2379 333 2414 dum
355 2375 654 2420 Archiepiscopum
675 2367 936 2403 Turonensem:
959 2363 1095 2399 Monac-hi
1116 2370 1148 2397 in

78 2416 129 2453 ΕΡ·
164 2424 208 2443 ¹¹¹
251 2429 499 2463 cellaRoclena.
527 2425 573 2458 ‘Et
591 2424 632 2457 in
659 2419 779 2454 litteris
799 2417 840 2453 ad
867 2417 1054 2461 Hugonem
1079 2414 1152 2449 Ab·

251 2479 362 2514 batem
377 2491 388 2512 .·
416 2482 482 2510 Rex
494 2474 612 2508 cellam
625 2469 795 2514 nonasterii
819 2466 907 2509 nostri
929 2465 1070 2509 odulpho
1097 2469 1152 2498 Co-

255 2534 321 2563 miti
335 2529 436 2563 dedit.
460 2527 503 2560 Et
524 2525 558 2556 in
580 2522 700 2556 litteris
713 2519 753 2554 ad
783 2519 1015 2561 Imperatorem
1030 2514 1152 2551 Lotha-

255 2580 343 2614 rium
359 2591 367 2611 z
393 2574 615 2619 sanc'iiJudoci
627 2572 743 2604 Cellam
756 2572 846 2602 Pater
869 2567 962 2606 vester
980 2566 1064 2599 nobis
1086 2577 1152 2599 con-

254 2631 347 2670 ireffit.
376 2626 498 2661 Asserit
521 2624 685 2659 donatam
711 2618 905 2654 Ferrarienfi
919 2616 1150 2651 Monasterio.

261 2681 305 2714 Et
328 2681 362 2714 in
386 2677 587 2721 diplomate,
613 2683 680 2716 quo
712 2669 822 2704 sancti
847 2667 1005 2711 Dionysii
1027 2667 1152 2702 Coeno·

260 2731 354 2766 bium
385 2725 552 2762 reformari
588 2723 675 2767 jussit
697 2744 707 2760 ,
742 2721 926 2763 Imperator
959 2716 1148 2761 Ludovicus

262 2781 359 2816 Pius:
391 2778 477 2812 Cella
489 2778 616 2816 majoris
630 2771 796 2812 Mon'asterii
810 2794 817 2801 .
845 2768 891 2803 Et
914 2769 950 2802 in
975 2767 1091 2801 litteris
1111 2767 1152 2802 ad

264 2829 463 2866 Goffiedum
483 2821 771 2861 vindocinensem
805 2818 975 2853 Abbatem
1017 2819 1153 2853 sanstus

267 2883 328 2925 Jvo
347 2876 558 2914 Carnutenfis
571 2873 775 2917 Episcopus:
803 2870 960 2903 Danielem
972 2868 1151 2902 Monachum

267 2938 299 2965 in
320 2933 420 2973 aliqua
434 2927 518 2961 Cella
543 2923 714 2964 Monasterii
738 2924 779 2953 tui
798 2916 947 2962 respirare
972 2925 1147 2962 permittas.

267 2982 313 3015 Et
338 2982 372 3014 in
393 2977 509 3012 litteris
529 2973 570 3008 ad
592 2973 712 3008 Saniiae
734 2970 852 3004 Mariae
874 2970 910 3003 in
944 2968 1153 3003 Dordonenfi

268 3029 413 3066 Dioecest
437 3023 627 3061 Monachos
653 3021 836 3066 Gregorius
867 3019 956 3062 Papa
981 3020 1155 3063 septimus:

269 3079 407 3114 Monacbi
421 3086 477 3120 per
489 3076 588 3109 Cellas
602 3077 621 3107 ἃ
637 3076 728 3107 Patre
741 3070 835 3111 vestro
850 3069 1027 3109 constructas
1034 3069 1096 3112 fint
1108 3082 1159 3103 vo-

268 3130 378 3175 biscum
402 3131 578 3166 unanimes.
608 3123 689 3158 Vox
718 3122 777 3156 ista
800 3121 887 3164 apud
909 3119 1093 3155 mediorum
1109 3122 1158 3154 sae-

268 3182 421 3216 culorum
438 3170 623 3220 'Scriptores
646 3173 691 3208 est
716 3174 750 3207 in
773 3171 838 3207 hoc
862 3171 954 3205 sensu
968 3171 1157 3214 frequentis·

263 3234 346 3267 {ima
359 3257 366 3264 .

324 3282 368 3315 Et
396 3279 462 3314 istae
488 3275 588 3312 Cellae
613 3272 798 3308 habuerunt
825 3270 912 3305 varia
932 3273 1088 3307 nomina.
1120 3270 1156 3305 In

260 3332 414 3368 *addudlo
450 3327 579 3363 Sanffl.
595 3324 770 3360 Vincentii
805 3321 978 3357 Chronico
1018 3324 1159 3366 joannes

274 3378 462 3417 Monachus
487 3378 607 3414 Sanstae
635 3374 749 3408 Mariae
775 3372 906 3406 Cellam
931 3383 1024 3406 vocat
1040 3374 1157 3408 Mona-

265 3433 404 3467 -sterium
418 3456 426 3466 ,
451 3428 581 3463 Verum
591 3425 644 3460 hic
656 3424 772 3459 titulus
782 3422 826 3456 est
839 3422 1012 3457 rariffimus
1025 3448 1033 3455 .
1061 3423 1158 3458 Pleri-

276 3494 339 3528 que
361 3482 453 3518 enim
474 3479 653 3525 Scriptores
677 3475 806 3511 Cellam
828 3472 1038 3520 distinguunt
1074 3486 1151 3511 con·

71 1560 131 1591 1³01.
144 1565 210 1597 673.

89 2919 139 2956 Ep.
162 2919 207 2946 81..

1186 2766 1189 2770 “
1214 2770 1372 2804 Tertium
1393 2779 1516 2803 nomen
1535 2767 1582 2803 est
1605 2765 1804 2809 Praepofitura
1826 2793 1835 2800 .

1187 2840 1189 2842 ·
1215 2820 1480 2856 Valciodorensis
1516 2818 1713 2853 Monasterii
1750 2815 1970 2852 Chronicon:
1997 2817 2101 2860 Haste·
2118 2843 2134 2857 „-

1213 314 1257 347 Et
1278 312 1358 348 hinc
1379 314 1420 348 de
1449 315 1623 354 Guarino,
1650 314 1809 359 vigefimo
1821 313 1862 349 ad
1873 316 2100 352 SanssumAl-

1210 364 1334 398 banum
1361 363 1492 399 Abbate
1508 390 1519 406 ,
1557 366 1592 400 &
1617 365 1708 399 vario
1729 364 1817 398 illius
1837 367 1965 402 excessu
1987 368 2100 403 scribit

1208 414 1352 457 ejusdem
1376 415 1533 449 Coenobii
1553 414 1744 451 Monachus
1756 413 1934 450 Matthaeus
1945 416 2101 452 Parifien·

1211 465 1268 499 sis:
1297 469 1451 499 Guarinus
1476 466 1667 507 oblocutores,
1697 467 1858 509 &suorum
1868 467 2026 510 exceffuum
2043 478 2104 501 cor-

1211 523 1340 557 reptores
1364 514 1526 559 transmisit
1548 518 1593 550 ad
1616 518 1716 551 Cellas
1736 525 1885 559 remotas,
1911 527 1946 551 ut
1966 528 2018 552 nec
2029 516 2100 556 suas

1207 564 1316 608 saltem
1337 567 1483 600 auderent
1490 566 1647 610 firibendo
1668 572 1868 610 querimonias
1889 569 2101 611 pracordiales

1211 616 1345 651 revelare
1358 641 1365 649 .
1393 619 1482 651 Unde
1501 619 1587 651 multi
1611 616 1695 661 quasi
1698 618 1821 658 exules,
1845 624 1878 651 in
1885 618 2006 663 summa
2019 630 2101 652 men-

1211 673 1252 700 tis
1274 668 1481 701 amaritudine
1506 671 1541 702 Θ·
1559 669 1665 702 crebris
1689 668 1973 711 imprecationibus,
1999 674 2101 703 vitam

1211 717 1412 762 miserabilem
1435 723 1649 754 terminarunt.
1680 718 1724 753 Et
1748 718 1790 753 de
1811 719 1962 762 proximo
1973 719 2099 754 Succes-

1212 770 1281 802 sore
1305 769 1451 811 Joanne:
1473 773 1615 815 Joannes
1639 768 1798 803 Monachos
1818 773 1934 802 invitos
1949 792 1960 808 ,
1985 770 2020 802 &
2038 768 2101 810 fine

1210 820 1300 862 culpa
1323 821 1448 862 aliqua,
1475 818 1739 863 immisericorditer
1764 818 1832 853 hinc
1855 820 1900 852 ad
1916 820 2041 858 Cellas,
2065 819 2101 853 δ’

1209 870 1246 904 de
1275 871 1359 903 cella
1383 871 1428 903 ad
1454 871 1589 912 cellam,
1615 869 1669 904 buc
1695 871 1729 905 (⁵1
1755 871 1845 910 illuc,
1872 870 1967 903 veluti
1985 870 2101 903 ultima

1208 922 1385 954 conditionis
1404 919 1540 964 servulos
1555 946 1566 963 ,
1590 918 1773 964 transmiſse.
1802 924 1853 953 Ita
1879 929 1913 953 ut
1938 930 2003 953 cum
2019 917 2102 962 sum·

1210 983 1260 1004 ma
1285 974 1490 1005 amaritudine
1514 973 1601 1005 multi
1611 977 1643 1004 in
1657 972 1771 1010 cellis,
1791 971 1945 1013 praecipue*
1956 974 2100 1009 remotis,

1208 1029 1272 1055 tota
1294 1029 1364 1056 vita
1379 1020 1439 1065 sua
1464 1032 1654 1056 morarentur
1677 1024 1710 1056 (ιτ
1723 1030 1923 1054 morerentur.
1950 1020 2099 1054 Nonnulli

1208 1078 1303 1105 etiam
1322 1073 1361 1105 ab
1383 1074 1487 1106 ordine
1507 1075 1692 1113 recedentes,
1720 1081 1785 1104 tam
1807 1079 1921 1113 corpore
1931 1072 2023 1113 qua'm
2034 1075 2100 1102 ani-

1208 1134 1259 1156 ma
1280 1128 1451 1164 perierunt.
1482 1122 1583 1155 Cellae
1607 1133 1700 1156 erant
1718 1120 2003 1156 Monasteriorum
2012 1120 2100 1164 quasi

1208 1183 1350 1207 carceres
1374 1181 1476 1216 atque
1496 1173 1615 1211 exilia,
1642 1171 1784 1216 ideoque
1804 1182 1857 1206 eas
1877 1171 2007 1215 antiqui
2032 1171 2100 1215 pas·-

1208 1223 1267 1257 fim
1290 1234 1358 1256 non
1383 1222 1539 1256 dixerunt
1563 1222 1766 1257 Monasteria
1781 1245 1789 1254 .

1259 1273 1410 1307 Primum
1434 1273 1532 1317 porro
1557 1272 1725 1308 cellarum
1746 1282 1872 1304 nomen
1885 1269 2026 1304 habesin
2038 1270 2101 1304 Ca·

1209 1323 1323 1366 pitulis
1338 1347 1349 1362 ,
1387 1332 1459 1364 quae
1482 1323 1547 1357 suis
1570 1323 1786 1357 Ecclefiarum
1809 1332 1848 1355 ac
1875 1320 2100 1354 Monasterio-

1208 1383 1280 1406 rum
1293 1371 1523 1406 visitatoribus
1540 1370 1634 1406 dedit
1648 1373 1684 1405 in
1697 1370 1912 1405 Sueffionenfi
1923 1371 1952 1405 S.
1967 1369 2102 1404 Medat-

1208 1421 1242 1455 di
1265 1421 1474 1455 Monasterio
1497 1422 1699 1454 Francorum
1713 1420 1789 1454 Rex
1803 1420 1944 1454 Carolus
1955 1419 2098 1454 Calvus:

1207 1475 1374 1514 Requirant
1387 1473 1425 1504 de
1437 1471 1571 1512 Capellt's
1583 1495 1594 1510 ‚
1618 1472 1653 1504 Θ·
1662 1470 1829 1503 Abbatiolis
1840 1494 1851 1509 ‚
1878 1471 1913 1504 Θ·
1938 1468 2007 1512 cafis
2021 1472 2081 1503 Dei
2090 1495 2099 1502 .

1209 1521 1311 1553 Erant
1338 1532 1406 1554 non
1431 1519 1606 1559 Abbatiae,
1635 1518 1689 1553 sed
1713 1519 1904 1553 Abbatiolae
1924 1543 1931 1550 .
1969 1519 2102 1553 Eodem

1206 1571 1297 1604 sensu
1318 1569 1359 1603 ad
1372 1569 1577 1603 Hilduinum
1588 1570 1617 1604 S.
1631 1569 1787 1613 Dionyfii
1801 1567 1969 1603 Abbatem
1980 1567 2101 1612 scripsit

1206 1621 1235 1654 S.
1249 1621 1364 1664 Lupus
1377 1619 1492 1654 Abbas
1506 1619 1730 1653 Ferrarienfis:
1760 1622 1966 1661 Propinquum
1975 1630 2072 1653 meum
2087 1641 2099 1658 ,
2120 1618 2170 1657 Ep.
2198 1627 2247 1655 97·

1206 1671 1351 1704 abbatem
1363 1671 1454 1703 Cellae
1465 1669 1570 1711 vestrae
1581 1693 1593 1710 ,
1618 1680 1687 1713 quae
1707 1671 1817 1703 dicitur
1836 1673 1894 1701 Cor
1905 1693 1916 1709 ‚
1942 1668 2099 1712 honorifice

1203 1719 1395 1762 suscipiatis.
1424 1719 1523 1754 Cellae
1543 1730 1613 1753 non
1636 1719 1803 1755 Abbatem
1825 1717 2015 1760 habebant,
2042 1718 2099 1753 sed

1205 1768 1354 1804 Priorem
1368 1777 1423 1802 aut
1444 1769 1654 1812 Praepositum
1668 1784 1678 1804 .-
1707 1771 1843 1804 Sanc'tus
1867 1770 1983 1812 Lupus
2004 1770 2099 1802 suum

1205 1820 1432 1864 propinquum
1472 1817 1609 1854 honoris
1643 1821 1738 1854 causa
1765 1819 1878 1853 titulat
1906 1816 2098 1858 Abbatem‚

1203 1868 1293 1914 quod
1318 1869 1437 1913 nempe
1461 1869 1557 1904 Cella
1596 1870 1676 1904 esset
1699 1868 1878 1903 Abbatiola
1898 1893 1906 1901 .
1945 1868 2098 1903 Similem

1206 1919 1345 1964 phrasim
1373 1921 1507 1964 usurpat
1530 1918 1729 1966 Agathensis
1752 1916 1908 1962 Synodus
1930 1929 1937 1950 :
1963 1919 2098 1952 cellulas
2115 1934 2184 1966 Ca„⁸
2208 1938 2254 1972 5⁸·

1205 1982 1303 2004 novas
1313 1994 1324 2009 ‚
1336 1979 1390 2004 aut
1405 1971 1695 2014 congregatiunculas
1708 1967 1919 2003 nonachorum
1929 1966 2037 2011 absque
2048 1979 2099 2000 no-

1204 2026 1275 2054 titia
1288 2019 1430 2063 Episcopi
1438 2020 1630 2062 probibemus
1640 2019 1754 2060 institui
1767 2044 1774 2051 .
1802 2017 1909 2066 Qod
1923 2017 2027 2062 ipsum
2039 2019 2102 2052 eis·

1204 2070 1279 2105 dem
1292 2071 1395 2105 verbis
1409 2070 1524 2113 repetit
1549 2070 1703 2113 Synodus
1728 2068 1948 2112 Epaonensis.
1977 2067 2101 2113 Appel-

1205 2120 1274 2155 lant
1297 2132 1367 2155 non
1389 2121 1669 2165 congregationes
1692 2144 1704 2160 ‚
1729 2119 1784 2154 sed
1805 2119 2100 2164 congregatiuncu-

1206 2169 1270 2203 las.
1298 2168 1452 2203 Alterum
1467 2180 1591 2202 nornen
1606 2168 1652 2202 est
1667 2172 1824 2202 Prioratus
1836 2194 1843 2201 .
1869 2167 1920 2203 Ita
1940 2168 2041 2203 habes
2060 2169 2100 2203 *in

1208 2219 1397 2262 Anonymo
1407 2218 1657 2253 Turonenfium
1673 2217 1918 2261 Episcoporurn
1942 2218 1976 2253 dc
1998 2217 2101 2260 majo-

2113 2094 2188 2125 Can.
2207 2097 2254 2128 ro:

1207 2271 1250 2303 ris
1262 2268 1457 2302 Monasterii
1471 2267 1647 2302 Chronico
1661 2281 1668 2300 ι
1683 2272 1719 2301 In
1734 2273 1863 2304 Hervaei
1873 2292 1883 2308 ‚
1894 2268 1998 2310 quarti
2011 2267 2102 2302 deci-

1207 2319 1254 2352 mi
1267 2317 1423 2357 Abbatis‚
1452 2326 1582 2359 tempore
1592 2317 1763 2359 acquisitum
1773 2317 1810 2354 est
1823 2316 1988 2359 Lebonense
1997 2321 2101 2350 Coeno-

1208 2368 1288 2402 bium
1299 2393 1308 2400 .
1336 2370 1397 2400 Pro
1411 2369 1552 2400 Prioratu
1565 2367 1612 2400 illo
1625 2367 1750 2400 multum
1756 2374 1908 2410 gravatus
1920 2372 1952 2399 in
1965 2366 2098 2410 expensis

1209 2422 1323 2462 viginti
1333 2419 1463 2451 millium
1470 2415 1631 2460 solidorum
1646 2442 1652 2448 .
1664 2419 1751 2460 ,Quia
1764 2418 1914 2459 quidquid
1922 2418 1966 2450 ad
1976 2421 2100 2451 Priora-

1211 2477 1275 2502 tum
1285 2469 1369 2502 illum
1384 2467 1559 2510 pertinebat
1572 2492 1582 2509 ,
1609 2468 1752 2508 duriffimo
1760 2471 1881 2510 pignori
1899 2476 1967 2501 erat
1991 2468 2100 2512 obliga·

1213 2527 1277 2552 tum
1289 2543 1296 2550 .
1326 2518 1369 2552 Et
1382 2517 1568 2552 Prioratum
1581 2527 1689 2557 vocat,
1700 2517 1736 2550 &
1747 2516 1966 2551 Coenobium:
1999 2516 2100 2553 Vide-

1213 2579 1267 2604 tur
1277 2569 1373 2603 antea
1387 2568 1480 2602 fuisse
1501 2566 1647 2601 Abbatia
1657 2591 1667 2607 ,
1693 2578 1764 2610 quae
1789 2576 1921 2609 propter
1948 2568 2098 2611 inopiam

1212 2628 1338 2653 mutata
1351 2618 1386 2652 fit
1401 2618 1436 2650 in
1448 2617 1578 2651 Cellam
1590 2641 1597 2648 .
1625 2616 1931 2659 Frequentiffimum
1943 2616 1990 2651 est
2011 2615 2099 2651 istud

1188 2710 1189 2713 Ἴ
1214 2679 1337 2703 nornen
1350 2693 1358 2701 .
1387 2667 1585 2701 Cellaeenim
1598 2692 1609 2708 ,
1635 2664 1726 2710 quod
1738 2665 1850 2709 paffim
1871 2677 1927 2710 per
1947 2667 2098 2702 Priorem

1213 2729 1367 2764 regantur
1389 2743 1400 2760 ,
1438 2716 1692 2762 frequentissime
1724 2713 1880 2751 dicuntur
1917 2716 2101 2752 Prioratus'.

1873 2768 1924 2803 lta
1951 2768 2100 2812 loquitur

1217 2870 1317 2913 rienfis
1332 2873 1407 2905 locus
1419 2867 1631 2910 Valciodorenfi
1641 2865 1777 2909 Ecclefiae
1789 2874 1937 2911 tanquam
1949 2869 2033 2902 Cella
2051 2869 2104 2902 vel
2109 2841 2178 2873 “⁴⁰¹³
2202 2846 2271 2881 ⁵6⁹⁶

1219 2921 1415 2964 Praepofitura
1429 2945 1440 2961 ‚
1467 2920 1521 2954 vel
1528 2929 1703 2962 quocumque
1715 2922 1831 2952 nomine
1852 2920 1990 2958 dicatur,
2014 2918 2099 2952 debet

1218 2973 1300 3006 velut
1312 2972 1472 3005 membrum
1482 2976 1574 3013 capiti
1588 2969 1766 3009 adhaerere,
1792 2971 1869 3005 &in
1880 2970 2014 3002 omnibus
2037 2969 2100 3002 obe-

1218 3023 1283 3057 dire
1304 3046 1312 3053 .
1338 3021 1505 3057 Videntur
1519 3020 1622 3064 aliqui
1645 3019 1781 3054 voluisse
1803 3019 1994 3054 distinctum
2017 3020 2100 3054 inter

1220 3073 1347 3108 Cellam
1360 3074 1394 3107 &
1406 3071 1651 3116 Praeposituram
1663 3083 1673 3103 .-
1700 3070 1780 3116 Hoc
1790 3070 1907 3105 evertit
1918 3071 1975 3104 ille
1998 3070 2101 3113 Scrip-

1219 3133 1271 3159 tor
1288 3148 1299 3164 ,
1336 3124 1500 3158 affirmans
1516 3122 1580 3156 esse
1597 3120 1722 3155 diversa
1745 3120 1882 3154 nomina
1897 3145 1907 3161 ‚
1940 3131 2007 3154 rem
2026 3122 2100 3153 ean-

1219 3173 1294 3209 dem
1310 3197 1317 3204 ·
1337 3174 1519 3208 Rationem
1541 3172 1678 3215 affignat
1699 3171 1735 3204 in
1747 3170 1968 3205 Benedifflnis
1978 3168 2101 3203 consti·
2118 3187 2189 3225 Cap·
2215 3196 2243 3224 3·

1221 3224 1403 3259 'tutionibus
1430 3223 1562 3257 Saucius
1588 3220 1793 3256 Lanfrancus
1823 3218 2101 3265 Archiepiscopus

1221 3274 1477 3310 cantuariensis:
1500 3276 1608 3313 Prior,
1631 3277 1682 3314 qui
1705 3272 1738 3305 (9⁶
1760 3269 1936 3313 Praepofitus
1959 3275 1992 3303 in
2004 3272 2103 3313 Regu-

1220 3326 1252 3358 la
1275 3331 1444 3358 nominatur
1456 3349 1466 3366 ,
1490 3322 1684 3356 honorabilior
1704 3321 1741 3362 est
1751 3319 1871 3363 reliquis
1884 3318 2030 3361 Ministris
2043 3321 2102 3351 Do-

1222 3387 1287 3409 mus
1308 3378 1381 3408 Dei.
1405 3375 1448 3409 Et
1470 3373 1511 3408 ad
1535 3373 1764 3417 sexagesimum
1786 3370 1941 3412 quintum
1963 3369 2101 3415 Regulae

1222 3435 1317 3468 caput
1339 3433 1606 3460 commentantur
1626 3424 1736 3457 fratres
1756 3419 1958 3454 Caffinenses
1988 3432 1995 3452 :
2018 3422 2102 3454 Prae·

1219 3475 1322 3521 pofitus
1346 3474 1515 3518 Monasterii
1529 3473 1693 3522 secundum
1722 3481 1832 3506 morem
1854 3470 2002 3555 nostrumd
2014 3472 2102 3503 Prior

2000 3530 2052 3553 au-
