2366 3756
54 2495 84 2526 L.
94 2502 150 2524 ἳνα
163 2503 208 2521 22.

884 128 1371 206 DrcrATus.

227 230 360 265 miano.
388 227 486 262 Latet
501 237 558 263 aut
577 226 691 272 periit.
717 226 856 261 Exstant
876 235 985 261 tamen
1009 226 1099 269 plura

225 280 332 316 sancti
345 278 509 314 Caelestini
531 276 571 313 ad
582 279 684 322 ipsam
698 277 888 321 Rescripta,
914 288 985 320 quae
998 276 1100 312 Naxi·

225 329 328 367 miani
338 331 505 373 personam
517 329 551 363 &
561 329 750 364 electionem
762 325 871 361 lucide
881 328 1079 363 confirmant
1090 351 1097 361 .

226 381 303 415 Nec
322 381 411 414 enim
432 380 578 424 eligendi
602 379 769 423 personam
781 376 939 413 Pontifex
959 376 1099 421 designa-

225 441 314 465 verat
324 453 335 470 ,
361 431 395 466 &
405 430 542 465 eleitum
552 429 653 475 aliqui
664 427 705 462 de
717 426 842 463 ambitu
853 428 1098 462 accusaverant:

226 480 319 515 Hinc
330 481 560 516 confirmativo
571 478 742 515 pontificis
753 477 906 523 suffragio
917 478 979 511 fuit
994 479 1099 510 omni—

225 530 272 564 no
293 541 377 574 opus
399 555 406 563 .
443 530 552 565 Etiam
574 526 764 564 Sardicenfis
786 528 939 571 synodus
964 527 1025 562 tria
1044 527 1098 561 sua

225 580 476 624 Decreta-June
489 580 643 614 Pontifici
664 577 834 613 dumtaxat
857 577 968 612 retulit
981 602 992 618 ,
1020 577 1099 620 ipso-

224 641 298 665 rum
319 629 403 664 nulli
427 630 520 673 petiit
541 630 728 664 firmitatem
742 652 750 661 .
777 626 879 675 Qod
895 625 1012 670 nempe
1033 638 1100 663 om-

224 680 282 714 nia
293 680 354 715 tria
372 690 412 714 ex
424 679 501 726 Julii
522 678 700 718 mandato,
728 677 770 713 ad
790 678 857 723 ejus
880 689 934 722 per
958 677 1100 721 Legatos

225 731 342 765 factam
353 730 544 765 relationem
561 754 573 770 ,
599 728 728 771 &juxta
749 727 818 771 ejus
829 739 883 771 per
911 727 1031 764 litteras
1042 728 1101 760 suf-

224 780 366 825 fragium
378 781 574 814 emanassent
589 804 596 811 .
623 778 666 813 Et
678 776 747 812 haec
762 779 896 821 quidem
910 778 1023 812 omnia
1036 778 1104 811 sua-

225 830 305 865 dent
329 831 453 864 cunetis
477 829 635 865 similibus
660 828 863 874 generalium
891 826 1103 871 Synodorum

226 880 378 920 Decretis
414 879 540 913 nullam
559 878 758 923 Apostolicae
782 878 866 913 sedis
884 876 1104 916 confirmatio.-

228 940 305 965 nem
328 930 391 963 effe
402 930 607 965 necessariam
620 955 627 963 .

276 979 473 1022 Respondeo
484 990 594 1014 tamen
606 980 670 1015 effe
681 977 886 1013 necessariam
899 1001 906 1010 .
933 976 990 1010 An
1003 974 1107 1008 neces·¹

226 1030 352 1064 sitatem
374 1028 460 1064 hanc
482 1029 652 1062 Dominus
677 1027 864 1061 Cardinalis
891 1024 1105 1058 Bellarminus

226 1077 417 1114 authentice
451 1076 720 1113 demonstraverit
745 1098 756 1115 ‚
792 1075 837 1110 est
858 1074 923 1109 alia
952 1073 1101 1117 quaestio:

226 1130 364 1164 Interim
387 1130 453 1174 ipsa
481 1127 623 1161 omnino
637 1125 741 1171 potest
765 1122 953 1158 authentice
972 1124 1107 1158 demon·

225 1178 336 1213 strati.
364 1177 586 1212 Exordiamur
608 1177 625 1211 a
647 1173 786 1222 Synodo
806 1173 944 1208 Nicaena
966 1197 974 1205 .
1002 1173 1107 1207 Fuiffe

226 1228 374 1264 &Sancto
385 1228 551 1271 Sylvestro
573 1226 800 1261 confirmatam
823 1223 958 1267 quidam
969 1223 1108 1268 probant

227 1291 270 1314 ex
295 1277 401 1314 Sansti
415 1274 586 1311 Athanasii
607 1276 724 1310 litteris
735 1275 775 1308 ad
788 1273 968 1318 Episcopos
982 1271 1108 1308 Astica-

227 1339 292 1363 nos
305 1341 313 1361 :
338 1332 466 1361 Nicaeno
478 1328 607 1360 Concilio
619 1323 778 1368 universus
789 1323 867 1357 orbis
881 1322 1022 1367 assensum
1029 1331 1106 1366 prae-

227 1375 310 1413 buit.
338 1382 384 1410 Et
412 1388 595 1420 quamquam
620 1375 720 1409 multae
755 1374 871 1413 habitae
891 1373 964 1417 sunt
985 1375 1107 1415 synodi,

231 1440 332 1462 omnes
354 1436 454 1461 tamen
465 1427 556 1468 hujus
575 1425 646 1473 siant
657 1436 820 1466 memores,
845 1431 910 1459 tam
917 1432 972 1466 per
986 1426 1110 1460 Dalma-

227 1484 328 1519 tIam,
355 1479 547 1511 Dardaniam
569 1473 587 1519 ,¹
607 1478 833 1517 Macedoniam,
861 1478 974 1516 Epiros
989 1500 1000 1516 ,
1025 1477 1109 1508 Grae-

227 1534 328 1570 clam,
351 1531 496 1570 Cretam,
523 1525 654 1570 aliasque
679 1524 824 1570 Insulas,
850 1525 981 1560 Siciliam
1004 1526 1039 1559 (θ’
1059 1529 1108 1569 Cy-

224 1586 335 1620 prum,
363 1586 428 1612 tum
446 1587 502 1621 per
513 1577 682 1622 Isauriam,
710 1574 916 1617 Pamphilum
931 1597 942 1615 2
966 1577 1087 1614 Lyciam
1099 1595 1110 1612 ,

226 1628 262 1661 θ
272 1626 445 1670 universam
462 1631 628 1671 AEgypeum
639 1650 650 1667 ,
676 1628 711 1661 (τί
725 1624 832 1663 Lybias
844 1648 855 1659 .*
877 1629 924 1657 Et
934 1625 1070 1665 plerique
1079 1627 1111 1654 ln

227 1676 344 1710 Arabia
365 1675 623 1718 bancgnoverunr
636 1696 648 1713 ‚
673 1674 865 1708 &admirata
878 1670 951 1715 sum
963 1697 974 1711 ,
1002 1671 1112 1715 &sub-

225 1722 386 1769 scriptione
415 1723 622 1765 approbarunt
648 1747 655 1753 .
694 1722 743 1755 lta
769 1720 868 1755 habet
894 1722 998 1755 versio
1023 1721 1111 1756 Petri

229 1774 360 1810 Nannii
384 1797 390 1805 .
418 1772 466 1806 At
492 1771 571 1806 vero
592 1770 761 1808 Dominus
787 1769 894 1804 Lucas
914 1769 1112 1805 Holstenius

229 1823 408 1869 posteriora
431 1819 527 1858 verba
549 1820 691 1858 correxit
705 1821 738 1855 in
758 1817 848 1854 hunc
870 1819 1008 1855 modum
1031 1833 1039 1853 ε
1066 1825 1111 1855 Et

230 1875 374 1909 ado-simei
390 1871 465 1916 sunt
486 1882 534 1906 eos
554 1877 606 1915 qui
611 1868 842 1914 subscripserunt
855 1895 867 1905 .,
891 1870 935 1904 Et
949 1872 1056 1906 revera
1069 1873 1112 1906 sic

229 1927 337 1960 fuerat
349 1922 557 1957 vertendum.
585 1921 670 1956 Vult
683 1918 882 1958 Athanasius
890 1919 1026 1956 Nicaena
1042 1922 1110 1955 De·

229 1984 318 2010 creta
338 1973 382 2008 ab.
392 1971 546 2008 omnium
566 1971 688 2015 ubique
701 1971 948 2006 provinciarum
969 1970 1112 2014 Synodis

229 2023 325 2059 fuiffe
340 2022 529 2058 examinata
554 2021 589 2055 δε
600 2020 736 2067 probata
749 2045 757 2054 .
783 2022 838 2055 De
848 2021 917 2056 istis
927 2021 1017 2056 enim
1030 2020 1113 2055 fece-

228 2083 278 2110 rat
290 2074 425 2109 Sanetus
435 2071 595 2115 Sylvester
605 2095 617 2111 ‚
644 2071 735 2114 quod
744 2068 787 2105 de
806 2072 897 2105 sexta
908 2070 1046 2110 Synodo
1058 2080 1112 2112 po-

229 2124 296 2159 stea
318 2122 397 2158 fecit
414 2122 487 2156 Leo
510 2117 698 2159 secundus,
721 2119 791 2161 ejus
811 2118 895 2150 Asta
921 2118 1054 2152 mittens
1073 2115 1113 2151 ad

229 2172 404 2215 Hispaniae
425 2169 602 2210 Ecclefias,
628 2169 663 2203 δε
685 2168 753 2211 ipsa
768 2166 927 2202 mandans
951 2167 970 2201 a
988 2167 1113 2202 cunCtis

229 2219 420 2257 Provinciis
438 2219 642 2263 synodaliter
666 2217 815 2262 probari«
844 2217 972 2252 Lucent
993 2215 1060 2252 haec
1072 2229 1113 2252 ex

229 2279 346 2316 quarta
367 2269 517 2310 decima,
542 2280 614 2313 quae
640 2269 740 2302 solius
751 2264 1014 2312 Carthaginensis
1035 2267 1115 2302 Pro—

228 2321 349 2356 vinciae·
363 2319 428 2355 fuit
446 2341 457 2359 ,
486 2318 625 2362 Synodo
647 2317 818 2353 Toletana
842 2341 852 2349 .
874 2318 981 2353 Saneti
1003 2325 1113 2352 autem

228 2370 390 2413 sylvestri
406 2371 529 2404 factum
551 2369 650 2406 docet
662 2380 724 2405 nos
736 2368 771 2403 in
794 2367 914 2402 litteris
935 2367 976 2401 ad
989 2366 1112 2409 lllyrici

227 2420 417 2464 Episcopos.
426 2418 580 2456 Romana
591 2418 699 2454 saneti
710 2417 842 2452 Damasi
853 2417 941 2461 apud
952 2417 1111 2452 Theodo-

230 2481 340 2506 retum
352 2467 530 2515 Synodus:
556 2467 658 2509 Vestra
678 2472 844 2512 Integrnas
867 2467 1020 2509 manffest&
1029 2469 1114 2501 videt
1133 2477 1134 2480 ’

230 2519 308 2554 banc
314 2518 512 2563 fidemfhlam
523 2543 535 2559 ,
561 2530 631 2562 quae
641 2518 816 2552 audomare
829 2515 984 2559 Apostolica
995 2521 1113 2551 Nicaeae

230 2570 364 2611 stabilita
383 2569 421 2609 est
434 2593 446 2610 ,
468 2570 558 2612 firme*
573 2569 718 2611 perpetuo
727 2567 890 2604 tenendam
915 2568 967 2610 esse
977 2592 985 2600 .
1013 2566 1112 2602 Vide-

231 2630 288 2655 tur
298 2619 432 2654 asserere
445 2620 618 2652 Nicaenam
638 2617 738 2652 fidem
749 2615 948 2661 Apostolicae
957 2616 1048 2652 Sedis
1060 2629 1113 2652 aur

232 2669 384 2705 &oritate
400 2668 630 2704 confirmatam
641 2668 704 2701 effe
713 2692 724 2709 ,
754 2667 896 2712 ideoque
906 2666 949 2701 ab
957 2667 1112 2702 omnibus

233 2717 412 2753 tenendam
424 2743 432 2751 .
459 2717 510 2752 Ita
520 2715 801 2761 quidamlaudata
809 2716 908 2751 verba
917 2727 1088 2761 exponunt
1101 2744 1109 2751 .

238 2803 243 2806 ,
285 2767 413 2802 Verum
435 2766 620 2810 praepostere
632 2791 639 2799 .
667 2766 802 2802 Etenim
815 2778 870 2810 per
880 2765 1111 2811 Apostolicam

231 2818 462 2854 austoritatem
474 2827 542 2850 non
557 2816 783 2859 Apostolicam
791 2816 907 2852 Sedetn
922 2842 934 2858 ,
959 2817 1013 2852 sed
1035 2818 1111 2852 San-

233 2870 364 2903 storum
390 2865 628 2910 Apostolorum
642 2867 822 2903 doctrinam
833 2867 994 2902 Damasus
1003 2867 1111 2902 lucide

232 2917 416 2962 intelligit.
444 2915 549 2950 Unde
571 2915 658 2951 &ita
676 2919 712 2953 in
726 2928 814 2951 nova
835 2918 889 2951 sua
902 2916 1111 2952 Theodoteti

232 2967 454 3002 translatione
469 2966 567 3001 vertit
582 2965 719 3009 Iacobus
729 2967 935 3002 Sirmondus.
963 2967 1106 3003 Athana-

233 3017 273 3051 sii
295 3016 388 3051 locus
412 3014 537 3060 aliquid
558 3016 687 3058 innuit,
712 3019 767 3053 sed
793 3017 877 3052 nihil
897 3017 1034 3052 evincit.
1065 3018 1108 3052 Et

234 3066 373 3101 Nicaena
387 3065 470 3101 Αᾶα
481 3078 550 3101 non
563 3078 618 3110 per
633 3067 946 3111 sotumsylvestrum
956 3091 968 3109 ‚
989 3067 1042 3103 sed
1054 3079 1109 3111 per

233 3117 342 3151 varios
350 3116 509 3152 Primates
522 3117 671 3161 gentium
686 3117 861 3163 Episcopos
869 3119 1000 3153 fuerunt
1011 3119 1108 3153 trans-

233 3167 329 3203 missa
354 3166 399 3201 ad
418 3165 628 3201 Provincias.
654 3167 748 3200 Hinc
766 3178 825 3211 pro
849 3181 921 3203 mea
939 3168 1109 3204 assertione

233 3217 294 3252 alii
305 3214 470 3251 adducunt
482 3215 708 3251 testimonium
721 3217 866 3254 secundae
875 3219 1031 3254 Romanae
1051 3219 1109 3253 sub

234 3266 346 3302 Felice
369 3267 468 3302 tertio
491 3264 618 3309 Synodi
637 3267 673 3301 in
687 3267 800 3302 litteris
817 3268 856 3303 ad
867 3269 978 3314 Regiae
990 3269 1108 3304 Civita-

235 3317 281 3351 tis
304 3325 401 3361 atque
413 3315 579 3361 Bythiniae
600 3316 735 3352 Clerum
745 3342 753 3350 .
780 3317 833 3351 Ex
844 3318 906 3354 hac
917 3319 1058 3354 Domini
1070 3319 1107 3352 ad

232 3364 371 3403 Petrum
385 3366 584 3412 Apostolum
597 3377 678 3404 voce
688 3392 700 3410 ,
720 3370 765 3402 Tu
772 3378 808 3403 es
821 3371 931 3405 Petrus
941 3394 953 3414 ‚
980 3372 1014 3405 o·
1020 3369 1109 3413 super

1879 157 1971 205 347

1162 226 1238 262 hanc
1249 230 1373 262 Petram
1384 225 1534 269 oedificabo
1544 225 1701 269 Ecclefiam
1711 238 1809 262 meam
1819 251 1830 270 ,
1843 226 1954 264 laudat
1967 230 2032 266 Ro-

1165 289 1267 312 manae
1279 278 1424 313 Ecclefiae
1434 278 1616 312 Primatum
1638 278 1670 310 &
1682 278 1904 321 prosequitur:
1931 282 2035 324 ,Quam

1163 339 1259 363 vorem
1274 326 1429 371 sequentes
1446 333 1566 363 trecenti
1585 330 1680 363 decem
1702 327 1806 362 &olto
1814 324 1914 372 sanllt
1927 332 2035 364 Patres

1160 380 1244 419 apud
1263 382 1402 412 Nicaeam
1412 384 1595 421 congregati,
1621 376 1869 418 confirmationem
1882 390 1977 413 rerum
1987 388 2035 414 at·

1161 439 1215 471 que
1236 428 1442 462 auHoriratem
1463 425 1578 475 sandlae
1601 432 1744 462 Romanae
1768 427 1900 470 Ecclefiae
1926 430 2038 464 detule-

1159 486 1229 511 runt
1251 503 1257 510 .
1285 480 1390 521 ,Quam
1418 487 1572 520 utramque
1592 477 1682 520 usque
1707 479 1750 511 ad
1770 488 1891 515 aetatem
1911 478 2037 519 nostram

1163 527 1329 570 Succeffires
1351 540 1450 561 omnes
1472 527 1652 568 custodiunt.
1680 529 1892 572 Septuaginta
1916 531 2037 572 septem

1163 578 1342 621 Episcopos
1366 576 1479 613 habuit
1503 577 1566 614 haec
1581 578 1733 615 Romana
1754 578 1928 622 Synodus‚
1952 580 2040 615 ideo·
2076 577 2078 580 ’

1161 638 1223 670 que
1234 628 1368 661 Nicaena
1384 628 1465 661 Atta
1489 639 1557 660 non
1574 628 1867 672 potestignorasse.
1895 627 2039 664 Videtur

1163 677 1331 715 adfirmare
1350 677 1406 711 illa
1429 677 1572 711 &relata
1593 678 1686 714 fuisse
1706 678 1744 711 ad
1768 679 1956 717 Romanam
1981 679 2041 712 Ec·

1163 728 1308 770 clefiam,
1335 728 1369 765 ὅ(
1380 728 1514 769 petitam
1528 738 1624 769 atque
1638 728 1747 763 datam
1772 729 1914 773 ipsorum
1925 728 2042 763 conflr-

1164 777 1307 811 tionem.
1341 777 1384 811 Et
1401 775 1467 816 haec
1491 776 1584 824 verba
1608 775 1690 811 adeo
1716 779 1904 819 percutiunt
1925 779 2042 814 oculos

1168 827 1302 870 Ioannis
1323 827 1488 867 Launoii,
1516 826 1652 861 utaliud
1675 826 1796 861 nesciat
1817 826 1989 870 quamipsa
2002 828 2043 861 de

1168 878 1280 919 spuriis
1293 877 1454 911 natalibus
1468 879 1637 913 accusare:
1667 875 1815 917 Postrema
1824 874 1953 918 clausula
1972 876 2045 919 sup-

1164 926 1329 968 positionem
1356 936 1411 961 aut
1430 929 1504 961 certe
1526 928 1779 970 interpolationem
1802 926 1901 967 objicit
1923 952 1930 959 .
1958 931 2044 960 Nam

1164 975 1192 1017 fi
1199 979 1277 1017 quod
1285 981 1422 1010 Nicaenae
1434 979 1543 1016 synodo,
1563 977 1707 1010 tribuitur
1719 1002 1729 1018 ‚
1755 977 1921 1020 Succaeffores
1946 987 2044 1009 omnes

1167 1024 1255 1067 usque
1276 1027 1318 1058 ad
1348 1028 1458 1060 Felicis
1481 1035 1596 1069 tempus
1632 1026 1828 1067 custodierunt
1846 1049 1856 1065 ,
1883 1037 1931 1060 cur
1952 1024 2046 1069 Euse-

1169 1075 1235 1107 bius
1247 1098 1259 1114 ,
1285 1085 1333 1107 cur
1337 1080 1368 1120 J
1372 1078 1469 1115 ulius,
1496 1089 1545 1110 cur
1571 1076 1745 1119 Athanafius
1766 1102 1777 1118 ,
1803 1087 1854 1111 cur
1885 1074 2046 1116 Liberius,

1169 1135 1218 1162 eur
1231 1125 1367 1160 Hilarius
1379 1147 1390 1163 ,
1416 1136 1466 1157 cur
1479 1129 1600 1164 syricius
1610 1152 1621 1167 ,
1646 1138 1696 1162 cur
1708 1130 1768 1163 Leo
1782 1149 1792 1165 ‚
1816 1137 1865 1160 cur
1886 1128 2020 1161 socrates
2035 1148 2047 1164 ,

1169 1185 1218 1207 cur
1240 1173 1437 1211 Theodoretur
1464 1184 1535 1208 ante
1557 1176 1684 1208 Felicem
1717 1181 1836 1211 tertium
1859 1180 2048 1219 monimentis

1170 1225 1247 1258 illud
1266 1234 1324 1257 non
1341 1223 1541 1267 consignarunt
1558 1223 1649 1267 suis?
1674 1227 1736 1261 Gur
1754 1223 1821 1266 suos
1845 1229 1878 1256 in
1901 1224 1969 1267 usus
1993 1234 2051 1256 non

1171 1275 1352 1308 derivarunt
1374 1274 1387 1306 ἒ
1422 1277 1485 1309 Cur
1512 1275 1634 1319 Vigilius
1657 1273 1720 1315 post
1746 1274 1873 1307 Felicem
1898 1278 1992 1318 tacuit
2017 1277 2052 1305 in

1172 1326 1255 1357 Sedis
1282 1323 1445 1366 Apostolicae
1463 1324 1713 1357 diminutionem?
1742 1321 1875 1363 Profellb
1888 1319 1918 1365 fi
1939 1335 1998 1365 qua
2020 1327 2053 1354 in

1172 1372 1302 1420 clausula
1325 1378 1466 1408 veritatis
1503 1373 1609 1407 umbra
1634 1378 1808 1415 reperiretur
1831 1394 1842 1411 ,
1876 1372 1952 1405 banc
1979 1375 2053 1405 Pon-

1174 1422 1264 1467 tificls
1291 1424 1336 1458 illi
1360 1435 1459 1458 omnes
1486 1447 1498 1464 ,
1534 1424 1569 1458 (Ὺ
1596 1424 1715 1459 laudati
1742 1421 1872 1456 auclore:
1893 1421 1986 1466 secun
2011 1420 2055 1468 es-

1170 1473 1259 1521 sent.

1223 1524 1422 1567 Respondeo
1445 1526 1506 1558 effe
1529 1526 1654 1559 secutos
1668 1549 1676 1556 .
1703 1525 1830 1559 Verum
1848 1533 1883 1558 ut
1897 1534 1966 1557 rem
1977 1532 2055 1556 tunc

1173 1571 1329 1606 omnibus
1342 1583 1457 1607 notam
1471 1573 1699 1617 consignarent
1723 1574 1839 1607 litteris
1850 1598 1861 1613 ,
1889 1573 1979 1606 nulla
1991 1572 2062 1606 exi«

1174 1623 1273 1667 gebat
1285 1623 1463 1658 neceslitas.
1495 1623 1597 1669 Qod
1613 1623 1642 1656 A
1648 1624 1840 1665 postolicam
1853 1621 2056 1668 generalium

1175 1673 1386 1716 Synodorum
1409 1673 1557 1718 regulam
1579 1673 1748 1710 servasstnt
1768 1673 1898 1708 Nicaeni
1925 1672 2057 1712 Patres,

1175 1723 1271 1757 omni
1295 1723 1445 1758 Ecclefiae
1465 1732 1531 1758 erat
1558 1722 1766 1757 manifestum
1788 1749 1800 1758 ι
1827 1723 1871 1758 Et
1893 1721 2059 1757 laudatam

1179 1773 1341 1808 Romanae.
1361 1774 1487 1818 Synodi
1516 1772 1696 1816 Epistulam
1723 1774 1797 1821 quis,
1826 1770 2060 1815 interpolavit,

1175 1824 1249 1866 quis
1271 1823 1319 1857 illi
1343 1825 1470 1858 intrusit
1493 1824 1632 1867 spuriam
1655 1823 1831 1857 clausulam
1854 1824 1870 1859 ,ξ
1897 1821 2061 1855 Produca-

1175 1885 1248 1911 mus
1267 1874 1308 1909 ab
1331 1875 1394 1909 isto
1405 1873 1628 1908 additamento
1641 1872 1741 1907 libera
1758 1872 1913 1916 Epistolae
1925 1869 2062 1906 authen-

1179 1925 1245 1957 tica
1267 1925 1465 1968 exemplaria
1489 1949 1499 1965 ,
1525 1934 1581 1958 aut
1610 1922 1790 1957 defluamus
1811 1924 1848 1960 in
1875 1920 2061 1957 veneranda

1179 1971 1372 2007 Christianae
1392 1975 1597 2016 antiquitatis
1619 1975 1822 2012 documenta
1841 1983 1908 2007 tam
1930 1970 2062 2006 horren-

1180 2021 1222 2057 de.
1243 2033 1306 2063 pro.
1325 2022 1422 2057 vanis
1431 2022 1547 2056 nostris
1568 2023 1829 2066 cogitationibus
1841 2022 1989 2066 grassari.
2018 2022 2063 2055 Et

1180 2068 1314 2112 quidem
1325 2073 1477 2113 grassatio
1491 2071 1557 2103 haec
1567 2094 1580 2110 ,
1606 2072 1654 2105 uti
1669 2072 1797 2105 nullum
1808 2072 2064 2109 fundamentum

1179 2117 1300 2158 habet,
1326 2119 1371 2152 ita
1395 2119 1430 2154 δε
1454 2117 1579 2152 nullam
1605 2120 1821 2153 necessitatem
1841 2145 1851 2155 ,
1876 2123 1951 2156 Nec
1973 2121 2064 2155 enim

1180 2167 1301 2203 Felicis
1319 2167 1407 2202 tertii
1428 2167 1558 2202 laudata
1582 2167 1736 2210 Synodus
1757 2167 1872 2204 fastam
1896 2169 2063 2211 Sylvestro

1179 2218 1353 2254 Nicaenam
1373 2216 1567 2251 relationem
1589 2216 1700 2252 laudat
1723 2242 1734 2258 ,
1760 2228 1815 2251 aut
1837 2216 1914 2253 huic
1936 2218 1977 2252 ab
2002 2219 2063 2253 illo

1177 2268 1289 2303 datam
1311 2267 1597 2302 confirmationem
1611 2292 1618 2299 .
1648 2267 1703 2306 Ad
1726 2266 1817 2301 hunc
1838 2269 1975 2311 scopum
1991 2281 2061 2303 non

1176 2318 1300 2353 direxit
1331 2317 1450 2353 oculos*
1470 2341 1481 2354 ..
1503 2316 1666 2352 Adfirmat
1702 2317 1852 2354 Italicam.
1887 2319 2061 2362 Synodum

1179 2369 1335 2403 Romano
1367 2368 1533 2412 Episcopo
1554 2367 1675 2401 subeffie
1711 2380 1767 2411 per
1789 2368 1902 2403 omnia
1928 2393 1938 2409 ,
1964 2366 2061 2412 hujus

1179 2419 1278 2453 solius
1298 2418 1488 2463 suffragium
1509 2418 1572 2452 esse
1593 2417 1664 2456 istic
1676 2418 1854 2452 decifivum
1868 2443 1879 2459 ‚
1905 2420 2060 2454 omnium

1179 2469 1304 2504 ibidem
1315 2468 1474 2503 Asterum
1486 2468 1774 2503 confirmationem
1787 2470 1820 2503 ὃς
1833 2469 2060 2504 auctoritatem

1176 2520 1238 2553 effe
1252 2518 1363 2553 abillo
1382 2530 1474 2558 uno,
1504 2518 1596 2552 &ita
1620 2519 1712 2553 fuiffe
1735 2521 1885 2564 agnitum
1911 2520 2061 2555 &firma-

1179 2579 1249 2602 tum
1274 2570 1292 2603 a
1313 2569 1406 2604 sexto
1418 2568 1559 2603 Nicaeno
1578 2568 1738 2603 canone.
1767 2569 1911 2604 Proinde
1933 2571 2059 2610 fateor,

1178 2630 1235 2663 pro
1245 2619 1386 2654 Nicaenae
1396 2619 1526 2662 Synodi
1537 2617 1576 2652 ad
1587 2620 1776 2654 Romanam
1790 2619 1908 2654 Sedem
1930 2620 2059 2654 relatio-

1176 2680 1217 2703 ne
1239 2693 1251 2709 ,
1277 2679 1334 2704 aut
1354 2668 1443 2704 illius
1469 2680 1523 2713 per
1541 2668 1627 2703 hanc
1652 2670 1907 2707 confirmatione
1928 2669 2059 2706 nullum

1176 2718 1238 2753 huc
1259 2720 1361 2763 usque
1383 2719 1533 2753 lucidum
1555 2719 1591 2757 δε,
1605 2718 1835 2754 authenticum
1848 2719 2058 2754 invenianti-

1175 2770 1306 2813 quitatis
1325 2768 1548 2804 testimonium
1563 2783 1574 2802 :
1602 2768 1729 2804 Verum
1744 2769 1935 2814 Apostolica
1959 2780 2057 2814 gene-

1175 2819 1289 2854 ralium
1301 2819 1514 2864 synodorum
1538 2819 1593 2856 lex
1605 2831 1673 2856 non
1687 2820 1763 2856 sinit
1788 2831 1842 2854 me
1862 2819 1903 2854 de
1913 2819 1987 2864 ipsis
1999 2819 2056 2856 du-

1174 2869 1294 2906 bitare-

1222 2919 1324 2968 Qod
1335 2919 1498 2965 generales
1509 2918 1638 2963 Sy'nodi
1657 2920 1857 2955 &faciendae
1877 2919 1918 2953 ad
1930 2919 2063 2954 Roma--

1171 2981 1251 3005 num
1265 2970 1464 3015 Episcopum
1482 2971 1665 3009 relationis,
1691 2969 1774 3004 &ab
1791 2970 1861 3013 ipso
1872 2969 2054 3012 exspecan-

1171 3019 1216 3054 dae
1234 3021 1499 3057 confirmationis
1520 3032 1604 3054 onus
1626 3019 1818 3054 &debiturn
1840 3018 1984 3053 habeant
2009 3030 2052 3054 ex

1173 3070 1367 3114 Apostolieo
1393 3071 1557 3110 Canone,
1582 3068 1783 3105 demonstrat
1806 3080 1923 3114 magna
1948 3070 2052 3112 Syno-

1170 3121 1232 3155 dus
1261 3119 1536 3155 Chalcedonensis
1558 3144 1564 3151 .
1594 3119 1728 3155 Etenim
1755 3117 1822 3154 haec
1847 3131 1915 3153 non
1942 3118 2050 3152 solum

1171 3171 1245 3204 suos
1271 3171 1426 3204 Canones
1448 3193 1461 3210 ,
1488 3170 1540 3204 sed
1561 3170 1661 3204 etiam
1691 3169 1768 3205 fidei
1791 3170 1970 3203 Decretum
2009 3179 2049 3203 ac

1173 3219 1325 3255 Dioscori
1346 3220 1627 3265 degradationem,
1657 3218 1734 3254 licet
1753 3230 1792 3253 ex
1804 3219 1909 3252 Sanc‘ti
1925 3218 2049 3252 Leo'nis

1172 3270 1349 3311 mandato,
1373 3271 1408 3305 δε
1430 3271 1469 3304 ad
1490 3270 1558 3313 ejus
1581 3268 1835 3314 propositionem
1858 3292 1869 3310 ‚
1894 3267 1929 3301 &
1953 3268 2047 3311 juxta

1170 3320 1238 3363 ejus
1261 3321 1445 3365 susti-agium
1469 3319 1635 3362 judicasset
1656 3344 1668 3360 ,
1702 3317 1844 3352 omnino
1869 3318 1980 3352 retulit
2002 3318 2049 3351 ei-

1171 3370 1244 3405 dem
1256 3369 1414 3406 Pontifici
1425 3395 1437 3412 ,
1463 3371 1497 3406 ὅ(
1507 3369 1698 3414 supplicavit
1709 3367 1831 3412 abipso
1843 3366 2027 3453 cogfirtggti
2035 3391 2046 3402 2

1904 3427 1956 3452 uel
