2366 3756
330 152 427 191 290

258 220 330 269 ficut
349 228 382 255 in
394 222 463 254 aliis
476 216 732 253 communitatibus
763 217 927 258 exemplum
947 217 1018 253 dari
1033 217 1126 259 potest
1142 243 1148 249 .

263 277 311 308 Et
329 272 481 314 fundatur
501 266 651 310 pradilia
670 266 796 309 potestas
812 266 1009 309 Ecclefiastica
1023 267 1150 310 jurisdi-

263 323 368 357 ctionis
392 326 424 354 in
443 327 560 352 unitate
581 319 633 352 vel
657 324 764 355 unione
789 318 845 350 tali
865 342 876 358 ‚
902 319 1150 360 quemadmodum

261 371 370 413 motasse
393 371 518 403 videtur
537 370 671 403 elevatus
711 367 886 414 Augustinus
911 393 921 409 ,
947 369 1028 411 quod
1050 370 1150 402 claves

263 420 396 463 Ecclefiae
417 421 502 458 datae
521 418 596 462 sunt
618 423 727 452 unitati
749 443 756 451 .
784 422 996 456 Verumtamen
1017 418 1070 451 boc
1093 430 1151 452 non

262 473 392 514 impedit
402 495 412 511 ,
441 475 513 513 quin
524 468 672 511 dataefint
684 471 772 505 Petro
789 478 943 511 tamquam
956 468 1126 506 Monarcbae
1139 494 1150 510 ,

263 520 456 571 legitimisque
472 519 672 564 successoribus
688 518 754 562 suis
779 530 786 554 2
823 520 1031 561 principaliter
1050 529 1150 553 tamen

263 571 400 614 Eccltssae
426 596 432 603 .
461 574 583 611 Primo,
611 576 725 603 ratione
747 569 1002 605 indevtabilitatis
1028 583 1039 603 .·
1066 573 1151 615 ,Quia

258 631 358 668 portae
372 621 468 663 Inferi
490 633 548 658 non
566 619 781 662 praevalebunt
804 621 954 653 adversus
974 631 1040 652 eam
1064 646 1074 661 ‚
1089 618 1152 656 'nec

263 673 380 715 deficiet
388 672 466 715 fides
479 674 545 712 ejus
556 695 563 703 .
592 674 666 709 Non
686 669 726 711 fic
740 671 776 703 de
791 673 879 712 Papa
889 695 896 703 .
923 672 1054 705 Secundo
1068 696 1078 711 ‚
1105 684 1153 703 ra-

261 729 342 758 tione
353 721 579 765 regulabilitatis
592 745 599 752 .
627 722 778 763 ‚Quoniam
790 720 879 753 babet
891 722 1056 764 regularem
1070 719 1111 763 us
1105 733 1152 755 um

257 772 416 818 potestatis
441 774 587 813 Papalis.
613 775 687 804 Non
701 768 740 813 fic
761 769 915 813 converso.
944 770 1094 804 Adducit
1119 771 1153 810 ὃς

259 819 343 857 'alias
365 823 524 861 rationes.
556 821 599 856 Et
623 818 700 855 huic
713 821 930 856 fundamento
951 820 1048 855 inniti
1061 819 1153 854 adfir-

259 884 331 908 mat
356 874 495 907 Decreta
515 897 527 913 ,
553 871 672 916 quibus
695 871 818 914 Papam
846 870 968 904 subesse
992 871 1152 906 Concilio

261 923 415 960 definivit
441 922 596 967 Synodus
621 921 893 963 Constantienfis.v
923 921 956 954 Si
968 931 1078 956 tamen
1097 921 1152 966 dt}-v

263 974 375 1013 finivit
389 999 397 1013 .

313 1023 464 1058 Eandem
476 1022 671 1062 sententiam
685 1021 802 1067 probat
814 1047 825 1063 ‚
843 1022 879 1056 &
889 1022 1003 1060 multis
1016 1022 1151 1057 Patrum

258 1073 462 1108 testimoniis
481 1073 608 1107 firmare
621 1073 727 1111 studet
739 1074 773 1106 in
790 1073 936 1117 Epistola
949 1074 990 1108 ad
1003 1071 1151 1107 Christo-

259 1123 402 1170 phorum
425 1123 598 1158 Fauvaeum
610 1147 621 1163 ‚
647 1135 685 1157 ac
702 1124 870 1166 praesertim
894 1125 929 1164 in
943 1122 1089 1167 Epistola
1108 1123 1148 1157 ad

259 1175 448 1211 Adrianum
475 1173 684 1212 Vallantium
705 1173 846 1216 Joannes
868 1174 1055 1215 Launojus.
1085 1173 1150 1206 Ve-

258 1218 332 1260 rum
354 1236 395 1261 an
419 1224 485 1257 toti
510 1223 638 1266 spatfim
653 1222 826 1262 Ecclefiae,
852 1234 893 1256 an
917 1221 1026 1265 potius
1045 1222 1148 1264 ipsam

255 1274 500 1317 sepraesentanti
527 1273 670 1317 generali
699 1271 857 1307 Concilio
891 1272 973 1306 velit
1001 1272 1150 1314 proxime

256 1324 350 1362 datas
377 1324 485 1366 Regni
508 1321 640 1357 caelestis
662 1320 791 1360 claves,
819 1332 887 1355 non
914 1321 1030 1365 poffim
1041 1332 1149 1355 certus

256 1373 416 1411 affirmare
425 1396 433 1403 .
462 1371 598 1408 Sensum
613 1371 704 1409 suum
719 1368 828 1404 lucide
839 1381 907 1405 non
919 1371 1059 1414 exponit
1073 1395 1079 1402 .
1095 1371 1149 1409 Ne

255 1423 297 1456 fit
324 1422 495 1460 Cadmaeus
520 1422 642 1461 frater,
669 1421 850 1457 consonare
871 1419 967 1455 debet
991 1422 1050 1455 suo
1062 1421 1147 1462 Can-

257 1473 391 1510 cellario
405 1497 412 1504 .
441 1472 485 1505 Et
511 1473 596 1505 certe
621 1468 797 1507 adductum
818 1471 913 1513 ejusa
928 1471 1023 1513 nobis
1036 1472 1145 1511 locum

257 1525 358 1558 etiam
371 1523 436 1565 ipse
446 1522 557 1559 laudat
570 1521 603 1560 ὃς
616 1519 751 1556 adducit
764 1543 771 1555 ,
802 1519 910 1556 Verba
923 1530 1033 1554 tamen
1046 1545 1056 1561 ,
1077 1532 1146 1564 quae

190 1568 192 1575 ’
254 1573 361 1606 claves
374 1584 443 1615 non
456 1571 521 1605 toti
533 1570 661 1614 sparsim
676 1569 822 1604 Ecclefiae
832 1593 841 1610 ,
859 1569 911 1603 sed
924 1571 988 1604 soli
1001 1570 1143 1613 generali

67 2277 139 2314 Cap.
163 2286 210 2308 10³

81 2738 161 2775 Capu
170 2746 222 2769 at»

254 1623 396 1666 Synodo
423 1622 541 1657 volunt
563 1618 753 1658 immediate
778 1619 871 1654 datas
892 1644 903 1660 ‚
930 1621 1143 1662 praetermisit.

254 1671 431 1718 Qidquid
452 1671 513 1709 sit,
540 1670 726 1713 proximum
741 1667 968 1708 Ecclefiassicae
979 1668 1145 1712 potestatis

254 1722 431 1764 subjeetum
456 1719 526 1752 vult
553 1718 732 1758 Ecclesiam
754 1739 765 1756 ,
789 1716 923 1755 Petrum
945 1717 1144 1763 Apostolum

254 1771 369 1814 &ejus
394 1767 586 1812 successores
609 1768 673 1808 effe
695 1768 869 1805 dumtaxat
892 1767 1070 1811 subjeetum
1082 1779 1145 1806 me-

253 1822 407 1860 diatum,
434 1820 489 1862 qui
515 1820 614 1861 ipsam
639 1827 811 1851 exerceant
832 1817 971 1853 nomine
998 1817 1144 1852 Ecclefiae

252 1881 423 1915 tamquam
438 1870 550 1907 vicarii
564 1867 710 1906 Ministri
723 1890 734 1906 ‚
761 1865 900 1911 ideoque
913 1868 945 1902 δε
957 1866 1034 1901 huic
1046 1867 1144 1911 pleno

247 1922 320 1967 §ure
333 1920 565 1962 subjiciantur.
594 1917 866 1962 Conglomeratis
888 1918 1071 1951 sanctorum
1085 1917 1144 1949 Pa-

248 1968 360 2010 etum,
387 1970 498 2003 Deum
523 1967 654 2004 Patrem
677 1967 711 2005 &
725 1967 899 2001 Ecclefiam
910 1967 1054 2008 Matrem
1079 1965 1142 2001 lau·

250 2021 426 2060 dantium,
453 2016 651 2055 testimoniis
670 2015 788 2060 fatigat
815 2015 1011 2057 Lestoreme
1038 2015 1146 2057 Plera-

248 2083 319 2115 que
342 2071 433 2105 enim
458 2067 499 2106 ad
523 2078 590 2101 rem
603 2077 673 2100 non
692 2066 816 2101 faciunt
830 2090 837 2097 .
865 2066 1052 2098 Dumtaxat
1065 2074 1146 2106 quae-

250 2122 328 2155 dam
351 2117 578 2159 Tertulliani,
603 2115 712 2149 San-cti
739 2111 880 2163 OPtati,
905 2113 1059 2157 &Sansti
1079 2113 1146 2156 Au.

249 2171 378 2217 gustini
393 2170 466 2202 loca
480 2162 657 2200 elucidabo
674 2188 682 2201 .
808 2194 809 2197 ,
831 2174 833 2176 ·

304 2222 348 2255 Et
369 2217 503 2264 quidem
527 2213 730 2249 Tertulliani
755 2214 829 2248 loca
842 2214 899 2258 ipsi
920 2214 1027 2258 palam
1040 2214 1148 2252 adver-

251 2274 364 2307 santur
376 2295 383 2302 .
407 2268 537 2302 Primus
550 2264 596 2298 est
613 2265 647 2297 in
661 2263 747 2298 libro
760 2264 947 2308 Scorpiaces
962 2270 1086 2300 ‚2Na3n
1098 2263 1153 2306 etsi

251 2322 348 2356 adhuc
370 2317 500 2362 clausum
517 2323 611 2357 putas
634 2315 749 2346 Coelum
767 2338 778 2354 ‚
809 2325 954 2348 memento
976 2316 1076 2361 chates
1099 2314 1146 2349 bic

251 2376 417 2406 Dominum
440 2370 530 2402 Petro
551 2390 562 2406 ,
588 2366 622 2398 059·
640 2372 693 2405 per
715 2374 779 2398 eum
802 2364 1135 2408 Ecclefiae.-.xreliquiffi.

254 2426 346 2465 ,Quas
369 2419 415 2452 hic
425 2413 620 2461 unusquisque
629 2419 827 2458 interrogatus
843 2422 935 2457 atque
942 2414 1140 2459 eonfeffusfhz

253 2466 302 2507 ret
311 2471 427 2514 secum.
456 2466 540 2511 Qis
555 2475 622 2498 non
636 2464 745 2499 videat
764 2465 869 2500 claves
882 2464 1070 2501 immediate
1082 2466 1140 2500 Pe.

253 2531 330 2560 tro,
356 2518 505 2553 Ecclefiae
527 2515 697 2549 dumtaxat
719 2515 861 2551 mediate
882 2515 1039 2551 adscribi?
1074 2515 1142 2550 Ad-

256 2571 348 2605 ducit
372 2571 406 2604 &
419 2570 528 2606 locum
538 2577 579 2599 ex
599 2564 683 2603 libro
694 2565 736 2599 de
757 2565 923 2604 Pudicitia
939 2591 949 2606 ‚
977 2566 1033 2601 ubi
1045 2577 1142 2611 gene·

257 2621 358 2656 talem
371 2616 565 2664 quorumvis
585 2625 794 2659 peccatorum
805 2616 1076 2654 remittendorum
1089 2629 1142 2659 po-

257 2671 404 2706 testatem
427 2669 599 2712 impugnat
624 2665 728 2708 lapsus
739 2666 778 2699 ad
793 2665 996 2705 Montanum
1008 2667 1142 2703 Tertuh

256 2721 366 2754 lianus
376 2745 386 2760 ‚
413 2730 450 2752 ac
463 2717 667 2761 prosequitur
676 2716 844 2754 adversum
859 2715 1053 2751 Catholicos
1067 2732 1078 2751 .·
1097 2721 1143 2758 De

256 2781 313 2808 tua
324 2780 400 2804 nunc
407 2767 558 2811 sententia
569 2778 669 2809 quaero
682 2792 692 2808 ,
705 2768 785 2805 unde
795 2765 848 2802 boc
855 2768 909 2808 jus
922 2767 1052 2809 Ecclefiae
1063 2766 1141 2811 usur-

259 2821 334 2863 pes?
365 2821 395 2851 51‘
407 2823 479 2858 quia
500 2818 580 2849 dixit
598 2819 686 2853 Petro
697 2819 838 2853 Dominus
849 2841 860 2856 ‚
886 2819 980 2858 super·
1001 2816 1077 2850 hanc
1090 2821 1143 2851 Pe*

262 2879 344 2903 tram
367 2864 518 2908 «edificabo
541 2864 699 2906 Ecclefiam
721 2878 835 2906 meam,
861 2865 927 2902 Tibi
951 2868 1021 2904 dedi
1041 2869 1142 2909 claves

264 2924 338 2963 Regi
358 2914 473 2956 coelestis
485 2939 496 2959 ,
526 2916 580 2952 vel
588 2917 787 2961 Quaecumque
803 2915 977 2958 alligaveris
990 2919 1043 2950 vel
1049 2916 1143 2960 sol-ae->

264 2977 309 3004 ris
324 2976 449 3002 interra
461 2991 472 3010 ‚
498 2974 584 3001 erunt
595 2966 721 3008 alligata
744 2967 778 3004 &
785 2963 926 3007 fhlutain
936 2968 1013 3003 coelis
1024 2990 1034 3005 ‚
1059 2970 1145 3001 idem
1159 2986 1163 3011 ἦ

263 3016 482 3062 &pra-sumis,
508 3016 595 3053 &ad
614 3024 644 3052 te
657 3016 801 3058 derivasse
816 3014 954 3057 solvendi
975 3018 1008 3052 ό·
1021 3013 1163 3061 allegam?

267 3072 301 3105 di
307 3068 480 3112 potestatem
493 3089 502 3104 ,
528 3065 608 3107 idest
619 3090 628 3107 ,
641 3066 684 3097 ad
691 3077 804 3101 omnem
815 3064 972 3107 Ecclcfiam
987 3069 1068 3103 Petri
1075 3078 1144 3110 pro-

265 3126 413 3164 pinquam
426 3128 439 3157 ‚·
467 3116 564 3158 qualis
576 3126 606 3146 es
617 3123 752 3151 evertens
763 3125 854 3157 atque
863 3126 1043 3152 commutans
1055 3124 1147 3151 mani·
1161 3134 1165 3192 ἱ

265 3169 375 3213 festam
389 3169 507 3199 Domini
517 3169 704 3201 intentionem
711 3164 904 3209 personaliter
925 3166 976 3204 boc
989 3170 1076 3203 Petro
1085 3181 1148 3202 con,

267 3219 419 3262 ferentem
441 3217 457 3249 ,ἕ
483 3217 573 3257 Super
596 3225 646 3255 te,
673 3219 793 3256 inquit,
821 3215 969 3257 ‘edificabo
994 3218 1149 3260 Ecclesiam

275 3280 387 3304 meam.
418 3270 461 3299 Et
469 3266 524 3303 tibi
542 3264 620 3298 dabo
628 3265 729 3301 claves
742 3290 751 3305 ‚
768 3278 823 3298 non
836 3265 987 3308 Ecclefiae‚
1002 3271 1045 3301 Et
1058 3272 1150 3312 ,Que-

276 3329 395 3361 cumque
400 3315 528 3359 solveris
540 3316 592 3348 vel
596 3316 767 3358 alligaveris
778 3338 787 3353 ,
814 3328 870 3349 non
882 3319 1079 3360 ,Quaecumque
1094 3318 1152 3362 fhl.

275 3375 377 3402 verint
399 3368 450 3401 vel
469 3368 661 3409 alligaverint
674 3390 681 3396 .
708 3367 756 3399 sic
776 3370 854 3398 enim
876 3370 1014 3401 &exitus
1038 3371 1149 3403 docuit,

271 3423 315 3457 ,ln
325 3417 384 3461 ipso
397 3415 521 3459 Ecclefia
532 3415 677 3457 exstructa
689 3415 727 3457 est
742 3439 754 3459 ,
762 3417 798 3450 id
805 3415 842 3458 est
853 3440 864 3459 ,
870 3425 925 3459 per
939 3416 1055 3461 ipsum:
1083 3418 1148 3464 Ipse

641 135 678 178 S.
720 132 1042 177 Cri-„Eooull
1078 149 1323 181 SEPTIMI
1361 137 1725 183 PONTIFICIS

1212 220 1327 252 clavem
1352 220 1475 253 imbuit.
1506 219 1594 254 Audi
1610 221 1746 263 Joannis
1760 222 1902 259 Launoii
1915 227 2093 262 Commen-

1212 270 1330 307 tarium
1355 282 1362 301 z
1392 268 1588 309 Tertullianus
1608 269 1788 314 sententiam
1805 280 1932 314 priorem
1953 288 2094 319 revocat,

1213 329 1245 358 ut
1258 323 1446 353 incommodet
1460 325 1589 354 Romano
1600 320 1761 365 Episcopo,
1778 333 1829 365 qut
1842 325 1960 358 maecbis
1974 334 2093 362 veniam

1213 370 1263 413 effe
1288 372 1501 404 concedendam
1526 374 1664 406 edixerat
1690 398 1696 405 .
1725 373 1925 416 Respondeo
1951 377 2092 411 omnino

1214 421 1354 460 revocari
1369 420 1507 463 priorem
1520 423 1711 459 sententiam
1725 435 1732 454 ε
1765 423 1890 459 Verum
1904 437 1971 459 non
1983 426 2074 460 illam
2084 451 2098 468 ,

1214 482 1284 513 quae
1322 471 1429 504 claves
1464 471 1569 506 asserit
1596 473 1785 507 immediate
1809 473 1900 515 datas
1928 476 2092 516 Ecclesiae.

1215 520 1320 567 Quod
1346 522 1427 564 ipsas
1440 520 1552 559 Petrus
1574 523 1762 557 immediate
1773 525 1960 568 accepiffet,
1988 527 2022 560 ὅς
2034 526 2096 561 Ca-

1214 570 1338 605 tholica
1363 571 1503 606 Ecclel-ia
1531 574 1636 616 palam
1665 574 1875 617 profitebatur
1896 601 1907 617 ‚
1933 588 1970 610 ac
1992 576 2093 611 etiam

1214 621 1371 655 Montani
1384 622 1502 656 factio:
1531 624 1651 659 Omnis
1662 626 1795 668 quaestio
1806 637 1873 661 erat
1890 625 1929 659 de
1940 626 2071 661 traduce
2084 652 2092 661 .

1213 670 1388 706 Catholica
1400 675 1592 711 communio
1606 675 1758 710 afferebat
1770 675 1860 709 datas
1871 687 1945 709 cum
1954 676 2021 719 jure
2032 687 2094 712 tra-.

1213 722 1304 755 ducis
1321 723 1353 755 in
1377 734 1511 756 omnem
1534 723 1632 759 Petro
1655 726 1872 769 propinquam
1896 727 2093 769 Ecclefiam,

1213 773 1267 805 seu
1291 772 1326 805 in
1351 784 1467 807 omnes
1478 773 1692 811 Orthodoxos
1717 775 1775 809 sub
1795 777 1878 810 coelo
1893 776 2092 822 Episcopos3

1213 823 1370 856 Montani
1398 824 1496 864 factio
1521 848 1531 864 ‚
1558 826 1678 869 joanni
1700 826 1844 861 Calvino
1865 828 2092 868 consentiens,

1213 873 1294 917 ipsas
1309 873 1432 917 ligabat
1445 874 1483 908 ad
1498 875 1597 910 solam
1609 875 1696 917 Petri
1711 877 1880 920 personam
1894 890 1901 909 ε
1921 877 2014 911 Hinc
2027 876 2093 911 bla-

1211 923 1334 957 terabat
1347 924 1402 967 ipsi
1417 923 1599 965 solidatas,
1626 937 1694 962 non
1711 926 1876 963 Ecclefiae.
1905 928 1998 975 Qin
2011 938 2094 971 ergo

1211 973 1325 1007 Petrus
1347 975 1432 1016 foret
1446 976 1634 1018 proximum
1647 977 1788 1011 clavium
1813 977 2010 1020 subjeetum,
2038 988 2094 1016 ne·

1211 1035 1267 1068 mo
1280 1035 1359 1059 tunc
1371 1024 1541 1061 dubitabat
1553 1026 1735 1060 Haereticus
1757 1037 1813 1062 aut
1826 1026 2046 1062 Orthodoxus
2055 1052 2064 1060 .

1261 1074 1403 1117 Joannes
1423 1074 1591 1118 Launojus
1610 1075 1743 1111 adducit
1762 1078 1795 1111 &
1809 1077 1897 1112 hunc
1921 1079 2032 1112 locum
2049 1089 2092 1111 ex

1209 1123 1440 1158 exhortatorio
1459 1123 1499 1156 ad
1511 1124 1692 1168 castitatem
1706 1126 1813 1168 libro„-
1840 1129 1901 1162 §ed
1911 1126 2023 1167 christo
2031 1126 2092 1171 ser·-

1210 1173 1344 1206 vabatur
1360 1196 1370 1212 ‚
1388 1169 1461 1212 ficut
1478 1176 1511 1205 in
1534 1180 1651 1207 caeteris
1666 1197 1677 1213 ,
1701 1180 1746 1208 ita
1766 1182 1798 1211 tn
1818 1177 1869 1218 isto
1888 1189 1997 1221 quoque
2017 1178 2091 1221 legii·

1205 1223 1359 1264 plenitudo
1371 1246 1377 1254 .
1409 1223 1484 1256 Inde
1496 1227 1589 1267 igitur
1601 1224 1685 1270 apud
1694 1235 1746 1256 nos
1756 1227 1871 1267 plenius
1888 1236 1978 1269 atque
1987 1227 2091 1267 instru-

1209 1273 1283 1308 elius
1295 1271 1502 1316 praescribitur
1515 1298 1525 1314 ‚
1551 1279 1641 1306 unius
1653 1278 1833 1308 matrimonii
1842 1275 1891 1319 effe
1900 1283 2028 1317 oportere
2040 1283 2094 1318 qui

1212 1323 1379 1366 alleguntur
1402 1328 1434 1360 in
1461 1324 1592 1358 ordinem
1616 1323 1831 1366 sacerdotalem
1856 1349 1863 1356 .
1899 1323 1993 1368 Usque
2017 1327 2094 1361 adea
2109 1328 2144 1361 C.
2157 1337 2184 1364 7.

1209 1371 1351 1415 quosdam
1372 1378 1494 1406 memini
1518 1375 1662 1419 Bigamos
1685 1376 1742 1411 loco
1751 1374 1877 1416 dejetios
1889 1399 1897 1407 .
1925 1376 1987 1409 Sed
1994 1377 2092 1417 dices,

1207 1425 1274 1467 ergo,
1296 1429 1413 1462 caeteris
1433 1425 1498 1462 licet
1517 1449 1528 1465 ,
1557 1435 1628 1468 quos
1647 1430 1761 1467 excipit
1779 1449 1786 1458 .
1814 1429 1894 1467 Vani
1914 1431 2045 1467 erimus,
2065 1424 2098 1467 fi

1202 1480 1416 1515 putaverimus
1450 1475 1531 1523 quod
1563 1475 1770 1514 sacerdotibus
1803 1487 1861 1511 non
1880 1477 1969 1515 liceat
1990 1479 2092 1509 Laicis

1206 1523 1307 1562 licere.
1337 1529 1448 1562 Nonne
1471 1526 1506 1558 Θ·
1520 1527 1604 1558 Laici
1615 1526 1785 1560 sacerdotes
1791 1524 1918 1568 sumus?
1944 1527 2093 1568 Scriptum

1205 1571 1243 1611 est
1256 1585 1267 1605 .-
1294 1576 1430 1615 Regnum
1443 1585 1553 1617 quoquc
1576 1586 1628 1608 nos
1650 1578 1685 1610 Θ
1694 1577 1864 1618 Sacerdotes
1877 1579 1940 1614 Deo
1957 1577 1992 1610 ὁ·
2003 1577 2093 1611 Patri

1198 1620 1293 1665 fecit.
1321 1622 1533 1669 Differentiam
1554 1630 1635 1664 inter
1651 1627 1793 1665 Ordinem
1816 1625 1972 1667 &plebem
1993 1624 2093 1665 consti-

1206 1676 1263 1703 tuIt
1276 1670 1410 1712 Ecclefiae
1421 1671 1582 1713 auc‘loritas
1603 1698 1614 1714 ‚
1640 1674 1675 1713 χό·
1687 1673 1776 1706 honor
1782 1682 1838 1716 per
1851 1676 1976 1709 Ordinis
1985 1671 2094 1717 const-[2

1198 1716 1268 1762 sum
1284 1719 1508 1763 sanc‘lificatus.
1534 1723 1616 1761 Adeo
1635 1723 1686 1754 ubi
1704 1722 1889 1765 Ecclefiastici
1899 1724 2022 1756 Ordinis
2032 1735 2091 1761 nott

1203 1769 1243 1809 est
1263 1764 1401 1812 conseffus
1413 1792 1424 1809 ,
1446 1770 1481 1802 Θ
1505 1769 1593 1810 offers
1606 1795 1616 1811 ,
1642 1772 1677 1812 ψ
1703 1777 1795 1815 tingis
1812 1792 1823 1812 ,—
1847 1773 1881 1814 (gt
1901 1772 2040 1805 Sacerdos
2057 1782 2093 1811 ea·

1204 1818 1258 1851 tibi
1269 1817 1347 1861 solus
1361 1843 1370 1851 .
1397 1819 1459 1856 sed
1478 1818 1529 1852 ubi
1554 1828 1615 1857 tres
1630 1845 1641 1861 ,
1665 1820 1791 1862 Ecclefia
1810 1820 1869 1863 est,
1895 1822 1962 1861 licet
1984 1825 2090 1862 Laici:

1206 1867 1409 1912 Unusquisque
1429 1873 1508 1902 enim
1516 1867 1574 1912 sun
1582 1870 1645 1913 fide
1654 1876 1739 1911 vivit
1753 1895 1765 1911 ,
1792 1883 1843 1905 nec
1851 1869 2115 1920 estpersonarum‘

1206 1923 1335 1959 acceptio
1354 1919 1439 1961 apud
1465 1921 1577 1952 Deum.
1605 1925 1706 1964 Igitur·
1714 1919 1843 1963 fibabes
1855 1923 1910 1962 ,ius
1922 1923 2090 1956 Sacerdotis

1202 1972 1235 2000 in
1257 1966 1411 2010 temetipso
1422 1968 1473 2001 ubi
1496 1971 1597 2013 necesse
1620 1970 1678 2010 est,
1704 1970 1817 2004 babeas
1831 1979 1942 2014 oportet
1963 1970 2091 2014 difiripll-

1205 2028 1276 2051 nam
1287 2018 1454 2053 sacerdotis
1464 2041 1475 2057 ‚
1504 2018 1556 2051 ubi
1567 2019 1670 2062 necesse
1678 2018 1714 2062 fit
1725 2019 1890 2060 baberejus
1903 2021 2068 2056 sacerdotis
2078 2044 2087 2054 .

1203 2064 1406 2114 Respondet?
1418 2067 1647 2116 testimonium¹
1669 2069 1754 2105 istud
1776 2070 1838 2108 effe
1857 2069 2089 2116 infiguitetinq
2125 2067 2131 2075 '

1203 2115 1334 2154 firmum
1346 2126 1385 2151 ac
1393 2113 1635 2155 etheredoxum
1647 2142 1654 2153 ,
1675 2119 1813 2160 Etenim
1824 2118 1928 2166 lapsus
1936 2120 1977 2158 ad
1987 2120 2089 2155 Μοιμ,

1203 2175 1319 2206 tanum
1343 2164 1573 2206 Tertullianus
1599 2165 1669 2201 istic
1692 2166 1896 2212 dogmatizat
1919 2169 2090 2212 peffimum

1204 2227 1344 2250 errorem
1354 2240 1365 2257 ,
1392 2214 1544 2250 adversus
1556 2228 1654 2263 quem
1668 2219 1764 2252 antea
1780 2218 1945 2262 scripserat
1957 2218 1991 2260 in
2004 2218 2093 2255 libro

1199 2266 1490 2309 praescriptionum
1508 2279 1517 2306 ³.
1547 2274 1758 2302 Haereticorum
1782 2270 1984 2305 ordinationes
2005 2277 2093 2302 teme÷

1204 2322 1295 2350 rariae
1306 2339 1317 2356 ,
1340 2317 1423 2353 leves
1434 2341 1444 2357 ‚
1458 2314 1667 2354 inconstantes.
1707 2319 1789 2351 Alius
1802 2317 1888 2351 hodie
1898 2317 2066 2361 Episcopus
2076 2344 2091 2361 ,

1204 2377 1271 2404 cras
1297 2367 1375 2400 alius
1388 2389 1395 2398 .
1426 2367 1522 2406 Hodie
1533 2368 1701 2407 Diaconus‚
1729 2373 1782 2410 qui
1801 2379 1867 2402 cras
1879 2368 1984 2402 LeAEor
1997 2394 2004 2401 .
2032 2373 2093 2405 Hoq

1206 2418 1254 2453 die
1278 2415 1434 2455 Presbyter
1454 2438 1464 2455 ‚
1489 2422 1541 2460 qui
1564 2428 1631 2457 cras
1654 2421 1763 2457 Laicus
1778 2442 1786 2455 ,
1822 2422 1910 2460 Nam
1931 2420 1968 2453 (φ
1987 2421 2091 2466 Lame

1206 2467 1409 2505 Sacer-dotalia
1420 2477 1544 2502 munera
1564 2468 1727 2511 injungunt
1739 2492 1746 2501 .
1774 2466 1973 2512 Apostolico
1984 2469 2093 2505 Cano-

1208 2528 1249 2553 ne
1269 2533 1279 2558 ,-
1307 2516 1486 2553 mandante
1520 2516 1721 2561 Episcopum
1745 2530 1786 2556 ac
1810 2518 2004 2559 Diaconum
2029 2520 2093 2562 else

1202 2567 1298 2601 unius
1320 2565 1430 2601 uxoris,
1459 2566 1585 2608 virum,
1613 2569 1763 2602 adfirmat
1776 2579 1844 2603 non
1867 2568 1966 2604 hosce
1987 2570 2092 2609 solos,

1203 2615 1255 2656 sed
1279 2626 1396 2652 omnes
1423 2615 1582 2661 adstringi
1607 2617 1744 2657 fideles,
1770 2618 1924 2660 atqueita
1935 2618 2090 2654 secundas

1203 2667 1336 2710 nuptias
1359 2667 1422 2700 effe
1441 2665 1598 2705 omnibus
1623 2666 1784 2714 aequaliter
1801 2666 2003 2702 interdictas.
2034 2669 2092 2703 Et-

1203 2717 1280 2757 iam·
1293 2716 1335 2754 ad
1356 2716 1435 2757 alias
1456 2727 1593 2760 omnes,
1621 2721 1700 2765 quas
1719 2717 1757 2751 in
1770 2716 1934 2761 Episcopo
1954 2719 2091 2761 requirit

1205 2766 1409 2811 Apostolum
1434 2767 1570 2806 virtutes
1589 2768 1743 2809 cunctum
1754 2768 1919 2810 aequaliter
1928 2767 2090 2814 adstringi

1205 2816 1429 2854 Christianum
1441 2818 1550 2856 censet
1562 2817 1598 2856 in
1610 2817 1693 2854 libro
1703 2816 1743 2855 de
1755 2817 1974 2862 Monogamia
1987 2844 1996 2851 .
2008 2820 2094 2862 Outz

1205 2866 1302 2906 nibus
1324 2867 1414 2901 enim
1436 2865 1629 2909 Christianis
1643 2889 1654 2909 ,
1679 2866 1756 2907 licet
1777 2878 1848 2908 non
1873 2869 2091 2911 exercitium,
2107 2856 2205 2891 ⁶⁸¹st

1206 2928 1313 2952 tamen
1337 2920 1407 2952 vult
1418 2919 1480 2957 effe
1499 2917 1548 2961 jus
1558 2917 1754 2964 sacerdotii,
1781 2917 1821 2955 ed
1835 2918 1932 2964 'qudd
1943 2915 2093 2960 Christus

1205 2967 1373 3003 Dominus
1408 2978 1524 3005 omnes
1545 2977 1604 3000 nos
1626 2967 1659 3001 ὅ(
1675 2967 1783 3012 Reges
1802 2967 2037 3003 &Sacerdotes
2046 2970 2093 3004 fe-

1206 3018 1286 3053 cetit
1299 3042 1311 3058 ,
1337 3019 1370 3055 δε
1382 3016 1471 3059 Cleri
1483 3017 1500 3054 a
1511 3016 1605 3062 plebe
1613 3017 1784 3056 discrimen
1801 3017 1840 3052 fit
1853 3017 2027 3055 dumtaxat
2035 3031 2091 3063 pet

1209 3068 1356 3104 Ecclesia:
1367 3067 1591 3110 auctoritatem
1604 3091 1615 3107 ,
1641 3068 1673 3101 &
1685 3067 1836 3102 altiorem
1848 3068 1882 3101 in
1896 3067 2023 3112 publica
2035 3071 2094 3114 Sy-

1208 3119 1286 3154 naxi
1307 3119 1507 3152 confestum.
1537 3117 1716 3161 Episcopos
1736 3118 1770 3152 &
1790 3129 1926 3159 omnem
1953 3119 2096 3159 Clerum

1209 3169 1306 3203 docet
1328 3179 1395 3203 non
1407 3170 1469 3208 effe
1481 3166 1567 3200 aliud
1579 3192 1590 3208 ,
1617 3167 1715 3211 quam
1727 3168 1801 3202 illos
1823 3168 1941 3210 quibus
1951 3168 1992 3202 ad
2005 3170 2093 3204 scan-

1208 3219 1320 3253 dalum
1343 3219 1376 3252 ὅ(
1387 3216 1610 3256 confufionem
1636 3218 1805 3259 vitandam
1816 3218 1936 3262 quaevis
1947 3217 2094 3260 Ecclesia&

1209 3266 1414 3307 demandarit
1450 3268 1601 3301 sacrificii
1634 3268 1667 3310 ἀ
1685 3269 1809 3301 omnis
1844 3268 1975 3307 alterius
2012 3269 2096 3304 sacri

1211 3317 1386 3354 Ministerii
1415 3318 1617 3351 functionem
1640 3342 1650 3364 ³
1677 3319 1711 3352 ὅ(
1735 3318 1806 3361 ejus
1830 3319 1924 3351 causa
1951 3317 2091 3354 honora-

1210 3369 1328 3404 tiorem
1351 3369 1383 3401 in
1397 3366 1538 3402 Ecclesia
1560 3369 1689 3407 locum,
1718 3368 1762 3409 Et
1773 3367 1853 3400 hinc
1875 3368 2004 3402 fidelem
2021 3381 2091 3404 om.

1212 3429 1287 3454 nem
1299 3443 1310 3461 ‚
1337 3417 1418 3453 dum
1443 3418 1530 3453 solus
1551 3418 1586 3453 in
1609 3418 1736 3454 deserto
1755 3426 1813 3454 aut
1833 3418 1920 3454 inter
1941 3417 2102 3463 infideles*

1915 3467 2043 3518 >degit²

2106 2439 2144 2475 C.
2159 2435 2227 2476 412³.
