2366 3756
393 98 489 146 306

699 88 739 131 S.
776 86 1096 139 Gueoonn
1132 102 1365 133 sePTlMl
1401 88 1765 134 P0N111=1cls

320 171 439 217 hasque
451 169 718 210 solasimpug-nat
741 164 800 201 ista
823 167 942 201 infelix
965 168 1134 211 Epistola.
1161 169 1203 205 Et
1266 170 1465 204 Orientalium
1475 168 1680 204 auctoritatem
1695 194 1702 202 .
1726 172 1857 208 Undein
1867 172 2000 216 Epistola
2011 176 2151 214 synodica

319 222 464 266 profecto
483 220 569 252 circa
590 216 777 251 Romanam
800 217 1054 260 appellationem
1065 219 1205 262 amplius

319 272 420 316 longe*
442 270 474 302 &
497 266 622 301 firmius
639 266 688 310 jus
700 265 823 302 habent
834 268 1010 313 Episcopi,
1041 269 1140 312 quam
1156 269 1205 303 in-

319 321 417 355 ferior
436 317 568 353 Clerus.
597 317 731 352 Etenim
755 317 815 353 ista
837 314 1059 363 appellatione
1071 318 1119 353 uti
1130 319 1204 354 sem-

319 381 374 414 per
399 378 575 413 potuerunt
597 368 757 404 Afrorum
770 368 946 415 Episcopi,
979 369 1099 403 Clerici
1110 379 1205 403 num·

318 429 436 464 quam:
463 419 534 454 Nifi
557 418 629 462 post
651 426 798 463 tempora
819 419 1129 465 MagniGregorii.
1158 420 1203 455 Et

318 468 486 504 Adrianus
509 479 640 513 quartus
660 468 840 511 Pontifex,
867 471 947 506 dum
972 471 990 504 ὲ
1017 470 1202 506 Guilielmo

315 520 460 555 secundo
480 520 667 554 Siculorum
693 518 788 565 Rege
813 528 926 564 captus
953 520 1043 558 ceffit
1080 520 1203 555 Roma-

316 571 368 604 nis
389 581 457 605 non
480 570 610 606 tantum
630 569 857 612 Clericorum,
885 571 939 605 sed
962 571 995 604 ὅς
1017 570 1200 607 Siculorum

319 619 558 664 Episcoporum
578 619 879 664 appellationibus,
908 621 1015 660 Sansti
1045 621 1132 655 Petri
1158 621 1202 656 A·

316 671 441 714 postoli
464 669 670 714 Maiestatem
689 669 736 703 est
761 670 931 715 infigniter
956 673 1199 717 praevaricatus,

316 720 424 758 Unde
442 720 549 755 &ista
571 723 661 765 pacta
683 721 906 757 circumduxit
926 732 1025 765 atque
1051 721 1200 755 exsuffla-

315 771 364 808 vit
392 771 608 806 Innocentius
628 771 761 807 tertius:
789 771 937 817 Excepta
958 782 1070 807 tamen
1097 771 1199 807 Cleri-

313 820 437 856 calium
467 821 724 866 appellationum
744 821 885 856 ceffione
904 847 912 856 .
951 820 1060 857 Unde
1085 822 1200 857 etiam·

312 882 394 906 num
415 870 519 912 bodie
538 872 675 907 inferior
694 871 813 908 Siciliae
833 873 952 909 Cletus
974 881 1102 909 tenetur
1136 873 1199 908 suae

312 921 498 957 Provinciae
517 922 679 966 synodali
700 921 826 968 judicio
859 923 1102 968 adquiescere,
1124 934 1197 957 nec

310 973 415 1015 potest
435 973 579 1008 Romam
601 977 796 1017 provocare.
821 973 927 1021 Qod
950 973 1056 1016 ipsum
1070 974 1104 1008 in
1121 972 1197 1007 Gal-

308 1022 355 1056 lia
375 1022 528 1061 obtinere
549 1024 719 1068 praetendit
730 1024 773 1059 D.
786 1022 899 1060 Petrus
909 1022 950 1058 de
962 1023 1075 1062 Marce
1089 1047 1097 1059 .
1119 1024 1195 1070 Qa

308 1071 409 1117 igitur
430 1073 551 1109 fiducia
572 1085 663 1109 nunc
685 1074 841 1119 quintum
864 1075 1058 1115 Nicaenum,
1084 1072 1194 1117 quide

309 1123 387 1157 solis
408 1123 546 1159 Clericis
568 1125 671 1159 sancit
694 1124 871 1165 &Laicis,
899 1125 1193 1160 Canonet‘nexten-

307 1173 358 1207 dit
376 1173 417 1208 ad
452 1175 634 1219 Episcopos
657 1176 675 1208 ἓ
711 1174 755 1209 Et
778 1172 868 1218 quod
904 1176 972 1211 iste·
989 1177 1111 1212 Canon
1132 1187 1193 1211 nec

312 1223 465 1259 Clericos
488 1224 663 1259 interdicat
683 1225 837 1259 Romana
857 1226 1079 1268 appellatione
1100 1251 1110 1268 ,
1147 1224 1190 1260 est

306 1274 399 1316 supra
420 1274 551 1309 abunde
569 1275 738 1308 ostensum
761 1297 768 1305 .
807 1275 963 1310 Ostendit
995 1276 1028 1309 ἃ
1048 1276 1192 1322 Magnus

307 1324 509 1368 Gregorius,
535 1323 615 1358 dum
635 1324 737 1357 Afros
756 1322 799 1358 ab
810 1324 868 1359 ista
879 1325 1191 1370 consuetudine'per-

304 1375 398 1407 suasit
420 1372 587 1407 recedere.
624 1374 669 1407 Et
691 1374 837 1417 profesto
862 1373 1016 1410 Romana
1048 1376 1191 1412 Ecclesia

303 1423 350 1458 est
370 1434 438 1457 non
451 1423 622 1459 dumtaxat
633 1426 856 1468 oppressorum
868 1425 1107 1470 Episcoporum
1127 1437 1192 1462 rna-

302 1483 352 1508 ter
371 1475 404 1509 δε
426 1475 620 1519 protectrix,
648 1474 815 1509 sedetiam
827 1475 1032 1511 Clericorum
1048 1502 1060 1517 ,
1085 1478 1192 1513 immo

302 1525 457 1559 omnium
477 1525 536 1560 sub
565 1525 654 1558 coelo
685 1523 953 1560 Christianorum
977 1551 984 1559 .
1020 1528 1073 1561 De
1102 1526 1192 1562 hisce

304 1575 461 1609 omnibus
480 1575 605 1608 distum
639 1573 686 1609 est
716 1575 836 1609 Sansto
868 1573 967 1610 Petro
1006 1574 1191 1620 Apostolo:

301 1625 455 1668 Confirma
467 1625 591 1669 fratres
606 1632 691 1658 tuos.

350 1676 394 1708 D.
409 1674 683 1718 Archiepiscopus
702 1674 802 1708 etiam
825 1672 1064 1710 Antiochenos
1083 1675 1193 1711 Cano-

300 1736 358 1758 nes
379 1724 520 1758 advocat
549 1724 614 1757 suis
645 1723 907 1767 cogitationibus
936 1725 974 1759 in
1009 1725 1192 1760 auxilium.

301 1776 371 1810 Eos
393 1775 495 1810 versat
514 1786 554 1809 ac
574 1773 730 1814 reversat,
759 1774 847 1809 videt
870 1774 902 1809 se
921 1786 988 1809 non
1002 1775 1127 1810 starein
1142 1777 1194 1809 fir-

300 1836 358 1860 mo
382 1824 508 1865 fundo,
536 1824 679 1867 ideoque
701 1825 873 1869 adjungit:
903 1829 1047 1859 Attamen
1068 1827 1195 1866 diffimu-

301 1877 428 1912 landum
449 1886 507 1908 non
528 1874 566 1916 est
580 1873 636 1916 fibi
655 1881 689 1908 in
709 1873 837 1918 speciem
851 1884 1014 1920 repugnare
1025 1877 1190 1909 Concilium

301 1926 531 1960 Antiochenam.
570 1925 740 1960 Debuerat
764 1925 881 1960 addere
904 1924 969 1959 hoc
993 1927 1073 1959 item
1100 1925 1190 1959 Con-

302 1977 418 2011 cilium
439 1978 503 2010 effe
526 1977 741 2018 prodromum
762 1975 1060 2009 &fundamentum
1071 1971 1194 2018 Philip-

302 2027 490 2071 popolitani
511 2024 750 2060 Conventiculi
766 2049 778 2066 ‚
815 2024 955 2067 ideoque
979 2024 1080 2068 longe
1103 2024 1192 2066 pejus

303 2077 392 2111 olere
414 2087 452 2110 ac
469 2075 618 2114 deviare,
643 2075 742 2118 quam
763 2072 908 2107 turbidas
929 2073 1053 2106 litteras
1066 2072 1193 2106 Africa-

301 2128 338 2160 ni
365 2125 534 2160 Concilii.
561 2125 657 2156 Hinc
679 2121 798 2155 merito
822 2122 855 2155 se
877 2119 1041 2156 convertit
1051 2122 1093 2156 ad
1103 2122 1194 2156 Con·

302 2173 635 2217 stantinopolitanam
671 2170 846 2215 Synodum
868 2183 875 2203 :
913 2176 1019 2205 Canon
1045 2170 1192 2215 secundus

305 2226 432 2259 concilii
447 2222 769 2264 constantinopolitani
789 2222 966 2256 OEcumenici
984 2225 1089 2264 aperte?
1114 2221 1194 2262 testa-

305 2286 355 2311 tur
379 2273 667 2314 administrationem
686 2274 721 2306 (5
739 2271 986 2314 gubernationem
1000 2272 1194 2312 Ecclefiarum

305 2331 429 2360 Canone
453 2329 580 2357 Nicaeno
600 2323 780 2356 mandatam
814 2323 866 2365 effe
885 2321 1039 2364 um'cu1que
1065 2325 1194 2355 ProvIn-

304 2383 376 2413 ciae.
405 2373 677 2415 Administrationis
690 2374 761 2406 vero
772 2371 910 2406 vocabulo
922 2375 1029 2407 Patres
1053 2372 1194 2414 Constan-

306 2427 497 2468 tinopolitani
522 2423 769 2466 comprehendunt
780 2424 900 2463 ‚iudicia
922 2424 1085 2456 adversum
1117 2426 1194 2464 Epi-

303 2476 406 2522 scopo:
418 2500 429 2516 ,
456 2476 540 2519 aque
558 2485 594 2508 ac
615 2475 677 2507 alia
688 2474 804 2515 politiae
826 2474 861 2507 ό·
880 2479 1031 2517 regiminis
1057 2470 1194 2514 Ecclefia-

301 2526 368 2569 stici
390 2531 491 2569 capita
504 2545 525 2565 κ,
561 2524 807 2568 quemadmodum
831 2526 965 2558 accurate?
984 2524 1136 2566 explicabo
1161 2528 1194 2556 in

308 2580 407 2619 capite
427 2581 530 2619 quinto
550 2575 637 2616 hujus
657 2574 744 2607 libri.
773 2573 958 2607 Audiamus
980 2584 1077 2618 caput
1102 2574 1195 2616 quin-

310 2637 400 2661 tum:
430 2626 580 2659 Hac‘lenus
603 2623 754 2667 manifeste?
771 2624 969 2665 probavimus
992 2631 1024 2657 in
1034 2623 1195 2666 ensenten-

309 2683 355 2710 tia
367 2676 456 2720 fuisse
476 2676 680 2710 occidentales
704 2672 865 2717 Episcopos
885 2697 896 2713 ,
939 2684 973 2708 ut
994 2675 1196 2714 existimarent

310 2726 508 2762 communibus
525 2726 690 2760 occidentis
701 2726 875 2760 &Orientis
891 2722 1044 2768 suffragiis
1057 2725 1197 2767 definien-

313 2779 372 2810 das
393 2777 444 2818 effe
462 2779 596 2819 quereias
607 2776 646 2809 ab
655 2774 1066 2818 Episcopisillustrlffimarum
1094 2776 1199 2810 Orien·

313 2833 357 2861 tis
369 2824 562 2867 Ecclefiarum
573 2827 691 2859 delatas
700 2831 733 2857 in
743 2826 930 2858 occidentem
942 2850 948 2857 .
978 2830 1017 2858 At
1028 2825 1074 2865 ilii
1083 2824 1197 2870 semper

314 2875 469 2917 obstinatis
489 2880 600 2908 anImis
632 2875 840 2908 contenderunt
863 2874 942 2907 nihil
961 2876 1196 2909 occidentalibus

315 2923 471 2969 Episcopis
486 2926 723 2968 permittendum
745 2924 795 2967 effe
815 2930 892 2957 circa
911 2925 1198 2966 administrationem

316 2978 350 3009 (5
364 2975 607 3020 gubernationem
620 2973 810 3017 Ecclesiasum
820 2975 1016 3008 Orientalium
1026 3001 1033 3008 .
1054 2978 1134 3018 ,ραι
1146 2988 1199 3009 au-

317 3025 440 3059 o‘loritas
459 3035 492 3059 ut
515 3028 666 3059 valentior
686 3027 752 3068 estet
766 3049 776 3065 ‚
803 3032 870 3058 eam
892 3028 1014 3059 Canone
1018 3023 1132 3069 scripto
1148 3025 1199 3067 fir-

318 3084 443 3110 marunt
454 3074 624 3118 infecunda
642 3077 751 3115 synodo
769 3074 956 3109 OEcumenica
968 3099 978 3114 ‚
1004 3087 1070 3118 quae
1089 3076 1197 3118 estpri-

321 3138 373 3160 ma
381 3124 711 3167 constantinopolitana.
729 3126 864 3159 Primum
872 3130 950 3158 enim
962 3127 1130 3159 orientales
1144 3130 1200 3159 Ro-

308 3184 405 3209 *mam
426 3176 560 3210 accedere
580 3176 733 3208 noluerunt
758 3200 769 3216 ,
806 3174 922 3216 tametfi
932 3183 989 3217 per
1009 3180 1199 3218 Imperatoris

322 3225 475 3269 Theodofii
493 3226 611 3259 litteras
635 3224 759 3266 accersiti
768 3226 854 3269 essent
865 3250 876 3268 ,
897 3225 1050 3268 postquam
1060 3226 1201 3267 constan·

322 3277 443 3317 timpoli
453 3281 485 3308 in
494 3287 587 3309 unum
597 3275 662 3320 effet
671 3284 851 3309 conventum
863 3301 870 3308 .
898 3279 959 3307 Cur
971 3287 1069 3311 autem
1078 3283 1123 3309 ita
1133 3275 1200 3319 ipfis

321 3326 468 3369 placitum
477 3325 575 3367 fuerit
588 3350 600 3367 ‚
626 3325 708 3359 nulla
726 3325 962 3366 aliaprobabilis
972 3333 1048 3360 ratio
1060 3333 1181 3361 occurrit
1192 3351 1201 3366 ,

326 3377 418 3420 quam
439 3376 520 3420 quod
532 3374 703 3420 supremam
721 3376 772 3419 ff
791 3376 996 3412 contenderent
1008 3377 1201 3411 Conciliorum

1265 221 1310 252 ad
1333 218 1496 263 Damasum
1509 222 1543 255 <5
1553 221 1599 253 ad
1614 220 1757 262 synodum
1767 225 1982 259 Occidentalem
1992 236 2052 259 non
2062 226 2151 260 dubi-

1263 277 1332 304 tant
1350 269 1479 317 scribere
1492 269 1527 315 se
1547 281 1629 307 anno
1645 273 1800 314 superiore
1822 276 1985 307 Concilium
2006 278 2148 320 generale

1263 320 1415 364 celebraffe
1426 346 1437 362 ,
1463 320 1581 364 tametſs
1600 322 1682 355 illud
1698 320 1840 362 constaret
1859 322 1980 366 exsulis
1991 325 2150 370 Episcopis

1265 370 1485 407 Orientalibus.
1511 375 1705 416 ,Quapropter
1725 377 1761 406 in
1784 373 1912 407 Concilio
1924 375 2150 417 Aquiiejmfin.

1265 420 1310 455 c‘le
1331 421 1448 454 dicebat
1468 421 1632 464 Ambrqfius
1643 422 1694 465 effi
1704 423 1977 461 consuetudinem
1987 422 2149 468 hujusmoe

1262 470 1320 511 di,
1337 480 1384 506 ut
1405 471 1440 505 in
1465 472 1604 508 Oriente
1613 471 1835 509 Orientalium
1845 474 1922 508 effet
1936 474 2152 518 Concilium,

1263 520 1350 556 intra
1370 521 1588 559 Occidentem
1609 522 1881 560 Occidentalium
1895 549 1902 556 .
1929 525 2151 567 Robuftn'xr'ur·

1257 578 1311 615 get
1342 575 1448 605 Canon
1473 570 1622 615 secundus
1655 576 1782 607 concilii
1810 574 2150 618 Constantinopolitani‚

1260 622 1344 661 cujus
1362 623 1522 658 audiamus
1533 623 1571 665 est
1580 631 1696 665 recepta
1707 623 1746 656 ab
1758 625 1900 669 universa
1913 625 2042 667 Ecclefia
2053 651 2062 659 .
2083 628 2150 661 De·

1263 676 1361 705 crevit
1386 678 1489 715 itaque
1514 677 1726 717 quonammodo
1747 676 1921 719 peragenda
1938 674 2001 719 fine
2025 678 2149 720 ,iudicia

1261 724 1415 756 Canonica
1438 726 1525 768 apud
1538 725 1718 760 omni-ales
1742 749 1754 765 ,
1781 723 1849 769 five
1882 725 2148 770 prov‘ststpoftiom

1262 769 1494 815 Episcoporum,
1515 773 1581 818 five
1605 782 1698 811 etiam
1718 784 1775 818 pro
1805 777 1928 822 reliquis
1939 776 2148 820 matresque

1260 823 1396 857 incidunt
1407 849 1415 856 .
1442 825 1522 858 ordo
1540 833 1639 860 autem
1655 849 1666 867 ,
1691 838 1778 870 quem
1801 830 1837 860 in
1849 826 1898 861 bis
1914 827 2003 862 rebus
2010 825 2150 870 praescri·

1257 871 1302 905 bn
1317 897 1328 914 ‚
1352 873 1460 917 plenus
1483 878 1657 919 prudentiae
1675 876 1715 917 est
1733 899 1750 916 ,
1786 887 1822 912 ac
1835 903 1837 905 ψ
1851 878 1983 913 mirabili
2003 885 2149 920 temperas

1259 931 1356 956 mento
1379 926 1530 960 conditus.
1557 931 1645 961 Nam
1666 929 1880 970 primr'cmjttra
1895 931 2149 968 mevaniarum,

1259 973 1293 1006 <¹5
1308 976 1474 1018 privilegia
1499 976 1745 1018 illustrifflmarum
1767 978 1960 1021 Ecclefiarum
1983 982 2147 1014 eoCanone

1258 1022 1492 1067 conservantur,
1509 1028 1609 1068 juxta
1633 1034 1772 1062 canones
1792 1027 1954 1063 Nicaenos.
1981 1034 2063 1064 z'um
2070 1031 2149 1070 Epi⁴

1252 1071 1348 1115 scopis
1369 1075 1523 1120 damnatis
1545 1088 1627 1111 nova
1649 1081 1781 1115 remedia
1804 1079 1974 1115 tribuuntur
2004 1105 2025 1121 ‚.
2047 1079 2150 1113 lmultff

1255 1123 1448 1157 commatum
1469 1126 1504 1158 (θ’
1513 1125 1677 1167 faciliora,
1704 1131 1799 1172 q’uam
1822 1143 1860 1165 ea
1872 1155 1884 1172 ‚
1911 1141 1980 1174 quae
1993 1127 2149 1164 Antioche·

1257 1186 1328 1208 num
1354 1175 1523 1209 Concilium
1545 1179 1709 1211 invenerat
1726 1199 1740 1218 ‚
1773 1192 1839 1215 cum
1860 1180 1894 1224 se
1918 1184 1993 1214 vota
2007 1181 2149 1223 ‚iudicum

1255 1223 1444 1268 diviserant,
1465 1224 1530 1268 fine
1552 1227 1717 1261 accedendo
1741 1227 2148 1270 Imperatorem-adobruun-

1255 1276 1327 1308 dum
1347 1286 1458 1310 novum
1477 1278 1660 1311 concilium.
1690 1281 1779 1310 Num
1796 1283 1832 1311 *in
1845 1289 1881 1311 eo·
1892 1277 2149 1323 Conciliofirisdi-

1255 1325 1383 1359 c‘lionum
1401 1328 1513 1362 limites
1527 1327 1843 1371 constituuntur-juxta
1853 1329 2023 1372 divifionem
2041 1332 2151 1363 Βιαντο-

1252 1374 1321 1419 seon
1356 1382 1472 1419 imperii
1494 1402 1506 1419 ,
1542 1379 1577 1412 θ
1607 1376 1754 1422 supreme
1784 1380 1951 1414 decernitur
1985 1379 2151 1414 amoma:

1256 1426 1482 1475 uniuscujusque
1507 1427 1664 1472 Dioeceseos
1682 1428 1720 1463 -in
1739 1429 1882 1471 univerfir
1892 1432 2021 1472 ,iudiciis
2044 1430 2150 1470 dedi*

1253 1476 1383 1519 scipltna
1394 1480 1468 1513 latis
1479 1504 1486 1512 .
1514 1478 1656 1523 Dioeceses
1670 1485 1772 1523 itaque
1782 1480 1987 1523 Ecclefiasticae
1998 1478 2150 1516 &dmum

1251 1525 1325 1569 sunt
1345 1530 1391 1561 ad
1408 1531 1576 1571 exemplum
1597 1529 1793 1574 dispfiu'onts
1824 1533 1929 1566 civilis
1961 1530 2150 1576 Dioecefim,

1255 1581 1300 1608 ita
1323 1586 1357 1610 ut
1373 1585 1474 1620 prima
1491 1586 1648 1615 criminum
1673 1580 1885 1624 Epificqoorum
1911 1582 2150 1628 &grim-Perti*

1255 1635 1337 1659 neret
1358 1630 1403 1660 ad
1420 1631 1566 1667 synodum
1591 1633 1784 1670 Provinciae,
1802 1631 1834 1671 fi
1852 1635 1923 1665 verb
1937 1634 1976 1664 de
1987 1630 2150 1671 miustojti·

1255 1676 1330 1709 dicio
1350 1679 1467 1719 querela
1488 1687 1659 1712 moveretur
1672 1703 1683 1720 ,
1711 1679 1826 1720 deferri
1845 1682 1900 1714 illa
1910 1681 2149 1718 debebamus,-

1258 1727 1365 1758 nodum
1394 1726 1597 1769 Dia-cesanam
1618 1750 1630 1767 ‚
1667 1740 1760 1770 qnam
1781 1730 1945 1763 Exarcbus
1965 1728 2147 1763 convocabat

1257 1772 1368 1817 absque
1384 1773 1508 1817 speciali
1527 1776 1664 1819 permiffu
1685 1781 1899 1819 Imperatoris.

1307 1825 1442 1860 Errores
1453 1825 1551 1859 varii.
1579 1825 1710 1861 Primus
1718 1826 1784 1861 est:
1812 1828 1938 1861 concilii
1947 1827 2151 1869 constantino·

1253 1875 1384 1916 politani
1400 1876 1563 1909 auctoritas
1586 1877 1625 1918 est
1658 1885 1777 1920 recepta
1803 1877 1843 1910 ab
1864 1876 2011 1921 universa
2046 1878 2150 1913 Euclea·

1250 1922 1297 1964 fia
1311 1948 1318 1956 .
1345 1925 1547 1969 Respondeo
1570 1927 1613 1961 D.
1635 1926 1929 1971 Archiepiscopum
1943 1927 2046 1973 longe
2055 1928 2150 1964 aliter

1258 1972 1351 2017 loqui
1370 1975 1406 2009 in
1427 1977 1526 2009 tertio
1550 1975 1598 2010 fui
1627 1978 1736 2019 operis
1758 1976 1863 2010 libro:
1901 1979 2150 2018 Diffimulandum

1258 2034 1315 2056 non
1325 2023 1363 2063 est
1382 2029 1520 2058 Canones
1540 2024 1681 2068 secundae
1709 2027 1815 2064 synodi
1825 2028 1880 2064 <ad
1896 2031 2066 2060 Romanam
2089 2031 2149 2062 Ec-
2164 2020 2237 2058 C³P³
2256 2028 2284 2057 3·

1257 2070 1366 2113 clefiaem
1376 2075 1622 2117 nunquamfuiffe
1635 2077 1742 2108 relatos
1752 2100 1764 2116 ‚
1791 2087 1885 2119 neque
1897 2076 1938 2109 ab
1948 2088 1985 2111 ea
1994 2085 2125 2120 receptos
2135 2102 2147 2119 ,

1257 2129 1291 2154 ut
1305 2120 1426 2158 testatur
1451 2127 1510 2156 Leo
1530 2129 1563 2155 in
1574 2123 1708 2165 Epistola
1720 2127 1766 2158 ad
1780 2127 1966 2159 Anatolium.
1993 2127 2038 2161 Et
2049 2127 2149 2162 adde·

1256 2171 1302 2205 cit
1323 2171 1443 2217 Magni
1471 2172 1597 2207 Leonis
1619 2173 1735 2207 verba:
1763 2173 1942 2217 Persuafiont
1953 2178 2150 2211 raaz-inmite

1253 2221 1376 2264 penitus
1394 2220 1580 2266 suffragatur
1611 2225 1806 2266 quorumdam
1841 2224 2052 2268 Episcoporum
2077 2234 2151 2260 ante

1254 2270 1420 2315 sexaginta
1441 2285 1534 2306 annos
1549 2272 1641 2314 sabla
1653 2272 1831 2318 subscriptio
1852 2299 1864 2315 ,
1890 2270 2109 2318 numquam'que
2128 2277 2150 2308 ἃ

1258 2323 1517 2366 Praedecefforibus
1541 2328 1602 2356 tuis
1624 2325 1671 2357 ad
1690 2323 1856 2367 Apostolicae
1867 2326 1954 2358 Sedis
1977 2324 2149 2367 transmiffae

1259 2377 1397 2405 notitiam
1413 2397 1421 2404 .
1449 2371 1493 2406 Et
1506 2373 1631 2418 pergit:
1659 2373 1865 2416 Immolepof}
1886 2374 2009 2416 Dionyfii
2031 2378 2149 2420 Emgui

1257 2422 1448 2456 collectionem
1462 2447 1473 2462 ,
1498 2424 1567 2456 licet
1594 2423 1644 2456 ille
1660 2424 1867 2467 juxta-fidem
1880 2428 2050 2458 Graecorum
2073 2426 2150 2459 codi-

1257 2484 1323 2506 cum
1344 2481 1407 2506 tres
1435 2477 1572 2506 Canones
1601 2473 1934 2517 constantinopolitana
1960 2476 2066 2514 synodi
2091 2473 2148 2519 suo

1258 2525 1315 2557 loco
1335 2520 1480 2565 recenseat
1492 2547 1502 2563 ,
1529 2522 1655 2565 Ecclefia
1674 2529 1832 2566 Romana,
1857 2536 1926 2567 quae
1937 2533 2054 2559 caeteros
2065 2549 2080 2571 ,ξ
2092 2526 2148 2560 stu

1257 2574 1394 2607 aliarum
1405 2573 1618 2616 synodorum
1640 2571 1778 2608 Canones
1802 2577 1954 2616 complexa
1975 2574 2015 2614 est
2036 2598 2046 2613 ‚
2082 2573 2148 2614 istos

1260 2633 1361 2657 tamen
1385 2628 1418 2656 in
1442 2622 1648 2656 aue‘loritatem
1666 2625 1828 2656 admittere
1847 2626 1960 2662 noluit,
1986 2622 2053 2663 teste
2075 2627 2148 2656 Gre-

1255 2679 1337 2718 gorio
1356 2685 1480 2717 magno.
1508 2673 1591 2708 Haec
1618 2674 1692 2707 sunt
1715 2672 1868 2717 Gregorii
1890 2673 1989 2708 verba
2002 2687 2014 2707 :
2038 2678 2147 2707 Romae-
2163 2674 2223 2707 Lib.
2244 2681 2281 2707 6.

1265 2736 1307 2758 na
1329 2722 1454 2765 Eccleli‘a
1480 2727 1616 2756 Canones
1637 2722 2030 2766 Constantinopolitanos
2046 2748 2058 2764 ‚
2094 2726 2148 2759 vei
2162 2718 2211 2755 ΕΡ·
2235 2725 2250 2753 3
2258 2728 2285 2748 ¹·

1265 2774 1352 2814 Gesta
1362 2774 1465 2814 synodi
1487 2775 1566 2807 illius
1584 2771 1725 2806 botlenus
1748 2772 1928 2813 nonhabet,
1954 2785 2006 2807 nec
2016 2779 2142 2816 accipit.

1261 2829 1299 2858 In
1322 2824 1372 2857 boc
1394 2833 1494 2858 autem
1517 2824 1642 2858 eandem
1663 2824 1804 2860 synodum
1823 2829 1935 2865 accepit
1951 2847 1964 2864 ,
2004 2825 2084 2867 quod
2106 2823 2145 2866 est

1259 2883 1316 2918 per
1345 2887 1412 2909 eam
1436 2883 1539 2908 contra
1560 2873 1762 2907 Macedonium
1791 2873 1947 2916 definitum
1969 2897 1977 2906 .
2013 2874 2145 2918 Nempe

1264 2924 1333 2959 sola
1369 2924 1411 2959 ad
1433 2924 1603 2958 Nic-tenum
1625 2921 1819 2964 Symbolum
1841 2924 1923 2959 facia
1944 2923 2147 2958 additamen-

1266 2983 1319 3014 ta,
1345 2976 1400 3009 seu
1428 2974 1531 3009 solum
1558 2973 1634 3007 fidei
1663 2975 1842 3012 Decretum
1874 2973 2084 3008 confirmavit
2100 2974 2145 3009 ’δὲ

1263 3035 1332 3060 rata
1360 3025 1475 3060 habuit
1499 3024 1630 3057 Sanetus
1657 3023 1743 3067 Papa
1769 3024 1929 3058 Damasus
1949 3047 1961 3064 ,
1987 3034 2056 3058 non
2085 3023 2146 3058 Ca'-

1266 3086 1370 3111 nones
1397 3085 1453 3110 aut
1477 3074 1599 3117 reliqua
1626 3072 1726 3108 Asta.
1755 3074 1859 3121 Qod
1885 3084 1995 3108 tamen
2020 3073 2062 3108 de
2075 3080 2144 3108 non

1263 3127 1346 3160 fasta
1372 3127 1515 3160 Romam
1541 3124 1698 3160 relatione
1722 3125 1831 3159 scribit
1857 3125 2004 3169 Magnus
2016 3120 2144 3159 Leoest

1263 3187 1338 3210 cum
1375 3184 1629 3217 temperamento
1666 3173 1894 3218 accipiendum
1923 3199 1931 3206 .
1968 3174 2145 3217 Accipien-

1242 3227 1343 3295 Kdum
1369 3226 1413 3260 est
1439 3225 1480 3258 de
1505 3226 1601 3258 tertio
1628 3226 1797 3268 praesertim
1823 3226 1978 3260 Canone.
2008 3224 2144 3268 Duplex

1261 3277 1324 3311 fuit
1352 3275 1419 3310 haec
1445 3273 1814 3319 Constantinopolitana
1837 3273 2008 3317 Synodus:
2038 3272 2144 3321 Qod

1265 3326 1404 3361 secunda
1429 3326 1630 3366 secundum,
1655 3336 1752 3369 quem
1779 3325 1833 3359 hic
1860 3324 2044 3364 versamus,
2081 3323 2143 3358 Ca²

1268 3386 1390 3410 nonem
1415 3374 1558 3410 omnino
1583 3375 1749 3418 retulerit,
1774 3376 1862 3410 lucet
1886 3385 1928 3409 ex
1954 3374 2145 3457 litteriisaSy-

1996 3435 2041 3458 no
2083 3442 2096 3449 -
