2366 3756
399 173 468 224 46
778 162 1230 210 V10roa1s

331 243 487 279 Concilii
510 240 666 283 historia,
690 237 859 286 exponens
881 240 1019 276 modum
1043 254 1108 284 quo
1120 242 1209 277 Lati-

329 295 373 328 ·ni
395 294 526 326 Graecos
546 292 693 327 aluerunt
715 293 748 325 in
769 292 862 325 ltalia
881 315 892 332 ,
920 291 1027 326 scribit
1049 292 1208 336 Sylvester

334 341 536 387 Sguropulus
568 356 579 377 .·
614 347 824 390 Imperatorem
848 340 967 384 semper
992 343 1095 383 incesfit
1114 341 1208 387 sollci-

329 392 425 434 tudo‚
452 403 488 426 ex
500 404 553 436 quo
563 392 938 432 Ferrariamuppultmus,
963 395 1111 426 utGraect
1129 394 1205 427 ciba·

334 447 383 475 ria
394 448 554 483 acciperent
566 464 575 479 ‚
599 438 758 482 sisnandum
767 442 917 483 quoderat
929 440 1163 486 comprehensum
1173 449 1207 477 tn

326 495 454 528 Decreta
478 487 642 532 Bafileenst.
673 491 802 532 Papales
826 499 924 527 autem
947 492 1086 526 volebant
1112 495 1143 526 di
1167 500 1207 527 n·-

330 542 418 575 buere
433 548 529 582 panes
550 561 560 577 ,
585 545 691 572 vinum
713 565 723 581 ,
750 551 853 574 carnes
880 563 891 581 ,
912 542 1028 585 pisces,
1052 549 1207 586 unicuique

324 591 377 623 ⁴ad
397 589 524 623 debitum
542 590 659 631 pondus
680 615 686 621 .
715 592 808 633 ,Quod
828 595 990 633 Imperator
1012 594 1125 632 noluit,
1152 595 1205 626 du·

330 651 397 673 ram
417 650 477 672 rem
497 642 629 673 clamans
657 641 691 673 (τ
709 640 909 683 inurbanam,
937 651 970 675 ut
992 646 1146 684 Principes
1172 644 1205 676 (5*

329 692 487 733 Magnates
498 687 620 732 obsoniis
632 698 785 732 tamquam
806 692 822 724 ἒ
839 689 973 733 sportula
998 699 1199 726 nutrirentur.

323 742 405 771 Dari
424 740 539 772 volebat
550 739 700 781 stipendia
721 749 778 782 pro
799 740 949 775 bominum
972 744 1140 784 qualitate,
1168 752 1201 776 ut

324 787 523 832 unusquisque
538 787 673 832 seipsum
701 790 874 831 &famulos
897 803 936 826 ex
949 793 1074 825 arbitrio
1088 794 1180 826 aleret
1191 818 1198 825 .

326 838 368 872 Et
389 836 467 872 hinc
490 840 524 872 in
537 840 704 884 originum
728 839 819 874 libris
831 840 911 875 reCle
935 841 1044 876 scribit
1065 843 1199 877 Sanstus

322 888 462 922 lfidorus
495 887 767 933 Archiepiscopus
795 890 993 934 Hispalensis
1015 905 1026 924 .·
1062 893 1198 934 Sportula

321 938 536 972 diminutivum
558 941 577 971 ὰ
593 937 699 981 sporta
721 965 727 972 .
769 942 877 982 sporta
899 950 998 975 autem
1018 942 1099 975 dicta
1124 950 1197 985 quta

320 989 437 1031 aliquid
456 997 613 1031 exportat.
642 988 783 1034 Antiqui
802 991 917 1033 sportis
942 992 976 1025 δε
995 992 1139 1026 canistris
1151 994 1196 1026 so-

319 1038 432 1072 lebant
447 1039 580 1082 prandia
608 1040 642 1074 &
652 1051 759 1074 coenas
771 1039 789 1074 ἐ
800 1041 944 1076 triclinio
956 1041 991 1075 in
1003 1042 1196 1076 convivium

319 1090 401 1122 ferre
421 1113 427 1120 .
466 1089 510 1123 Et
537 1090 680 1132 sportula
705 1090 896 1133 exportabat
918 1099 1008 1126 extra
1037 1091 1194 1127 domum.

317 1136 561 1172 Mittendarum
582 1151 624 1174 ex
650 1140 792 1183 opiparis
803 1140 962 1174 conviviis
981 1142 1193 1184 sportularum

315 1189 435 1222 modus
447 1190 630 1223 etiamnum
644 1191 733 1234 viget
744 1190 829 1234 apud
841 1191 963 1225 varios.
989 1191 1046 1227 Ob
1068 1203 1192 1226 mutata

315 1239 390 1271 ‘vasa
422 1247 542 1273 vocant
556 1238 720 1273 scutellas.

367 1288 411 1321 Et
431 1287 509 1322 hinc
531 1289 621 1323 vides
648 1312 659 1328 ,
685 1290 762 1332 quid
786 1290 872 1334 apud
894 1292 1016 1335 primos
1040 1290 1194 1328 Christia-

314 1349 380 1383 nos
418 1338 516 1372 fuerit
544 1339 765 1373 Ecclefiastica
799 1340 1005 1375 Clericorum
1033 1343 1194 1384 sportula,

310 1387 395 1429 ⁴quid
426 1388 539 1420 fratres
561 1388 776 1428 sportulantcs
793 1410 801 1417 .
828 1389 1010 1431 Episcopus
1035 1391 1099 1422 suis
1119 1390 1194 1422 Cle-

311 1434 391 1468 ricis
420 1446 458 1468 ac
479 1434 674 1478 pauperibus
694 1433 842 1478 quotidie
871 1436 970 1470 dabat
991 1448 1111 1472 certam
1139 1450 1194 1480 pa-

314 1484 386 1524 nis,
414 1484 483 1516 vini
504 1507 515 1523 ‚
542 1485 647 1517 carnis
663 1508 674 1523 ‚
700 1487 734 1516 &
756 1485 861 1517 caeteri
879 1486 1028 1518 alimenti
1067 1489 1192 1519 mensu·

308 1544 401 1573 ram,
430 1534 534 1566 forsan
550 1533 583 1566 δε
596 1532 694 1566 vestes
705 1534 763 1566 suo
776 1540 922 1576 tempore
933 1546 944 1565 .·
973 1533 1028 1567 Ad
1041 1545 1190 1568 normam

313 1583 643 1618 Romanaeannonae.
675 1581 776 1627 Qtod
788 1583 878 1615 enim
899 1582 966 1617 haec
987 1583 1084 1617 etiam
1106 1584 1190 1618 diur-

310 1645 357 1667 na
382 1633 478 1667 fuerit
502 1657 512 1672 ‚
547 1632 580 1666 ὃς
602 1641 735 1666 omnem
761 1632 918 1666 esculenti
944 1644 982 1667 ac
1022 1633 1189 1676 poculenti

312 1684 472 1727 speciem,
499 1693 536 1716 ac
555 1681 612 1716 suo
635 1682 736 1716 etiam
752 1691 897 1725 tempore
915 1693 1004 1717 arma
1030 1684 1064 1717 &
1088 1684 1188 1717 vestes

311 1732 577 1775 complecteretur
596 1754 607 1771 ,
634 1731 788 1766 omnibus
809 1732 967 1766 Romanae
989 1733 1188 1767 OEconomiae

313 1784 426 1826 peritis
447 1782 491 1815 est
515 1780 737 1824 exploratum.
764 1782 808 1816 Et
820 1781 899 1816 hinc
912 1782 1021 1825 primae
1037 1782 1187 1818 adversus

311 1832 511 1866 *Mauritium
548 1831 776 1874 Imperatorem
823 1831 971 1866 militaris
1020 1833 1204 1880 proterviae!

306 1883 445 1916 ‘causam
470 1880 563 1914 fuisse
589 1880 630 1915 ad
654 1891 716 1915 tres
739 1882 857 1925 species
884 1906 895 1922 ,
918 1882 1034 1925 nempe
1065 1882 1186 1922 vestes,

310 1943 404 1966 ¹arma
425 1957 436 1973 ‚
473 1931 506 1966 ὅ(
541 1942 644 1966 certos
672 1941 785 1966 aureos
813 1943 967 1967 nummos
987 1935 1184 1967 conti-astam

315 1993 484 2017 annonam
520 1981 631 2016 scribit
667 1982 702 2015 in
738 1982 806 2024 ejus
827 1983 893 2016 vita
915 1980 1186 2026 Theophyiactus

306 2033 479 2067 »simocata
512 2057 520 2064 .
558 2031 689 2075 Nempe
717 2031 812 2066 antea
844 2033 965 2076 quaevis
1002 2034 1099 2067 etiam
1132 2032 1189 2066 ali—

316 2092 427 2117 menta
449 2081 490 2115 ad
515 2082 615 2124 ipsam
636 2081 840 2126 spectabant.
870 2082 974 2116 Porro
995 2094 1062 2115 non
1086 2094 1188 2115 anno-

308 2144 382 2173 ωε,
412 2130 465 2166 sed
484 2131 633 2175 sportula:
655 2143 776 2165 nomen
790 2131 920 2164 ufitavit
933 2132 1066 2173 antiqua
1079 2132 1188 2165 Eccle-

314 2183 358 2216 fia
370 2206 381 2221 ,
407 2181 495 2223 quod
509 2190 643 2213 annona
664 2179 714 2220 jus
739 2177 958 2210 &exactionis
977 2179 1185 2217 facultatem,

314 2228 458 2275 sportula
493 2227 648 2269 importet
684 2235 804 2259 meram
845 2226 930 2269 quali
976 2226 1188 2268 eleemosynae

316 2280 457 2325 gratiam
480 2302 487 2309 .
523 2276 646 2310 Nullos
671 2276 764 2309 enim
787 2283 866 2308 tunc
886 2274 1008 2309 fundos
1031 2301 1042 2317 ‚
1080 2276 1187 2309 nullos

318 2330 431 2363 census
451 2325 589 2361 habebat
605 2349 616 2365 ,
645 2325 698 2359 sed
719 2336 761 2358 ex
784 2325 850 2360 sola
871 2324 1019 2360 fidelium
1044 2326 1124 2369 stipe
1150 2337 1187 2359 ac

319 2380 495 2423 spontanea
514 2375 684 2411 oblatione
703 2375 832 2409 vivebat
856 2375 1020 2417 Ecclesia,
1048 2375 1188 2418 ideoque

321 2427 481 2473 quidquid
508 2435 563 2460 aut
585 2426 642 2460 fibi
669 2435 724 2459 aut
747 2426 804 2459 suo
826 2424 925 2460 Clero
947 2423 1091 2459 donabat
1115 2424 1191 2468 Epi-

311 2481 459 2522 scopus,
484 2487 550 2510 erat
573 2475 711 2521 gratiosa
732 2474 911 2510 Christiani
936 2475 1046 2519 populi
1069 2477 1190 2518 sportu-

312 2529 373 2563 la.
402 2529 445 2562 Et
461 2526 539 2561 hinc
561 2526 708 2570 intellige
727 2524 811 2559 hanc
824 2550 835 2565 ‚
860 2537 957 2570 quam
971 2524 1108 2559 historiae
1131 2526 1191 2558 suae

323 2578 482 2613 Eusebius
494 2575 832 2612 Caesarienfisinseruit
845 2599 855 2615 ,
882 2576 989 2610 Sancti
1018 2574 1191 2619 Apollonii

324 2630 357 2663 in
373 2629 573 2663 Montanum
599 2626 711 2669 acejus
726 2626 873 2669 sequaces
897 2624 1114 2659 Investivam:
1141 2626 1191 2657 Pe·-

322 2684 474 2713 cunIarum
493 2677 645 2711 exactores
670 2674 813 2715 constituit
836 2699 847 2714 ‚
882 2674 1057 2708 oblationum
1082 2680 1193 2708 nomine

323 2740 447 2763 munera
460 2727 629 2769 accipienda
635 2732 782 2767 praetexle
794 2750 805 2766 ,
825 2724 875 2768 fici
886 2725 969 2759 verbi
989 2727 1192 2759 Praedicatori-

323 2779 378 2813 bus
390 2802 400 2817 ,
426 2787 459 2811 ut
470 2775 599 2819 ejusdem
609 2776 693 2809 verbi
713 2776 845 2808 doc‘irina
862 2774 986 2818 Jbrdtdo
1005 2782 1124 2808 ventris
1144 2773 1193 2807 ab·

191 2842 251 2875 Lib·
263 2851 289 2878 ς,
327 2829 442 2861 domine
467 2829 500 2860 (5
519 2827 650 2869 ingluvie
667 2824 812 2859 roboretur
826 2850 837 2866 ,
859 2824 975 2868 salaria
992 2823 1170 2868 suppeditat
1183 2849 1191 2856 .

190 2891 306 2922 cap-ip
328 2875 465 2910 Exastio
491 2876 525 2910 &
546 2875 671 2909 oblatio
693 2875 1082 2920 capitaliterrepugnant:
1113 2875 1193 2907 Haec

327 2928 525 2970 spontanea,
552 2925 608 2960 illa
630 2934 753 2960 extorta
773 2927 818 2960 est
838 2948 850 2964 ,
874 2924 1015 2968 ideoque
1037 2923 1194 2958 Montani

316 2990 318 2992 *
329 2976 461 3010 avaritia
473 2975 637 3019 pugnabat
652 2976 686 3008 in
701 2975 910 3018 semetipsam.
936 2974 1047 3007 Solam
1057 2974 1196 3007 exastio·

330 3026 383 3060 nis
408 3026 544 3068 speciem
570 3034 626 3058 aut
647 3024 863 3067 suspicionem
881 3021 964 3058 adeo
983 3025 1122 3057 aversata
1135 3024 1198 3056 suit

332 3075 465 3118 antiqua
478 3074 613 3108 Ecclefia
625 3099 635 3114 ‚
663 3085 701 3107 ut
711 3074 854 3108 statuerit
865 3074 900 3107 in
912 3073 1082 3107 Elibetino
1108 3072 1196 3106 Con-

325 3125 435 3160 'cilios
463 3125 629 3156 Emendari
647 3125 783 3165 placuit,
809 3133 842 3157 ut
862 3123 894 3155 bi
930 3128 981 3165 qut
1007 3122 1198 3163 baptizantur

287 3167 294 3174 ’
319 3185 467 3209 nummos
478 3178 510 3206 in
522 3171 656 3206 concham
669 3185 726 3205 non
737 3180 882 3213 mittant,
893 3183 927 3204 ne
937 3173 1075 3205 sacerdos
1086 3197 1096 3212 ,
1121 3174 1201 3215 quod

319 3231 429 3268 ‘gratis
441 3227 567 3265 accepit,
588 3228 684 3263 pretio
696 3222 853 3262 distrahere
865 3223 1007 3255 videatur
1019 3247 1026 3254 .
1053 3223 1144 3256 Hinc
1165 3224 1198 3257 &

318 3274 438 3308 —salarii
451 3284 565 3307 vocem
582 3271 628 3305 est
638 3272 794 3305 aversata.
822 3271 980 3305 Salarium
1001 3272 1087 3305 enim
1101 3283 1199 3316 quan-

320 3324 446 3367 -doque
467 3334 541 3356 cum
562 3332 693 3356 annona
728 3322 903 3361 confudit,
929 3322 1122 3364 quandoque
1158 3322 1199 3356 ab

191 818 254 849 lib.
274 831 301 854 ,4.

188 864 300 898 capa-8.

184 1011 295 1044 Libat>-

179 1060 277 1090 cap.9.

183 1993 248 2026 tib.
270 2005 298 2031 7·

179 2043 242 2072 cap.
253 2046 276 2066 1.

1301 148 1699 209 Secuntur

1271 242 1318 277 vit
1342 242 1486 288 rigidum
1508 241 1654 277 debitum
1681 241 1715 275 &
1735 242 1920 280 facultatem
1943 240 2143 282 εἱιᾶἷουίςξ

1273 294 1454 329 Montanus
1478 292 1580 338 igitur
1603 292 1649 327 uti
1677 292 1785 337 exegit
1807 289 1989 340 apopulm
2013 296 2058 331 ita
2081 298 2143 333 suo

1272 342 1371 378 Clero
1393 344 1499 377 sanxit
1521 343 1652 383 salaria,
1678 352 1776 387 atque
1799 341 1873 376 ideo
1897 345 2087 381 monstravit
2110 348 2144 381 se

1271 393 1411 427 alienum
1422 393 1439 427 a
1450 394 1603 437 temporis
1615 392 1705 427 istius
1714 392 1882 436 disciplina
1893 399 1915 436 ς’,
1929 395 1964 429 3:
1975 406 2046 430 vera
2059 404 2141 430 tune

1270 443 1421 478 Clericali
1434 444 1595 478 castitate.
1627 443 1718 477 Nam
1730 444 1877 484 castitas,
1905 454 2002 487 quam
2012 446 2048 480 in
2061 445 2144 489 Epi-

1269 494 1367 537 scopo
1380 492 1512 537 requirit
1525 493 1725 537 Apostolus,
1752 493 1797 527 est
1817 497 1886 527 no'n
1907 493 2007 528 solius
2026 504 2144 539 corpo·v

1268 543 1332 583 ris,
1358 543 1411 577 sed
1433 543 1532 577 etiam
1553 544 1689 578 animae:
1719 543 1775 577 Est
1788 543 1956 589 integritas
1980 542 2027 580 ab.
2043 543 2139 579 omni

1267 593 1385 634 quaestu
1413 593 1447 628 δε
1459 594 1549 627 lucro
1562 618 1569 626 .
1598 593 1641 627 Et
1652 593 1730 627 hinc
1742 602 1829 636 patet
1840 594 1923 628 tatio
1936 618 1947 635 ‚
1968 605 2026 628 cur
2036 594 2139 628 etiam

1266 641 1548 685 Judicurn'salaria
1570 642 1772 686 appellentur
1807 644 1955 686 sportula
1976 667 1985 676 .
2032 642 2139 692 Qod

1264 691 1470 736 nempeolim
1484 691 1567 726 nihil
1577 692 1708 728 deberet
1718 693 1870 737 litigans,
1893 693 1997 728 sedex
2009 694 2139 737 sponta-

1264 754 1328 777 neo
1339 742 1473 777 arbitrio
1485 743 1610 776 offerret
1621 767 1628 775 .
1657 743 1842 787 Litigantes
1852 742 1935 776 olim
1956 741 2039 777 adeo
2051 741 2136 777 nihil

1264 793 1430 827 solvebant
1442 817 1453 833 ‚
1481 802 1518 827 ut
1532 793 1567 826 in
1576 792 1907 836 Basiliilmperatoris
1922 790 2053 826 laudem
2064 792 2140 826 scri·

1263 842 1317 877 bat
1328 842 1475 877 Michael
1489 842 1632 886 Glycas:
1660 843 1784 884 Bafilius
1799 842 1920 876 EdiHis
1928 840 2081 884 propositis
2091 847 2139 875 in·
2156 827 2286 865 F⁰¹·²⁹⁷·

1255 892 1355 933 stituit
1369 917 1379 933 ,
1406 902 1440 926 ut
1442 896 1475 937 J
1477 893 1576 926 udices
1600 894 1617 926 ἒ
1632 892 1750 934 publica
1763 898 1928 934 acciperent
1933 891 2051 934 salaria
2063 916 2074 932 ,
2099 902 2138 925 ne

1260 948 1397 986 agitatas
1410 951 1466 985 pro
1475 942 1621 976 tribunali
1627 941 1735 985 causas
1743 948 1839 984 parvi
1842 942 1983 984 facerent
1994 963 2005 979 ‚
2029 941 2135 974 obiter-

1236 1018 1238 1039 ξ
1259 1004 1314 1035 que
1323 993 1507 1026 vallarent.
1534 996 1609 1026 Item
1614 992 1844 1034 pauperioribus
1860 1017 1870 1033 ,
1887 995 1959 1033 jure
1974 992 2137 1024 adversum

1258 1043 1332 1075 alios
1351 1042 1573 1084 experiuntibus
1598 1067 1610 1084 ‚
1636 1043 1781 1076 alimenta
1801 1044 1931 1076 decrevit
1960 1065 1971 1081 ‚
1998 1052 2035 1074 ne
2052 1039 2139 1082 fame

1257 1091 1487 1135 contabescentes
1496 1092 1599 1126 litibus
1609 1099 1823 1126 renunciarent.
1845 1094 1976 1136 Semper
1989 1092 2137 1124 crescens

1258 1140 1398 1176 humana
1413 1141 1568 1186 iniquitas
1580 1142 1738 1186 sportulas
1747 1143 1926 1177 demutavit
1949 1142 1985 1175 in
1998 1140 2109 1174 salaria
2123 1163 2136 1179 ,

1257 1203 1324 1235 quae
1335 1192 1382 1226 uti
1394 1203 1462 1226 non
1475 1191 1594 1227 habeut
1605 1202 1753 1227 naturam
1765 1217 1776 1234 ‚
1803 1192 1848 1228 ita
1861 1203 1922 1227 nec
1937 1200 2059 1226 nomen
2079 1188 2134 1224 de-

1258 1241 1370 1276 berent
1383 1241 1501 1276 habete
1512 1253 1690 1278 commune
1701 1269 1709 1277 .

1308 1292 1424 1326 Praeter
1445 1292 1590 1326 laudatas
1614 1294 1774 1336 sportulas
1795 1291 1937 1326 Ecclefia
1963 1290 2044 1325 olim
2071 1289 2138 1323 suis

1257 1341 1393 1375 Clericis
1414 1340 1512 1376 dabat
1530 1341 1706 1377 divifiones
1719 1344 1923 1389 mensurnas.
1951 1341 2024 1374 Has
2045 1339 2137 1373 enim

1255 1390 1388 1422 Sanetus
1398 1390 1584 1430 Cyprianus
1596 1390 1706 1423 lucide
1715 1394 1758 1424 ab
1769 1392 1838 1424 istis
1849 1391 2031 1434 distinguit.
2054 1389 2137 1423 Exi-

1259 1438 1355 1471 stimo
1367 1438 1459 1471 fuisse
1475 1448 1594 1480 paucos
1605 1448 1759 1474 nummos
1774 1462 1786 1478 ‚
1811 1448 1895 1481 quos
1904 1449 1947 1472 ex
1956 1437 2138 1471 oblationis

1254 1485 1507 1527 Gazophylacio
1519 1486 1698 1527 Episcopus
1711 1487 1833 1529 quovis
1837 1489 1946 1521 mense
1957 1485 2135 1520 dividebat.

1254 1535 1365 1582 Qem
1390 1534 1489 1567 etiam
1512 1544 1637 1567 morem
1649 1533 1743 1569 fuifl‘e
1756 1545 1940 1570 mutuatum
1951 1533 2136 1570 &Romana

1253 1583 1434 1627 Republica
1467 1607 1478 1623 ‚
1504 1583 1588 1626 apud
1617 1583 1794 1619 Aurelium
1829 1583 2059 1619 Caffiodorum
2081 1585 2136 1620 de-

1252 1634 1409 1669 monstrat
1435 1630 1625 1667 Gothorum
1661 1635 1696 1668 in
1732 1635 1828 1669 Italia
1852 1635 1929 1670 Rex
1949 1633 2135 1670 Theodori-

1250 1696 1328 1723 cus,
1357 1695 1415 1727 pro
1427 1681 1598 1717 Thomate
1624 1683 1747 1729 insigni
1775 1684 1902 1731 Auriga
1927 1685 2069 1720 scribens
2093 1684 2135 1720 ad

1252 1734 1410 1768 Faustum
1423 1731 1632 1776 Praepofiturn
1646 1747 1658 1766 .·
1683 1737 1836 1778 ‚Quoniam
1852 1741 1887 1769 in
1898 1735 1950 1769 boc
1959 1743 2043 1777 opere
2063 1735 2138 1768 Tho-

1251 1796 1318 1816 mas
1345 1785 1513 1818 Primatum
1540 1781 1665 1825 noscitur
1690 1785 1821 1819 obtinere
1844 1808 1855 1825 ‚
1899 1785 2045 1826 menstrua
2069 1795 2136 1818 eum

1254 1836 1392 1866 duximus
1419 1833 1559 1876 largitate
1572 1831 1778 1874 solidandum.
1808 1833 1960 1870 Omnino
1985 1835 2135 1879 loquitur

1253 1896 1295 1918 ex
1320 1883 1455 1926 antiqua
1489 1882 1720 1918 Romanorum
1742 1883 1915 1928 disciplina
1938 1909 1946 1917 .
1983 1884 2135 1920 Eandem

1253 1933 1288 1967 in
1302 1934 1376 1967 suos
1386 1932 1533 1967 Clericos
1549 1934 1671 1976 semper
1682 1933 1863 1968 observavit
1875 1934 2021 1970 Ecclesia
2043 1935 2134 1969 Cone

1253 1982 1560 2025 stantinopolitana.
1589 1981 1723 2017 Etenim
1744 1982 1786 2018 de
1810 1982 1998 2020 Patriarcha
2019 1984 2132 2020 Mace-

1252 2031 1361 2068 donio*
1381 2030 1523 2066 secundo
1550 2031 1659 2067 scribit
1679 2033 1713 2067 in
1733 2033 1956 2069 Ecclesiastica
1981 2034 2132 2069 Historia

1255 2081 1443 2117 Anastasius
1455 2080 1748 2117 Bibliothecarius:
1778 2086 1969 2119 Macedonia:
1982 2083 2131 2118 Acholium

1253 2134 1430 2174 quemdam,
1461 2137 1512 2174 qui
1523 2130 1671 2175 adversus
1678 2131 1713 2175 se
1724 2144 1875 2168 exemerat
1890 2135 2072 2169 macbaeram
2091 2146 2131 2168 ex

1249 2179 1425 2221 submifflone
1434 2186 1617 2214 inimicorum
1633 2180 1775 2223 suorum,
1796 2192 1854 2226 per
1870 2184 1997 2229 fingulos
2016 2182 2130 2226 mensu

1254 2239 1389 2261 annonas
1395 2233 1539 2269 praeceptt
1550 2233 1677 2269 accipere
1685 2229 1777 2272 super
1786 2232 2011 2275 mansuetudine
2030 2234 2133 2266 collan-

1254 2279 1344 2309 datus
1372 2301 1379 2309 .
1423 2281 1483 2308 Hoc
1507 2285 1608 2308 autem
1632 2280 1667 2310 (9⁹
1688 2285 1721 2310 in
1746 2288 1847 2322 egem's
1868 2280 2023 2326 sacrilegis
2048 2286 2131 2325 egit.

1254 2325 1366 2360 Vocat
1386 2336 1535 2359 annonas
1553 2348 1563 2364 ,
1589 2335 1658 2358 non
1684 2326 1842 2367 sportulas
1858 2353 1866 2360 .
1893 2331 1996 2377 Qod
2017 2341 2133 2374 nempe

1253 2376 1334 2409 fixas
1349 2373 1642 2418 polseffiones·tunc
1657 2372 1789 2411 haberet
1801 2377 1941 2412 Ecclesia
1953 2403 1964 2419 ,
1990 2380 2132 2423 ideoque

1253 2426 1287 2460 ἃς
1302 2425 1357 2459 has
1383 2425 1415 2458 &
1429 2423 1503 2458 istas
1514 2424 1615 2467 pollet
1626 2424 1765 2459 donare.
1793 2427 1838 2461 Et
1849 2428 1983 2471 antiqua
2006 2428 2047 2462 de
2063 2441 2134 2463 ma-

1254 2486 1326 2520 gnae
1354 2474 1427 2508 istic
1450 2473 1600 2508 Ecclesiae
1628 2473 1849 2518 dignitatibus
1881 2486 1980 2521 atque
2009 2479 2130 2513 officiis

1253 2524 1372 2559 notitia
1398 2523 1518 2558 habet:
1548 2523 1705 2563 Menstruae
1730 2525 1943 2565 dssrlbutlones
1969 2535 2014 2560 ita
2035 2526 2132 2571 dffpo-

1253 2584 1368 2608 nuntur
1389 2579 1470 2607 inter
1491 2574 1636 2607 clericos.
1664 2576 1786 2608 Primus
1807 2578 1979 2619 ,Quinartus
2004 2579 2130 2619 duplum

1253 2630 1358 2666 accipit
1369 2649 1380 2664 ,
1402 2621 1470 2666 secu
1475 2624 1552 2656 ndus
1563 2631 1683 2665 partem
1695 2634 1759 2656 cum
1771 2625 1898 2659 dimidia
1907 2652 1918 2667 ,
1942 2632 2047 2661 tertius
2055 2635 2131 2669 par·

1254 2683 1312 2708 tem
1337 2676 1530 2716 &integram
1541 2679 1739 2716 quartarium.
1764 2677 1874 2717 Incipit
1888 2685 1988 2710 autem
2010 2685 2044 2710 tn
2059 2677 2130 2719 fini·-

1249 2725 1308 2764 stro
1319 2723 1419 2756 Cboro
1448 2723 1571 2764 duplam
1588 2731 1708 2765 partem
1725 2724 1958 2767 Archipresbyter
1977 2732 2103 2768 accipere
2114 2738 2128 2759 ¹.

1257 2776 1298 2808 Et
1318 2772 1507 2808 concludit:
1539 2778 1596 2809 Hic
1618 2772 1656 2811 est
1671 2772 1786 2815 sanAEae
1812 2778 1870 2810 Det
1891 2776 2024 2818 Ecclefiae
2045 2778 2135 2818 orda*

1254 2826 1275 2856 ἃ
1290 2822 1406 2867 sanc‘lts
1431 2822 1575 2855 Patribus
1603 2830 1784 2867 congregatis
1820 2830 1853 2858 in
1875 2827 2014 2860 conciliis
2048 2825 2129 2867 inst*

1255 2881 1338 2907 tutus
1360 2897 1367 2905 .
1400 2875 1446 2905 Et
1463 2871 1557 2914 ipsum
1576 2872 1615 2904 ab
1646 2873 1771 2914 Ecclesia
1790 2872 1841 2908 boc
1855 2876 1946 2917 parvo
1975 2875 2126 2919 observas!

1231 2950 1233 2953 ,
1251 2930 1455 2966 praeceperunt
1478 2947 1486 2954 .
1523 2921 1671 2956 Laudata
1696 2923 1836 2958 Ecclefia
1857 2924 1984 2960 videtur
2004 2925 2129 2960 dedisse

1231 2994 1234 3023 ζ
1257 2973 1337 3006 solas
1356 2973 1423 3006 fine
1446 2971 1593 3015 sportulis
1605 2971 1777 3007 divisiones
1799 2977 2004 3010 mensurnas:
2031 2975 2127 3009 Hine

1255 3022 1343 3056 enim
1354 3021 1451 3056 istum
1461 3032 1535 3064 erga
1547 3022 1578 3054 se
1596 3022 1631 3055 ὅτ
1643 3022 1716 3056 suos
1728 3023 1906 3068 Episcopos
1924 3037 1962 3059 ac
1974 3025 2127 3060 Proceres

1256 3083 1380 3106 morem
1392 3071 1425 3104 in
1437 3070 1528 3105 ltalia
1537 3071 1690 3106 custodiri
1704 3074 1813 3117 exegit
1825 3075 1865 3108 ab
1876 3076 2026 3120 Eugenio
2036 3085 2127 3118 quar-

1232 3150 1234 3157 ,
1255 3132 1291 3156 to
1302 3122 1467 3155 Pontifice
1482 3122 1660 3164 Imperator
1685 3123 1825 3165 Joannes
1836 3124 2038 3167 Palaeologus
2050 3147 2062 3164 ‚
2087 3125 2127 3157 ai:

1256 3171 1458 3215 impetravit.
1485 3169 1630 3213 Ipsorum
1658 3173 1747 3206 enim
1774 3174 1907 3218 quisque
1943 3173 2034 3216 quod
2070 3183 2126 3217 per

1256 3223 1398 3256 mensem
1420 3230 1574 3254 nummos
1595 3220 1744 3265 deinceps
1764 3223 1922 3267 acceperit
1939 3246 1950 3263 ‚
1977 3223 2125 3266 praefatus

1257 3271 1454 3316 Sguropulus
1474 3270 1591 3304 edicit.
1623 3270 1671 3305 At
1693 3274 1770 3306 vero
1791 3273 1928 3316 antiqua:
1949 3270 2128 3315 discipline

1257 3321 1468 3357 amantiffima
1494 3321 1529 3354 &
1550 3319 1822 3356 observantiffima
1838 3322 1993 3357 Romana
2016 3322 2128 3356 Eccle-

335 3374 403 3416 ipsa
416 3372 585 3412 discrevit,
611 3372 644 3405 ὃς
659 3382 717 3415 pro
728 3370 889 3414 stipendio
910 3371 1036 3406 ufitavit
1049 3372 1198 3407 Romana
1259 3373 1299 3406 fia
1321 3371 1445 3405 cunctis
1465 3370 1622 3404 Palatinis
1633 3372 1750 3406 officiis
1774 3371 1873 3405 etiam
1897 3371 1997 3406 hodie
2008 3372 2064 3405 dat
2090 3370 2126 3404 δε

337 3422 547 3467 Respublica,
582 3430 676 3469 atque
689 3420 734 3455 ita
744 3432 811 3457 vox
833 3420 892 3457 ista
905 3422 1025 3469 semper
1049 3423 1207 3475 importas
1230 3418 1413 3522 jsportulas
1437 3419 1471 3454 &
1505 3419 1676 3456 divisiones
1711 3421 1923 3456 mensurnas:

1962 3422 2006 3455 Et
2030 3421 2129 3456 suum

1954 3481 2080 3506 morem

2156 1746 2218 1781 L-3.
2228 1742 2316 1784 Epist.

2159 1795 2205 1822 5¹·

2153 2096 2210 2127 1201.
2225 2104 2237 2133 5
2242 2107 2274 2126 ο.
