2366 3756
376 184 469 227 132
542 167 952 211 NICOLAI

1025 177 1418 213 SECUNDI

1489 166 2052 225 P0N111=f1crs

301 255 381 290 sensi
396 280 401 286 .
430 253 602 287 Consonat
620 254 656 287 in
684 253 801 288 litteris
822 251 863 285 ad
876 248 1095 287 Ludifredum
1107 252 1195 288 (ἶοτ-Ι
1236 254 1409 299 *observant
1420 281 1432 297 ‚
1456 262 1606 299 reperias.
1636 263 1709 292 Haec
1719 269 1818 292 rerum
1830 259 2029 294 humanarum
2040 258 2139 295 condi·

303 304 479 340 dubensern
502 303 705 348 Episcopum
720 302 855 336 Sanctus
867 301 1003 336 Isidorus
1014 301 1188 346 Hispalen-

303 357 343 389 fis
368 351 663 397 Archiepiscopus:
691 351 927 393 archipresbyter
942 349 977 395 se
1000 352 1052 396 effe
1069 351 1126 397 sub
1135 357 1188 388 Ar·

303 404 493 444 chidiacono,
519 401 638 445 ejusque
664 405 852 445 Praeceptis,
872 401 945 445 ficut
958 402 1099 446 Episcopi
1118 403 1188 448 sui,

297 453 375 498 sciat
399 453 530 486 obedire.
559 453 617 487 An
645 454 751 489 saneti
773 452 886 487 Isidori
908 452 1061 498 legitima·
1081 454 1189 490 sitista

303 503 469 547 Epistola,
499 503 619 548 ignoto
639 517 647 537 :
676 504 749 538 Nec
770 503 858 537 deest
880 505 967 537 ratio
988 502 1162 540 dubitandi
1179 530 1188 538 .

301 555 385 589 Eam
405 555 538 588 interim
560 554 616 598 ipsi
639 552 827 588 adscribunt
849 564 918 588 non
933 554 1063 589 tantum
1077 555 1112 589 in
1125 555 1188 590 suis

300 603 563 639 distinstionibus
580 605 621 638 de
633 604 894 638 Consecratione
907 604 1105 645 Gratianus,
1133 605 1187 640 sed

300 656 401 690 etiam
423 656 458 689 in
482 657 540 690 suo
563 656 708 689 Decreto
731 655 867 689 Sanetus
889 655 950 698 Jvo
971 654 1188 690 carnutensis

301 705 484 749 Episcopus
497 731 503 737 .
531 707 626 753 Qin
639 705 847 750 &integrum
859 728 870 744 ,
885 715 927 739 ex
940 716 1007 749 quo
1020 705 1187 750 desumpta

300 756 456 790 videntur
478 756 607 790 laudata
630 756 750 796 verba,
779 755 1011 790 Constitutum
1035 757 1187 800 producit

299 805 335 839 in
359 806 417 840 suo
441 807 608 848 Decrem,
646 808 679 841 ὃς
703 805 809 850 primo
833 805 1006 840 Toletano
1030 806 1189 842 Concilio

234 857 263 904 '⁶
298 855 455 893 adscribit
477 856 685 892 Burchardus
713 857 894 900 Episcopus
916 857 1188 892 Wormatiensis.

298 907 410 954 Qare
433 920 560 943 certum
582 907 628 942 est
652 908 756 951 ipsum
778 906 840 940 esse
860 907 1056 950 antiquum.
1085 907 1189 951 Cuju-

296 959 454 1002 scumque
475 960 510 994 sit
523 984 534 1000 ,
561 957 665 993 modo
686 956 732 991 est
751 957 982 992 authenticum
1000 983 1008 991 .
1052 957 1186 993 Etenim

297 1008 405 1052 ipsum
429 1010 579 1053 probavit
604 1010 638 1042 in
664 1010 729 1042 suis
755 1007 1006 1050 Decretalibus,
1032 1009 1204 1043 accidem¹

296 1059 458 1094 Concilio
470 1059 636 1103 adscripsit
649 1059 831 1103 Gregorius
844 1070 949 1092 nonus
965 1083 973 1092 .
999 1059 1140 1093 Inseruit
1153 1060 1186 1094 &
1200 1039 1205 1097 l

292 1211 372 1249 byter
386 1236 396 1251 ,
422 1213 457 1246 (τ
479 1213 524 1244 ad
541 1212 606 1253 ejus
628 1221 732 1243 curam
750 1209 921 1253 specialiter
940 1215 1112 1252 pertinere.
1142 1209 1185 1243 Et

292 1261 471 1303 diplomati
493 1286 505 1303 ,
531 1259 621 1305 quod
644 1261 686 1294 de
706 1261 892 1294 consecrata
914 1259 933 1291 a
948 1262 978 1293 se
991 1259 1184 1293 Caffinenfis

291 1309 489 1346 Monasterii
513 1311 650 1344 Basilica
673 1310 776 1344 emisit
791 1309 980 1343 Alexander
999 1309 1160 1344 secundus
1176 1331 1185 1349 ,

293 1361 414 1403 primus
436 1360 508 1403 post
534 1359 646 1399 hune,
672 1361 773 1392 etiam
792 1370 869 1392 ante
889 1369 1008 1391 omnes
1021 1359 1184 1392 Cardina-

289 1411 337 1443 les
360 1411 564 1453 Episcopos‚
590 1407 798 1442 subscribitur
821 1408 1048 1441 Hildebrandus
1075 1432 1086 1448 ,
1113 1419 1182 1450 qua-

287 1459 446 1504 liscumque
466 1463 610 1492 Romana
634 1457 770 1499 Ecclefiae
787 1457 1016 1490 Archidiaconus
1032 1483 1039 1490 .
1067 1458 1182 1492 Exstat

287 1512 435 1555 diploma
456 1510 540 1552 apud
565 1507 844 1541 Bartholomaeum
868 1506 1180 1540 Chioecarellumin

289 1562 456 1605 Catalogo
478 1559 716 1602 Episcoporum
742 1555 893 1589 Ecclefiae
926 1555 1177 1598 Neapolitanae.

289 1613 334 1646 Et
359 1623 400 1646 ex
424 1609 474 1643 his
487 1607 666 1653 plurimum
678 1607 824 1640 firmatur
832 1606 954 1648 justitia
965 1606 1068 1640 moris
1081 1629 1092 1645 ,
1113 1617 1181 1649 quo

287 1665 424 1696 cunstos
442 1658 633 1694 Cardinales
658 1658 733 1690 suos
766 1654 976 1698 presbyteros
999 1666 1037 1689 ac
1060 1654 1178 1689 Diaco-

287 1723 349 1746 nos
373 1710 541 1754 quibusvis
562 1719 633 1741 non
658 1704 894 1740 cardinalibus
919 1705 1093 1749 Episcopis
1115 1704 1181 1748 jam

287 1762 416 1797 dudum
441 1758 629 1802 anteposuit
650 1757 804 1790 Romana
830 1755 971 1789 Ecclesia
987 1778 994 1787 .

339 1811 470 1847 Verum
489 1809 531 1844 ad
553 1807 779 1850 pansophium
803 1806 912 1840 nescio
927 1804 1021 1848 eujus
1032 1804 1182 1839 Ecclesiae

289 1861 575 1898 Archidiaconum
601 1856 681 1891 reste
702 1857 820 1899 scripsit
862 1854 1003 1889 Isidorus
1037 1854 1182 1889 Pelusio-

288 1926 343 1949 ta:
373 1914 403 1945 Si
424 1909 532 1949 Christi
560 1909 656 1941 Altam·
682 1906 832 1947 ministras
846 1930 856 1946 ,
882 1907 923 1938 da
945 1914 1063 1948 operam
1075 1915 1182 1938 uicum

291 1963 380 2007 ipfius
405 1962 518 2007 legibus
540 1970 647 1992 munus
659 1967 742 1991 tuum
752 1956 966 1997 administres,
994 1964 1084 1998 atque
1094 1957 1181 1989 corde

291 2015 430 2049 humilem
451 2013 485 2045 6
500 2009 675 2054 submissum
698 2018 727 2041 te
757 2007 899 2050 praebi’as
926 2031 933 2040 .
978 2010 1081 2048 Neque
1101 2011 1181 2039 enim

284 2063 431 2109 forensem
453 2062 607 2106 quandam
625 2058 844 2101 Praefec‘luram
857 2067 948 2100 atque
961 2055 1182 2099 Imperiumfa-

283 2116 332 2160 stu
355 2116 388 2149 (9'
396 2122 515 2158 pompae
538 2109 691 2154 insolentia
704 2110 850 2143 tumidum
864 2108 980 2141 tracias
997 2130 1007 2145 ‚
1029 2103 1086 2149 sad
1094 2115 1182 2147 paca-

292 2178 356 2202 tum
378 2177 412 2197 ac
430 2163 629 2204 tranquillum
652 2158 845 2197 ministerium
874 2180 881 2187 .
921 2156 1056 2189 Etenim
1084 2155 1184 2189 tantis

289 2218 358 2251 auri
382 2216 416 2248 ὃ(
435 2212 510 2246 vani
523 2209 661 2244 honoris
675 2207 904 2241 exaistionibus
918 2215 1015 2250 atque
1026 2205 1185 2240 extorsio-

290 2266 387 2302 nibus
409 2264 545 2298 Clerum
568 2261 602 2294 ὅ(
624 2259 786 2303 populum
807 2265 965 2290 vexarunt
977 2256 1110 2300 quidam
1124 2256 1184 2288 Ar-

290 2314 480 2353 chidiaconi
505 2337 515 2352 ,
540 2319 576 2343 ut
601 2306 794 2352 amplissime
816 2306 985 2349 explerent
1009 2307 1181 2348 personam

115 1493 176 1523 Pol«
209 1502 269 1526 12¹-

111 1838 172 1869 Lib.
208 1850 230 1868 1.

112 1882 163 1918 lip-
187 1891 249 1915 152}-

292 2369 450 2405 illorum,
476 2362 518 2396 de
538 2359 656 2404 quibus
678 2358 718 2392 ad
741 2356 938 2392 Corinthios
967 2354 1077 2390 scribit
1090 2354 1186 2398 Apo—

291 2418 411 2452 ssolus:
442 2417 474 2447 si
497 2416 562 2455 quis
577 2414 704 2452 accipit,
725 2407 753 2450 fi
761 2413 830 2451 quis
842 2409 970 2440 devorat
988 2430 998 2446 ,
1020 2404 1122 2447 siquis
1133 2416 1184 2438 ex-

290 2469 426 2507 tollitur,
447 2462 475 2505 fi
481 2468 549 2506 quis
561 2466 593 2494 in
600 2459 779 2503 servitutem
806 2459 938 2502 redigit,
957 2455 987 2498 fi
1005 2463 1070 2499 quis
1085 2465 1116 2487 m
1132 2454 1186 2497 fa-

292 2523 365 2552 ciem
388 2529 444 2550 vos
457 2515 566 2548 caedit.
593 2510 719 2545 Verum
733 2509 807 2554 quia
823 2507 891 2542 haec
906 2506 1064 2541 sustinere
1074 2506 1184 2539 omnis

294 2567 499 2602 Christianus
522 2561 659 2608 populus
672 2571 738 2594 non
755 2559 856 2593 valuit
871 2582 881 2599 ‚
908 2556 995 2591 varia
1009 2555 1187 2600 Episcopo·

295 2629 367 2653 rum
379 2615 551 2652 adversum
575 2611 842 2647 Archidiaconos
867 2609 1065 2642 emerserunt
1087 2606 1187 2640 medi-

294 2668 417 2704 cinalia
442 2663 576 2700 consilia
601 2688 607 2696 .
636 2661 771 2696 Etenim
795 2659 949 2702 antiqua,
979 2669 1034 2701 per
1054 2658 1187 2690 Bernar-

295 2720 376 2754 dum
398 2716 601 2752 Medonium
623 2724 664 2747 ex
697 2711 812 2746 Caroli
835 2707 1023 2743 Munchalli
1049 2706 1187 2741 Archie-

297 2763 627 2814 piscopiTholosani
641 2761 763 2796 chartis
787 2759 950 2805 publicata
967 2782 978 2797 ,
1003 2758 1042 2791 de
1060 2768 1188 2802 magnae

297 2815 680 2859 Constantinopolitanae
701 2811 847 2845 Ecclesiae
868 2807 1084 2862 dignitatibus
1095 2808 1127 2840 ἃ
1139 2809 1187 2845 of-

300 2869 384 2903 ficiis
407 2865 525 2899 notitia
549 2873 708 2908 magnum
732 2860 1020 2894 Archidiaconum
1033 2858 1185 2899 rejicitin

301 2917 479 2952 secundum
502 2914 678 2952 Chorum,
705 2911 738 2943 &
759 2910 938 2953 quidemin
968 2907 1036 2949 ejus
1061 2918 1188 2950 antepe-

304 2968 484 3002 nultimum
507 2966 641 2998 locum:
666 2965 797 3004 Magnus
813 2959 1062 2997 archidiaconus,
1086 2955 1188 3000 secun-

306 3021 364 3050 dus
378 3022 571 3050 Diaconorum
581 3038 588 3046 .
617 3012 700 3045 Haec
718 3013 789 3044 sunt
802 3011 869 3044 duo
883 3009 1044 3052 postrema
1057 3008 1166 3041 officia
1181 3034 1187 3040 .

307 3067 375 3102 Uti
398 3068 415 3100 a
433 3066 529 3098 variis
556 3062 644 3096 edita
666 3073 707 3094 ex
727 3062 823 3094 variis
845 3058 1085 3100 manuscriptis
1107 3082 1117 3098 ‚
1144 3059 1188 3092 ita

306 3116 487 3152 admodum
510 3113 597 3146 varia
620 3111 664 3145 est
689 3111 746 3143 ista
770 3110 912 3144 notitia:
948 3108 1059 3142 Aliam
1085 3108 1189 3141 lauda-

306 3178 359 3202 t-ns
386 3163 592 3201 Medonius,
619 3161 716 3195 aliam
740 3162 810 3195 Leo
836 3159 999 3197 Allatius‚
1030 3159 1125 3191 aliam
1139 3159 1190 3201 Jo-

306 3228 407 3253 annes
431 3215 545 3253 Goar‚
582 3212 679 3244 aliam
705 3211 843 3253 Joannes
879 3208 1053 3249 Morinus,
1091 3209 1190 3241 aliam

309 3262 657 3310 GeorgiusCodinus,
684 3261 782 3294 aliam
794 3259 1048 3293 aliiediderunt.
1076 3259 1191 3294 Ratio-

310 3329 387 3352 nem
410 3316 465 3349 dat
500 3314 534 3346 in
567 3310 701 3361 eruditis
727 3311 768 3343 ad
801 3309 987 3353 Georgium
1021 3308 1189 3342 Codinum

311 3366 444 3402 scholiis
457 3361 606 3397 laudatus
617 3362 727 3395 Goar:
757 3361 920 3402 officiorum
931 3371 1046 3401 magnae
1060 3358 1191 3399 Ecclefiae

310 3418 476 3460 catalogum
499 3414 590 3456 plura
624 3412 691 3444 licet
720 3410 860 3451 ostentent
884 3410 1068 3451 exemplaria
1101 3421 1190 3442 manu

305 3467 444 3514 firipta‚
469 3474 569 3512 putica
591 3473 659 3506 quae
681 3462 814 3496 ordinem
834 3471 870 3494 ac
890 3470 1043 3494 numerum
1067 3460 1191 3494 eundem

295 1108 384 1144 hanc
423 1108 570 1145 Romani
594 1109 734 1144 Ordinis
757 1109 952 1154 Regulam:
989 1112 1186 1143 Primicerius

289 1158 368 1203 sciat
384 1158 418 1204 se
440 1161 492 1205 effi
509 1160 566 1204 sub
590 1159 797 1194 Archidiacono
817 1183 827 1199 ,
861 1159 935 1201 ficut
960 1161 995 1193 (5
1022 1156 1180 1203 Aps

1249 312 1292 339 tio
1303 330 1314 347 ,
1343 316 1378 339 ut
1389 313 1581 341 mutationem
1593 313 1624 341 in
1637 307 1793 349 Ecclesiam
1802 333 1813 349 ,
1825 316 1895 351 quia
1905 314 2072 345 mortalium
2083 324 2138 346 cae-

1250 365 1300 390 ius
1321 356 1360 397 est
1372 381 1383 397 ,
1409 362 1501 390 etiam
1537 360 1660 392 inducat
1680 384 1688 392 .
1716 363 1789 392 Haec
1807 369 1907 394 rerum
1925 364 2136 396 novandarum

1247 411 1282 439 in
1297 407 1488 440 patriarchis
1505 409 1596 441 libido
1608 434 1619 450 ,
1645 418 1679 442 ut
1698 408 1850 451 prioribus
1871 416 1999 443 recentia
2022 414 2136 447 vellent

1249 458 1359 490 addita
1370 482 1380 496 ,
1391 455 1524 501 antiquis
1536 470 1617 493 nova
1619 458 1771 502 succedere
1782 483 1793 500 ‚
1811 460 1915 493 cundia
1924 471 2136 504 nonnunquam

1249 508 1473 541 detruncarent.
1500 513 1587 543 Acut
1610 522 1695 550 reor,
1718 521 1757 543 ex
1781 521 1879 545 eorum
1896 512 2008 552 placito
2028 511 2134 554 fluxit,

1250 566 1284 591 ut
1295 560 1509 602 exemplarium
1521 565 1554 593 in
1566 565 1604 593 iis
1616 559 1802 603 recensendis
1813 559 1971 602 diverfiters
1984 585 1994 601 ,
2015 571 2046 594 eo
2054 564 2136 604 quad

1251 609 1377 649 diverfis
1388 609 1530 643 aetatibus
1550 617 1605 652 pro
1626 609 1746 654 diverso
1767 609 1901 652 Ecclefiae
1921 612 2134 655 officiorumque

1244 658 1327 699 flatu
1350 658 1584 702 exscriberentur·
1605 684 1616 701 ,
1639 659 1790 703 emerserit
1811 685 1818 692 .
1842 661 1908 695 Per
1931 662 2133 697 Medonium

1250 708 1420 753 publicatae
1432 712 1593 745 consonat
1607 722 1660 755 per
1670 711 1837 745 laudatum
1849 711 1940 746 Goar
1951 713 1986 746 in
2001 713 2134 747 Eucho-

1250 759 1341 803 logio
1354 759 1516 803 publicata
1529 761 1647 796 notitia
1660 785 1670 802 ‚
1680 763 1714 796 δε
1726 760 1874 805 adjungit
1887 773 1895 794 ε
1916 764 2036 795 Praeter
2045 769 2134 805 quin-

1249 811 1343 843 decim
1354 811 1458 853 Officia
1470 813 1505 845 Θ
1514 811 1676 846 Clecricata
1685 812 1805 846 Sanli'ae
1818 815 1848 844 E
1849 810 1951 853 cclefiae
1961 812 2134 853 Sanfflffimi

1249 860 1438 895 Patriarcbae
1450 861 1633 903 instituerunt
1643 868 1769 896 minores
1783 862 1986 904 Praefelluras
1997 863 2043 895 ad
2060 864 2134 896 San-

1246 910 1303 944 c‘lae
1314 910 1628 955 Ecclefiaesubſsdium.
1656 917 1787 958 Magnus
1810 912 2038 946 archidiaconus
2051 937 2063 954 ‚
2097 915 2133 947 Θ·

1247 960 1393 1007 secundus
1414 964 1609 997 Diaconorum
1626 962 1699 1007 suns
1721 965 1842 1005 Officia.
1865 964 1945 996 Hoc
1965 963 2010 996 est
2026 987 2036 1003 ,
2059 964 2134 997 sunt

1247 1013 1419 1048 dumtaxat
1443 1013 1563 1048 Officia
1581 1038 1591 1055 ,
1609 1012 1783 1058 nequidem
1804 1014 1949 1048 minores
1969 1013 2134 1047 Praefec'tu-

1247 1073 1304 1096 rae.
1333 1063 1460 1098 Lucide
1471 1063 1536 1098 hoc
1547 1064 1647 1098 edicit
1668 1065 1731 1097 alia
1753 1063 1878 1098 ibidem
1902 1063 2044 1097 notitia:
2067 1066 2135 1095 Ma·

1240 1123 1319 1157 gnus
1338 1113 1568 1146 Archidiacomes
1582 1115 1617 1147 <5
1624 1112 1769 1156 secundus
1786 1118 1976 1147 Diaconorum
1997 1124 2063 1148 cum
2088 1114 2135 1146 di-

1241 1164 1411 1210 gnitatibus
1423 1175 1541 1207 magnae
1555 1163 1687 1205 Ecclefiae
1699 1176 1756 1197 non
1769 1163 1953 1207 recensemur
1964 1189 1971 1196 .

1296 1212 1339 1245 Et
1359 1214 1392 1246 in
1415 1213 1482 1256 jure
1505 1213 1793 1249 Graue-Romano
1819 1213 2058 1250 Constantinus
2072 1214 2136 1248 Ca·

1247 1263 1355 1298 basilus
1379 1262 1624 1306 Dyrrachiensis
1648 1265 1829 1307 Episcopus
1849 1276 1887 1297 ac
1911 1264 2029 1297 veteris
2040 1264 2134 1306 Epiri

1246 1313 1462 1358 Metropolita
1485 1314 1641 1358 proponit
1665 1312 1721 1347 has
1742 1313 1951 1357 quaestiones:
1980 1309 2135 1346 architria:

1245 1374 1373 1395 comeum
1383 1364 1517 1404 Officium
1539 1367 1623 1401 cuius
1647 1363 1685 1403 est
1696 1365 1831 1404 ordinis,
1858 1365 2133 1407 &cujusgradus?

1246 1415 1290 1444 Et
1314 1424 1355 1445 an
1374 1411 1480 1453 praeest
1501 1412 1636 1445 omnibus
1661 1415 1802 1445 DIaconis
1815 1437 1825 1454 ,
1850 1412 1934 1455 quasi
1951 1414 1986 1448 Φ
2006 1412 2068 1456 ipse
2079 1418 2134 1447 Ar-

1244 1461 1433 1496 chidiaconus
1451 1460 1489 1503 fit
1513 1474 1551 1496 ex
1576 1463 1674 1504 officiis
1695 1460 1920 1504 Ecciefiasticis?
1946 1466 1992 1496 Et
2005 1474 2046 1496 an
2053 1471 2135 1505 pra-

1239 1511 1343 1554 fertur
1364 1512 1501 1544 omnibus
1532 1518 1565 1544 in
1600 1516 1780 1545 Divinarum
1811 1514 2068 1546 sacramentorum
2086 1511 2135 1556 as·

1238 1558 1406 1602 sumptione
1422 1561 1438 1592 ἒ
1465 1562 1510 1592 Et
1531 1572 1572 1593 an
1592 1562 1658 1595 licei
1683 1560 1822 1605 Antistiei
1845 1561 1944 1605 supr&
1964 1572 2010 1595 eos
2031 1586 2043 1603 ,
2078 1568 2133 1605 qui

1239 1617 1354 1652 priores
1378 1611 1498 1654 ingreffi
1511 1610 1603 1653 fient,
1629 1611 1710 1644 nihil
1726 1621 1827 1646 autem
1847 1612 2017 1646 habuerunt
2027 1612 2132 1654 officii,

1241 1659 1354 1702 aliquos
1374 1669 1546 1703 praeponere
1566 1683 1577 1700 ,
1613 1666 1663 1704 qui
1689 1673 1782 1704 neque
1804 1661 1860 1704 ipst
1877 1663 1971 1696 ullum
1995 1661 2131 1696 habeant

1241 1711 1361 1750 officium
1384 1733 1395 1749 ,
1427 1712 1484 1752 sed
1500 1717 1626 1752 pittacio
1639 1710 1711 1755 solor
1733 1713 1768 1746 <9⁴
1783 1713 1861 1756 jussu
1889 1715 2132 1756 Praerogativam

1241 1766 1414 1800 acceperunt
1442 1761 1459 1791 ?
1496 1760 1599 1807 Quod
1624 1762 1658 1794 in
1680 1762 1796 1804 quovis
1820 1762 1956 1805 publico
1976 1762 2138 1796 Conven-

1241 1819 1277 1843 tu
1302 1808 1426 1843 Clerici
1449 1808 1540 1851 juxta
1554 1811 1616 1844 suae
1626 1810 1850 1844 ordinationis
1860 1810 1999 1855 gradum
2013 1822 2051 1845 ac
2062 1820 2136 1845 aeta·
2178 1839 2179 1843 ,

1241 1870 1307 1892 tem
1335 1859 1490 1899 sedeant,
1530 1861 1574 1894 est
1601 1870 1752 1905 perpetua
1789 1860 1822 1894 &
1846 1859 2074 1896 Occidentalis
2099 1861 2136 1895 ὅ(

1241 1909 1427 1943 orientalis
1447 1910 1597 1945 Ecclefiae
1620 1910 1847 1951 consuetudo,
1873 1909 2136 1954 ideoque&tra-

1240 1958 1325 1992 ditio
1353 1960 1547 2003 Apostolica
1571 1984 1578 1993 i
1617 1961 1660 1995 Et
1685 1960 1764 1994 hinc
1796 1960 1897 2004 prima
1920 1961 2136 1995 Constantini

1240 2008 1374 2053 quaestio
1395 2009 1458 2044 fuit
1484 2022 1492 2043 ε
1533 2010 1589 2044 An
1623 2010 1806 2045 senioribus
1842 2009 1986 2054 ejusdem
2012 2010 2134 2055 gradus

1240 2059 1380 2094 Clericis
1407 2060 1589 2105 Episcopus
1617 2061 1711 2104 poffit
1753 2060 1900 2104 juniores
1926 2071 2134 2104 praeponere,

1241 2118 1315 2144 non·
1332 2109 1502 2145 dumtaxat
1527 2122 1583 2155 per
1597 2111 1796 2155 impartitam
1809 2110 2009 2155 dignitatem
2020 2121 2076 2145 aut
2085 2111 2134 2144 os-

1241 2159 1354 2192 ficium
1368 2183 1379 2199 ,
1405 2161 1460 2193 sed
1483 2160 1585 2194 etiam
1600 2172 1654 2203 per
1665 2162 1836 2204 pittacium
1850 2171 1905 2195 aut
1916 2161 2134 2195 codicillum?

1241 2209 1280 2243 In
1292 2207 1535 2243 Theodosiano
1559 2220 1596 2243 ac
1608 2209 1812 2252 Justinianeo
1833 2208 1967 2249 codice,
1994 2221 2054 2244 nec
2066 2221 2137 2244 non

1241 2260 1275 2292 in
1302 2260 1437 2303 antiqua
1462 2260 1610 2294 Romani
1633 2254 1909 2302 Imperii‘notitia
1927 2260 2138 2303 estfrequens

1243 2309 1368 2342 mentio
1392 2308 1583 2351 hujusmodi
1611 2307 1843 2343 codicillorum
1858 2333 1869 2349 ,
1894 2309 1928 2343 ὅ(
1953 2309 1993 2343 de
2016 2310 2134 2352 ipsisin

1242 2358 1361 2392 decimi
1385 2358 1513 2401 septimi
1538 2357 1727 2401 Apostolici
1750 2358 1900 2392 Canonis
1922 2359 2137 2394 Commenta-

1242 2408 1290 2441 rio
1317 2407 1426 2442 scribit
1439 2406 1644 2442 Theodorus
1656 2408 1853 2443 Balsamon:
1882 2411 2135 2453 ,Quomodomulti

1245 2458 1380 2492 Lec‘iores
1408 2481 1419 2498 ,
1444 2463 1496 2500 qui
1521 2458 1632 2502 btgami
1646 2458 1777 2500 fuerant
1803 2483 1814 2498 ‚
1850 2465 1883 2492 in
1904 2458 1970 2503 suis
1987 2460 2134 2504 gradibus

1244 2506 1433 2552 conservati,
1459 2510 1494 2542 ὅ
1511 2515 1567 2550 per
1589 2508 1854 2551 archiepisbopalia
1872 2516 2004 2552 pittacia
2016 2510 2079 2551 fint
2088 2511 2135 2543 ad

1245 2561 1371 2600 majores
1393 2559 1510 2602 gradus
1527 2565 1682 2599 promoti,
1706 2565 1824 2602 ignoro.
1853 2560 1898 2593 Et
1920 2559 2026 2592 infrd:
2048 2562 2131 2603 ,Quo-

1246 2611 1332 2642 modo
1363 2608 1501 2641 Leeiores
1524 2633 1535 2648 ,
1573 2613 1626 2650 qui
1647 2606 1794 2650 secandas
1821 2609 1972 2641 duxerunt
2000 2619 2127 2650 uxores,

1243 2667 1297 2701 per
1322 2657 1585 2701 Arcbiepiscopalia
1603 2662 1733 2699 pittacia
1753 2658 1799 2690 ad
1820 2658 1981 2700 Domestica
2009 2661 2044 2693 (9⁸
2064 2661 2128 2693 alia

1249 2707 1447 2752 Ecclefiastica
1467 2709 1568 2750 Officia
1584 2716 1843 2749 promoveantur,
1871 2708 1953 2742 nobis
1975 2711 2070 2742 dicere
2080 2721 2129 2743 ne·

1247 2760 1313 2802 cesse
1338 2758 1396 2801 est.
1425 2762 1557 2790 Dicimus
1577 2761 1644 2802 ergo
1665 2782 1676 2798 ,
1700 2760 1784 2801 quod
1802 2757 2003 2802 Ecclefiafiica
2026 2760 2128 2801 Officia

1248 2808 1367 2850 abufiv?
1386 2810 1502 2852 gradus
1526 2817 1684 2842 vocantur.
1714 2807 1775 2851 Est
1796 2813 1876 2841 enim
1881 2811 2004 2851 proprie
2010 2811 2129 2854 gradus

1250 2861 1461 2898 Sacerdotum,
1490 2862 1704 2898 macenorum,
1726 2858 1992 2900 subdiaconorum,
2018 2862 2053 2893 Θ
2074 2863 2131 2893 Le-

1250 2911 1379 2943 eiorum.
1413 2909 1514 2951 Officia
1534 2918 1634 2941 autem
1649 2907 1724 2950 sunt
1744 2908 1865 2941 honores
1889 2910 1924 2942 (π
1944 2910 2042 2942 vic‘ius
2058 2908 2130 2953 sub-

1251 2958 1482 3002 ministrationes
1493 2984 1500 2991 .
1521 2959 1604 2991 Unde
1629 2964 1679 3001 qui
1681 2959 1745 3000 fuit
1760 2959 1862 2991 LeHor
1873 2959 1912 2991 ab
1925 2964 2048 2993 ineunte
2058 2969 2132 2992 ceta·

1251 3020 1279 3044 te
1292 3035 1302 3051 ‚
1328 3012 1362 3043 (9⁸
1382 3008 1543 3052 secundem
1565 3020 1687 3042 uxorem
1710 3011 1852 3049 duxerit,
1873 3015 1951 3042 citra
1977 3011 2067 3043 ullum
2077 3015 2132 3041 im-

1248 3062 1452 3103 pedimentum
1466 3059 1507 3101 fit
1530 3059 1659 3092 clericus
1681 3057 1898 3102 Ecclefiafticus
1923 3084 1934 3099 ,
1967 3061 2002 3093 ό·
2028 3062 2130 3102 populi

1252 3116 1436 3145 convocator
1453 3117 1508 3151 per
1523 3114 1703 3150 pittacium,
1724 3109 1783 3153 sed
1805 3121 1863 3142 non
1873 3110 2069 3142 Subdiaconus
2080 3112 2132 3143 vel

1255 3165 1419 3194 Diaconus.
1446 3159 1520 3193 Nos
1545 3158 1658 3193 Latini
1680 3160 1822 3193 dicimus
1844 3158 1932 3204 aliud
1943 3159 2006 3192 elie
2019 3158 2131 3192 Eccle-

1255 3211 1411 3245 siasticum
1433 3209 1592 3243 Ordinem
1607 3235 1617 3250 ,
1652 3209 1742 3243 aliud
1765 3207 2023 3243 Ecclesiasticum
2045 3209 2131 3243 Offi-

1253 3263 1341 3295 cium
1362 3269 1418 3294 aut
1438 3259 1663 3299 Beneficium,
1698 3261 1731 3293 ὅ(
1754 3260 1849 3293 istum
1872 3269 1926 3300 per
1951 3258 2136 3301 Episcopaa

1255 3312 1335 3345 lium
1357 3320 1513 3344 manuum
1538 3310 1781 3352 impositionem
1793 3308 1934 3350 imprimi
1946 3333 1958 3348 ,
1971 3305 2051 3353 ¹haec
2061 3306 2129 3341 dari

1256 3374 1309 3406 per
1332 3359 1536 3403 Episcopales
1558 3360 1679 3394 litteras
1693 3384 1703 3400 ,
1730 3360 1783 3393 seu
1806 3357 1968 3392 solemnes
1979 3357 2133 3392 collatio-

1257 3413 1306 3446 nis
1327 3420 1383 3443 aut
1407 3408 1659 3452 dispensationis
1684 3406 1875 3443 codicillos.

1307 3460 1351 3496 Et
1361 3459 1441 3495 hinc
1449 3459 1489 3495 ad
1502 3459 1663 3503 praefatam
1673 3458 1883 3504 quaestionem
1894 3456 2061 3504 respondit
2082 3458 2134 3501 Jo-

1987 3517 2086 3545 annes
