2366 3756
86 1293 173 1334 Epist·
181 1304 208 1331 4!

85 1632 136 1671 Ep.
155 1632 206 1667 4ιέ

93 1941 141 1976 Ep.
164 1941 210 1978 56..

92 2221 145 2259 ΕΡ.
166 2222 231 2252 161·

104 2835 154 2869 Ep.
171 2832 233 2866 ¹65·

105 3064 146 3099 ΕΡ
168 3071 229 3095 170.

916 137 1397 182 DICTATUS.

1906 155 2001 199 379

260 229 324 261 fint
335 237 442 261 ramus
464 227 529 260 fine
540 234 664 263 >trunco
675 248 686 266 ,
712 224 800 258 rivus
811 224 877 257 fine
889 222 981 256 fonte
991 247 1001 263 ‚
1030 222 1137 256 radius
1181 229 1186 255 ῐ
1198 221 1307 264 quibus
1317 221 1464 263 Epistolas
1475 223 1648 265 apostolicas
1661 226 1756 267 missas
1777 230 1883 259 tenetis
1907 226 1941 258 (9²
1953 227 2050 269 legitis
2062 252 2074 268 ,

260 278 325 310 fine
345 278 411 313 sole
425 300 432 308 .
462 276 504 311 Et
528 276 561 309 in
578 274 724 320 Epistola
748 274 789 307 ad
801 272 992 316 Jubajanum
1008 273 1140 316 Episco-
1201 275 1235 307 (θ’
1244 271 1405 315 secundum
1420 272 1503 316 ipsas
1524 285 1578 307 vos
1600 280 1701 308 vivere
1721 276 1842 309 dicitis?
1872 276 1913 309 Et
1934 277 1966 309 in
1987 277 2074 311 libris

261 339 339 370 pum
365 341 371 360 :
399 325 526 368 Ecclesia
543 324 580 364 est
607 335 667 357 una
692 348 703 364 ‚
728 322 860 366 &super
882 333 973 357 unum
997 347 1007 362 ‚
1033 328 1084 367 qui
1107 324 1140 356 (θ’

1202 322 1352 356 adversus
1375 321 1574 358 petilianum
1596 336 1603 355 :
1630 327 1661 357 Si
1680 327 1703 358 ἃ
1723 337 1769 358 me
1790 337 1907 367 quaeras
1933 350 1944 366 ‚
1969 327 2072 368 quibus
2093 302 2155 374 551?
2168 312 2229 335 ²⁰⁶⁹

260 381 361 412 claves
386 383 497 419 accepit
511 399 521 416 ,
547 378 670 409 Domini
683 385 751 409 voce
766 373 906 415 fundata
920 397 926 404 .
954 372 1048 405 Hinc
1059 373 1140 415 quis-
1194 371 1349 418 fruc'libus
1363 383 1418 404 vos
1434 373 1515 414 lupos
1529 381 1654 416 rapaces
1666 375 1716 418 ‘'ffi’
1727 374 1924 418 cognoscamus
1937 399 1947 414 ‚
1973 371 2083 416 objicit

259 429 332 471 quis
345 438 421 461 cum
433 426 494 461 isto
518 437 586 459 uno
600 435 669 458 non
681 423 925 467 communicat,
952 433 1020 456 non
1046 422 1091 458 est
1106 422 1138 455 in

259 478 402 512 Ecclefia
413 503 420 509 .
449 476 492 511 Et
505 477 544 508 de
556 477 652 509 fratre
674 474 734 507 suo
748 474 866 516 Satyro
880 497 891 513 ‚
917 472 1002 515 apud
1023 472 1141 507 Sardos

259 519 415 573 baptizari
438 525 626 570 cogitante,
653 523 764 557 scribit
787 523 822 570 19
844 523 912 565 ejus
936 522 1063 558 funebri
1078 522 1143 555 Eni

259 578 371 610 comio
384 577 518 611 Sanetus
532 573 748 611 Ambrosius:
776 574 944 607 Advocavit
966 570 1046 615 adse
1069 575 1143 613 Epi-

256 626 397 669 scopum,
421 637 473 661 nec
497 626 588 658 ullam
615 635 721 657 veram
740 628 869 664 putavit
893 621 950 662 nifi
969 633 1051 660 verae
1069 620 1143 663 fidei

255 682 390 722 gratiam
400 701 411 716 ,
433 672 694 718 percunciatusque
707 684 745 706 ex
761 684 793 705 eo
804 671 842 712 est
857 696 867 712 ,
896 672 1067 710 utrumnam
1078 683 1143 704 cum

262 726 424 760 Catholicis
449 724 623 768 EpiscopIs,
649 722 701 756 boc
725 722 785 763 est,
810 734 874 755 cum
898 726 1033 755 Romana
1047 721 1144 754 Eccle-

259 775 306 820 fia
316 781 483 809 conveniret
497 800 504 807 .
528 778 574 807 Et
590 773 673 814 sorte
697 773 787 806 adid
798 773 921 811 locorum
941 777 973 805 in
985 770 1145 814 schismate

262 831 388 869 regionis
412 827 492 863 illius
533 821 659 865 Ecclesia
682 830 749 857 erat
766 845 774 854 .
818 820 939 863 Lucifer
966 819 1100 864 enimse
1125 822 1146 855 ἃ

261 874 359 914 nostra
393 883 460 908 tunc
486 878 624 916 temporIs
658 876 856 906 communione
882 870 1031 913 diviserat
1056 895 1063 903 .
1099 873 1146 908 Et

261 935 442 968 quamquam
465 933 523 966 pro
545 923 606 966 fide
628 924 766 965 exulasset
792 946 804 963 ,
829 924 864 955 ὁ·
897 921 970 964 fidei
991 919 1054 963 suae
1079 920 1146 952 reli-

261 974 363 1018 quisset
389 974 523 1008 haeredes
541 997 553 1019 ,
577 984 635 1008 non
653 978 782 1015 putavit
798 981 898 1009 tamen
924 971 1017 1013 fidem
1040 968 1092 1015 effe
1114 975 1146 1006 in

260 1023 424 1067 Schismate
447 1049 454 1056 .
495 1024 642 1056 Omnem
666 1023 685 1052 a
711 1022 868 1059 Romana
906 1019 1146 1055 communione

263 1075 411 1108 aversum
437 1074 569 1115 Satyrus
595 1069 692 1108 duxit
718 1080 788 1103 non
823 1068 887 1102 effe
912 1066 1147 1108 Catholicum,

262 1124 297 1158 &
313 1125 446 1161 Sanetus
470 1120 663 1161 Ambrosius
685 1117 880 1158 confirmat.
907 1117 1093 1151 Confirmat
1115 1118 1148 1150 ὃ(

262 1174 298 1207 in
324 1173 441 1206 litteris
463 1171 504 1206 ad
516 1171 730 1212 Imperatores
747 1167 949 1201 ⁴Gratianum
963 1192 973 1207 ,
1001 1166 1150 1203 Valenti-

261 1224 401 1261 nianum
429 1219 607 1254 secundum
623 1242 634 1259 ,
660 1229 698 1251 ac
719 1217 885 1262 Magnum
898 1216 1126 1251 Theodofium
1140 1228 1150 1248 .-

263 1275 368 1310 Totius
406 1269 484 1304 orbis
523 1271 651 1306 Romani
669 1275 756 1309 caput
788 1271 953 1300 Romanam
974 1266 1151 1311 Ecclesiam,

264 1331 356 1363 atque
381 1322 465 1353 illam
499 1317 715 1363 sacrosanc‘lam
751 1317 941 1359 Apostolorum
962 1318 1053 1360 fidem
1082 1340 1092 1356 ,
1117 1328 1153 1349 ne

264 1372 385 1408 turbari
392 1369 471 1412 finat
485 1393 496 1409 ,
521 1367 702 1412 obsecranda
722 1366 760 1407 est
774 1367 870 1407 vestra
890 1368 1058 1406 Clementia
1072 1391 1079 1398 .
1104 1370 1152 1400 In·

264 1423 302 1454 de*
331 1427 411 1454 enim
434 1424 464 1458 in
477 1430 574 1452 omnes
599 1418 783 1454 veneranda
800 1422 1009 1450 communionis
1026 1419 1100 1457 Jura
1110 1418 1154 1449 di·

261 1480 410 1504 manant.
439 1470 545 1515 lpsam
570 1467 725 1503 effedicit
746 1466 912 1508 radicem,
938 1468 1088 1513 fontem,
1117 1477 1154 1505 ac

263 1530 415 1559 centrum
431 1521 536 1559 totius
548 1517 728 1556 Catholicae
739 1517 988 1553 communionis
999 1541 1007 1551 .

315 1570 420 1618 Qod
443 1571 548 1613 ipsum
560 1567 816 1607 constantissime
829 1567 928 1605 tradit
941 1567 1077 1605 Sanetus
1090 1563 1155 1596 Au-

266 1620 420 1662 gustinus
441 1620 474 1653 in
490 1619 607 1657 litteris
621 1619 661 1652 ad
675 1617 928 1655 Madaurenses:
955 1616 1073 1653 Videtis
1083 1613 1157 1650 mul-

266 1663 312 1701 sos
328 1660 466 1709 prs‘ecins
497 1669 519 1702 ᾶ
541 1668 644 1700 radice
668 1663 850 1703 Christianae
876 1664 1028 1706 societatis
1052 1687 1063 1703 ,
1088 1674 1155 1706 quae

260 1725 319 1759 per
336 1710 428 1748 'Sedes
450 1713 644 1754 Apostolorum
667 1713 701 1745 Θ
719 1710 895 1752 succefflones
936 1713 1150 1757 Episcoporum

265 1772 346 1798 certa
362 1772 418 1806 per
444 1762 542 1800 orbem
560 1766 780 1804 propagauone
799 1761 979 1802 diffunditur
1004 1787 1015 1802 ,
1042 1763 1077 1796 de
1094 1760 1157 1805 sola

263 1815 364 1859 figura
386 1818 506 1857 originis
524 1809 582 1854 sub
594 1809 762 1850 christiano
784 1818 903 1844 nomine
928 1812 1014 1854 quafi
1026 1811 1157 1855 arescen-

267 1871 314 1898 tia
334 1862 490 1907 sarmenta
509 1861 636 1904 gloriari
659 1884 670 1900 ‚
695 1871 772 1903 quas
795 1859 917 1905 baereses
940 1862 973 1893 t&
990 1860 1153 1904 schismata

268 1919 477 1949 nominamus.
506 1912 550 1945 Et
573 1911 608 1944 in
621 1910 738 1948 litteris
761 1908 802 1945 ad
818 1909 1040 1948 Dioscorurn:
1067 1912 1157 1946 Fidei

269 1969 434 2005 Imperator
456 1961 699 2001 Clementiffimus
724 1962 758 1994 ἀν
768 1969 825 2002 per
837 1963 1013 1996 Conventus
1037 1959 1157 1992 celeber·

269 2020 360 2047 rimos
377 2013 552 2059 populorum
572 2014 806 2052 atquegentiutn
821 2033 832 2049 ‚
858 2007 1002 2051 sedesque
1018 2005 1156 2048 Apostolo-

268 2074 336 2098 rum
347 2087 358 2102 ,
384 2073 451 2094 arce
464 2060 652 2094 auc‘loritans
665 2064 800 2092 munivit
814 2061 844 2090 E
845 2057 972 2098 cclefiam
984 2080 990 2091 ρ
1018 2056 1057 2091 In
1070 2055 1155 2091 litte-

270 2115 314 2147 rit
334 2109 374 2145 ad
399 2109 509 2145 nescio
530 2118 628 2152 quem
643 2106 856 2142 Donatistam
870 2106 1071 2151 Episcopum
1088 2105 1158 2140 Ho-

270 2169 424 2195 noratum
446 2158 556 2196 laudat
583 2167 698 2197 omnes
721 2178 732 2198 ‚
760 2155 880 2201 quibus
907 2154 1061 2199 Apostoli
1087 2155 1158 2191 scri-

272 2212 422 2255 pserunt,
453 2207 636 2245 Ecclefias‚
661 2216 699 2239 ac
722 2206 849 2251 pergit.-
879 2205 999 2248 ,Quibus
1024 2203 1158 2239 omnibus

273 2259 406 2302 Ecclefiis
420 2271 470 2295 nos
485 2257 569 2291 hodie
580 2260 790 2292 communicare
809 2254 994 2297 manifestum
1005 2253 1043 2296 est
1058 2279 1068 2295 ,
1088 2252 1159 2297 ficut

273 2309 463 2353 manifestum
475 2307 512 2348 est
523 2318 576 2340 vos
589 2307 649 2339 illis
661 2317 718 2339 non
728 2310 944 2339 communicare.
960 2305 998 2339 ln
1012 2303 1158 2346 sequenti

274 2360 315 2395 ad
342 2360 447 2403 plures
459 2355 712 2394 Donatistarum
726 2354 901 2391 Antistites
917 2353 1063 2399 Epistola
1087 2353 1159 2387 scri-

275 2409 323 2444 bit
347 2409 561 2445 Caecilianurn
574 2404 866 2450 Carthaginensem
892 2404 1091 2448 Episcopum
1106 2410 1156 2444 po-

275 2459 356 2502 tuisse
384 2470 442 2494 non
451 2468 557 2491 curate
567 2453 781 2499 conspirantem
800 2454 1019 2487 multitudinem
1028 2458 1156 2487 inimico·

274 2521 363 2550 rum,
389 2509 452 2543 cum
472 2506 504 2550 se
516 2507 638 2539 ‘videret'
660 2506 693 2540 (9·
707 2507 849 2538 Romanae
871 2502 1023 2545 Eccleli‘ae,
1045 2507 1078 2536 in
1097 2513 1157 2545 qua

276 2662 363 2691 venit
374 2681 385 2697 ‚
406 2665 462 2701 per
474 2658 744 2691 communicatorias
755 2654 874 2689 litteras
890 2653 940 2698 effe
950 2652 1153 2693 conflandum.

279 2707 319 2743 In
332 2706 479 2750 Epistola
502 2705 542 2739 ad
554 2704 759 2738 Generosum
781 2703 865 2739 texit
877 2702 1010 2745 plenum
1031 2700 1155 2736 Roma-

278 2767 362 2792 num
382 2755 617 2799 Episcoporum
646 2752 846 2797 Catalogum
866 2776 876 2792 ,
902 2752 937 2785 δε
964 2751 1155 2795 subjungit.-

279 2811 319 2843 In
340 2805 391 2839 hoc
402 2806 503 2839 ordine
521 2804 692 2848 succeffionIs
713 2803 810 2836 nullus
824 2800 978 2843 Donatista
993 2800 1153 2844 Episcopus

279 2860 454 2894 invenitur,
478 2852 534 2899 sed
553 2864 589 2888 ex
611 2850 780 2896 transverso
801 2863 839 2885 ex
861 2851 964 2893 Africa
985 2853 1155 2886 ordinatum

281 2906 426 2949 miserunt
438 2929 449 2944 ‚
476 2908 525 2947 qui
533 2908 636 2945 paucis
643 2902 805 2946 piraefidens
818 2900 902 2943 Afris
915 2907 947 2935 in
955 2901 1026 2936 urbe
1038 2905 1132 2935 Roma
1142 2925 1152 2941 ,

281 2954 475 2996 Montenst‘um
498 2955 736 2994 velRupitarum
760 2952 931 2986 vocabulum
951 2956 1152 2995 propagavit.

281 3005 327 3041 Et
351 3005 387 3038 in
407 3004 525 3038 litteris
545 3002 585 3037 ad
609 3002 898 3047 consanguineum
921 3002 1012 3036 suum
1039 3000 1154 3035 Severi-

281 3065 382 3089 num:
410 3055 485 3087 Cicm
508 3053 551 3086 illi
570 3077 581 3093 ‚
607 3050 773 3086 Caeciliani
796 3053 938 3087 fautores
962 3075 973 3092 ,
999 3056 1155 3085 invenian-

280 3115 332 3139 tur
355 3105 437 3139 intus
460 3107 671 3137 communicare
693 3101 824 3144 Ecclefiis
837 3101 1024 3144 Apostolicis‚
1050 3102 1093 3135 illi
1105 3112 1156 3134 au-

281 3165 342 3189 tem
363 3154 445 3198 foris
474 3151 556 3195 pofiti
575 3176 586 3192 ‚
612 3153 646 3185 &
669 3150 706 3184 ab
736 3152 788 3184 illa
809 3158 1003 3186 communione
1020 3150 1156 3196 separati

276 3205 335 3247 sint
360 3229 371 3246 ‚
396 3208 464 3247 quis
489 3213 546 3236 non
567 3201 712 3245 intelligat
744 3212 790 3235 eos
815 3201 942 3245 habuiffie
962 3199 1081 3246 causam
1108 3202 1154 3234 bo·

281 3266 375 3296 nam,
400 3258 451 3297 qui
462 3265 527 3287 eam
547 3252 632 3294 apud
644 3252 753 3284 medios
761 3252 792 3295 J
793 3252 888 3286 udices
914 3252 1039 3285 obtinere
1057 3260 1155 3294 potue-

279 3306 377 3340 runt?
403 3305 447 3338 Et
470 3303 505 3338 in
527 3301 616 3336 libris
638 3300 679 3335 de
700 3301 866 3344 Baptismo
886 3301 995 3337 scribit
1020 3301 1060 3336 ad
1084 3313 1157 3336 om-

106 3370 139 3400 1,
154 3379 180 3397 2,
199 3375 225 3399 ς,
233 3371 260 3398 6.
280 3367 338 3392 nes
348 3352 558 3390 Donatistas:
587 3354 690 3395 ,Quare
702 3363 759 3386 non
769 3358 982 3387 communicatis
997 3351 1130 3394 Ecclefiis
1142 3375 1154 3392 ‚

272 2559 391 2604 semper
402 2557 565 2599 Apostolicae
589 2554 752 2589 cathedra
766 2558 865 2597 vIguit
882 2556 1074 2595 Principum:
1085 2575 1096 2592 ‚
1123 2554 1156 2586 Θ

276 2613 393 2643 eaeteris
411 2611 520 2646 terris,
546 2606 625 2639 unde
638 2605 839 2646 Evangelium
862 2604 906 2636 ad
914 2601 1010 2645 ipsam
1023 2601 1155 2646 Africam

1202 421 1372 465 schismatis
1385 427 1521 463 crimen,
1543 426 1663 465 quodtu
1674 427 1817 470 negabis,
1842 437 1894 469 ego
1897 425 2000 464 stasim
2004 433 2074 467 pro·

1205 472 1298 507 babo,
1325 475 1432 513 Neque
1440 478 1519 505 enim
1532 480 1728 509 communicas
1739 475 2014 518 omnibusgentibus
2040 477 2080 511 θ

1205 519 1338 562 Ecclesiis
1350 521 1504 563 Apostolico
1528 522 1625 556 labore
1628 523 1773 563 fundatis
1785 549 1792 555 .
1821 525 1864 558 Et
1875 525 1957 558 infra
1977 520 2109 574 iqeo0

1205 572 1280 604 dem
1298 569 1392 603 libro:
1402 571 1556 605 Catbedra
1565 572 1619 605 tibi
1632 576 1708 615 quid
1707 574 1783 615 fecit
1795 577 1935 611 Romanae
1946 573 2078 616 Eccleli‘ae
2096 589 2168 626 Cap,
2183 593 2230 625 5¹1:

1204 622 1256 655 vel
1265 620 1398 665 Ecclefiae
1411 621 1676 664 Hierosolymitanae
1689 648 1699 664 ,
1725 624 1830 666 quibus
1842 635 1893 656 nos
1903 628 1939 656 iel·
1947 624 2081 657 Catholi-

1205 674 1368 706 ca'unitate
1378 672 1572 704 connecVimur
1587 696 1597 712 ,
1621 675 1656 707 ό·
1667 675 1686 705 ἃ
1697 674 1802 716 quibus
1814 685 1866 707 vos
1877 673 2079 717 nefariofuro-

1205 731 1237 753 re
1244 718 1403 762 separastis
1420 722 1432 753 ?
1444 724 1549 764 ,Quare
1563 725 1695 764 appellas
1707 724 1891 760 cathedram
1893 723 2079 767 pestilentiae,

1205 769 1394 803 eatbedram
1416 770 1602 812 Apostoltcam
1625 774 1637 805 ἒ
1665 773 1707 806 Et
1733 775 1767 806 in
1805 774 1896 807 libris
1928 774 2079 808 adversus

1209 820 1444 855 Cresconium:
1473 825 1539 864 ,Ego
1559 827 1591 854 in
1602 821 1730 862 Ecclesia
1742 821 1828 867 sum,
1852 824 1936 863 cujus
1946 823 2080 856 membra
2099 825 2229 863 Lib.3-c-

1203 867 1395 913 sunr-omnes
1417 871 1550 913 Ecclefiae
1574 895 1583 911 ‚
1610 883 1685 914 quas
1707 883 1745 905 ex
1763 872 1912 906 laboribus
1940 872 2081 914 Apostolo—
2100 876 2147 904 35·

1209 931 1275 954 rum
1300 929 1390 953 natas
1401 931 1490 963 atque
1501 921 1640 964 firmatas
1656 921 1747 966 fimul
1753 928 1785 955 in
1801 923 1910 956 litteris
1923 927 2080 956 canonicis

1209 974 1366 1002 novimus.
1394 970 1527 1005 Affidue*
1549 971 1665 1014 probat
1689 975 1719 1007 se
1743 984 1818 1007 cum
1840 973 1902 1006 suis
1931 972 2081 1016 Collegis

1210 1016 1420 1054 Catholicum
1448 1045 1459 1063 ‚
1496 1022 1687 1057 Donatistas
1718 1032 1830 1056 autem
1857 1024 1919 1056 effe
1942 1022 2081 1055 Errones

1211 1076 1306 1110 atque
1332 1070 1580 1111 Schismaticos‚
1605 1070 1693 1115 quod
1718 1072 1784 1115 ipse
1805 1072 2085 1111 communicaret,

1211 1113 1247 1153 hi
1280 1127 1349 1150 non
1394 1122 1673 1157 communicarent
1701 1120 1903 1165 Apostolicis
1936 1121 2085 1155 Ecclefiis
2143 1136 2146 1141 ’

1212 1166 1246 1198 &
1267 1165 1405 1199 Sedibus
1431 1192 1442 1207 ,
1470 1169 1636 1211 praesertim
1660 1172 1816 1204 Romanae
1845 1171 1991 1205 Ecclessae
2013 1195 2024 1209 ‚
2050 1170 2086 1203 iu

1213 1226 1276 1259 qua
1299 1214 1496 1257 Apostolicae
1509 1216 1677 1250 Cathedrae
1700 1219 1967 1261 fitPrincipatus.
1994 1219 2089 1252 Hinc
2109 1236 2111 1240 Α

1214 1264 1301 1298 enim
1325 1265 1426 1307 ipsam
1453 1264 1629 1301 maledicus
1653 1264 1833 1301 Petilianus
1852 1267 2028 1302 blaterabat
2047 1266 2090 1301 ess

1216 1316 1246 1348 se
1268 1313 1466 1351 Cathedram
1493 1315 1678 1359 pestilentiae
1692 1340 1699 1346 .
1725 1317 1828 1362 Qod
1852 1317 1958 1359 ipsum
1980 1315 2093 1350 adver-

1215 1363 1267 1398 sus
1293 1364 1397 1408 plures
1426 1364 1561 1408 Europae
1586 1365 1769 1408 Episcopos
1791 1390 1802 1406 ,
1828 1367 1885 1408 qui
1910 1365 1956 1401 ob
1976 1365 2089 1400 admiss

1217 1416 1281 1448 sam
1303 1415 1321 1448 a
1335 1415 1487 1448 Romana
1499 1415 1641 1451 Ecclefia
1664 1414 1897 1450 damnatricem
1917 1416 2016 1450 trium
2028 1415 2091 1449 Ca-

1217 1464 1393 1507 pitulorum
1419 1466 1568 1508 quintam
1597 1465 1768 1509 Synodum
1789 1466 1830 1500 ab
1854 1465 1919 1508 ejus
1944 1476 2092 1500 commu-

1218 1515 1318 1547 nione
1340 1515 1373 1546 se
1396 1514 1647 1558 suspenderant,
1675 1516 1790 1548 acriter
1811 1516 1958 1548 urserunt
1981 1516 2014 1548 in
2027 1515 2092 1549 suis

1217 1562 1338 1598 litteris
1354 1562 1506 1606 Pelagius
1527 1564 1650 1609 primus
1676 1574 1713 1597 ac
1741 1563 1892 1608 Pelagius
1913 1563 2093 1606 secundus,

1216 1611 1363 1653 adeoque
1389 1612 1422 1645 ὅ(
1448 1611 1592 1657 Magnus
1614 1612 1812 1659 Gregorius.
1838 1611 1982 1648 Secundi
2003 1614 2094 1649 enim

1218 1661 1345 1705 Pelagii
1360 1660 1507 1704 Epistola
1525 1662 1570 1696 est
1582 1661 1648 1705 ejus
1659 1674 1740 1707 opus
1752 1688 1759 1696 .
1774 1676 1777 1681 s

1267 1711 1311 1744 Et
1327 1709 1404 1744 hinc
1419 1710 1505 1746 lucet
1519 1711 1704 1748 Romanam
1721 1713 1894 1748 Ecclesiam
1908 1713 1924 1746 ὲ
1936 1714 2017 1748 resta
2029 1712 2095 1747 fide

1217 1761 1280 1795 esse
1302 1760 1509 1798 immobilem
1532 1771 1629 1806 atque
1657 1763 1922 1800 indeclinabilem
1946 1789 1952 1795 .
1981 1763 2024 1796 Et
2048 1763 2095 1797 ita

1217 1810 1357 1845 omnino
1369 1819 1516 1856 oportet.
1545 1812 1601 1849 Est
1616 1813 1713 1847 Petra
1727 1837 1737 1853 ,
1760 1815 1852 1857 supra
1868 1823 1966 1857 quam
1979 1813 2097 1846 Domi-

1218 1872 1280 1895 nus
1300 1861 1451 1897 fundavit
1474 1873 1607 1896 omnem
1635 1862 1808 1898 Ecclesiam
1821 1888 1831 1905 ,
1856 1863 1991 1906 &cujus
2003 1862 2096 1896 causa

1218 1922 1278 1944 nec
1303 1911 1481 1947 inferorum
1505 1923 1603 1956 portae
1626 1913 1743 1955 poffint
1765 1913 1915 1948 adversus
1926 1913 2010 1946 hanc
2023 1923 2099 1955 prae-

1219 1959 1343 1992 valere.
1374 1960 1449 1995 Ubi
1472 1962 1594 1996 mobile
1615 1963 1864 1998 fundamentum
1891 1988 1902 2003 ,
1927 1962 2098 2005 quomodo

1218 2008 1256 2039 fit
1267 2007 1440 2044 immobile
1455 2009 1625 2044 aedificium
1640 2012 1656 2040 ἓ
1682 2013 1754 2045 Nec
1766 2012 1897 2046 tantum
1911 2012 2093 2050 immobilis

1218 2054 1252 2090 in
1266 2053 1348 2094 fide,
1375 2055 1428 2088 sed
1440 2058 1538 2090 etiam
1552 2059 1586 2090 in
1611 2060 1665 2092 sua
1680 2062 1918 2097 communione
1930 2062 2026 2095 debet
2036 2060 2098 2094 effe

1218 2102 1428 2139 immaculata
1443 2113 1538 2150 atque
1559 2105 1827 2140 immaculabilis.
1854 2109 1902 2142 Ita
1927 2111 1962 2142 in
1986 2109 2096 2143 litteris

1218 2152 1257 2189 ad
1272 2152 1477 2189 Anastafium
1490 2154 1720 2198 Imperatorem
1731 2180 1741 2196 ,
1764 2157 1920 2192 maculofi
1935 2157 2099 2193 Conssan-

1217 2203 1431 2246 tinopolitani
1454 2202 1607 2248 Episcopi
1633 2205 1747 2239 Acacii
1774 2217 1895 2240 nomen
1919 2208 2018 2250 recipi
2041 2220 2099 2242 vo·

1219 2253 1339 2287 lentem
1352 2277 1362 2292 ,
1383 2253 1531 2286 'omnino
1544 2256 1681 2289 affirmat
1698 2264 1795 2298 atque
1807 2255 1948 2291 ostendit
1963 2258 2095 2296 SanCius

1219 2298 1380 2339 Pontifex
1408 2302 1571 2337 Gelafius:
1599 2307 1667 2336 Una
1680 2304 1718 2345 est
1729 2306 1860 2339 columba
1870 2318 1935 2341 mea
1949 2330 1959 2346 ,
1985 2320 2047 2341 una
2058 2308 2094 2349 est

1217 2351 1352 2393 perfec‘la
1374 2363 1441 2385 mea
1452 2377 1462 2393 ,
1490 2363 1550 2386 una
1561 2353 1598 2386 eli
1610 2353 1781 2395 Christiana
1788 2356 1862 2398 fides
1873 2381 1884 2396 ,
1910 2369 1977 2400 quae
1989 2358 2024 2398 est
2035 2363 2096 2393 Ca·

1223 2400 1329 2435 tholica
1354 2425 1360 2435 .
1394 2401 1549 2436 catholica
1568 2413 1668 2438 autem
1689 2411 1832 2439 veraciter
1857 2407 1911 2440 illa
1932 2407 1968 2447 est
1988 2433 1998 2448 ,
2027 2420 2093 2450 quae

1221 2450 1260 2483 ‘ab
1274 2456 1402 2483 omnium
1408 2451 1585 2493 perfidorum
1594 2478 1605 2494 ‚
1634 2462 1725 2496 atque
1737 2455 1776 2488 ab
1794 2467 1888 2489 eorum
1894 2455 2093 2501 successoribus

1220 2509 1312 2543 atque
1331 2499 1509 2543 consortibus
1528 2510 1627 2545 pura,
1649 2504 1757 2547 fincera
1775 2530 1785 2545 ,
1811 2509 2000 2540 immaculata
2019 2519 2092 2543 com-

1215 2555 1351 2584 munione
1375 2549 1476 2594 divisa
1496 2551 1534 2592 est
1558 2577 1565 2584 .
1606 2555 1739 2596 Alioquin
1765 2566 1823 2588 non
1853 2562 1910 2590 erit
1932 2561 2091 2592 Divinitas

1220 2601 1373 2634 mandata
1392 2599 1523 2644 discretio
1545 2626 1556 2641 ,
1578 2601 1635 2645 sed
1654 2603 1826 2647 miseranda
1851 2606 1971 2648 confusio
1993 2632 2001 2639 .
2026 2613 2090 2643 Nec

1217 2651 1279 2684 ulla
1300 2649 1386 2693 causa
1400 2653 1470 2692 jam
1489 2649 1635 2694 superest,
1658 2653 1687 2698 fi
1701 2654 1795 2687 hocin
1818 2656 1939 2697 quolibet
1959 2664 2090 2703 contagio

1216 2701 1398 2734 voluerimus
1419 2702 1578 2735 admittere
1589 2725 1600 2741 ‚
1626 2714 1662 2736 ne
1680 2704 1790 2737 cannis
1810 2705 1961 2748 baerefibus
1974 2710 2090 2742 aditum

1212 2752 1399 2793 januamque
1405 2753 1581 2792 pandamus
1600 2775 1606 2784 .
1636 2754 1701 2797 ,Qui
1711 2760 1791 2787 enim
1803 2761 1834 2788 in
1850 2767 1905 2789 uno
1915 2757 2065 2799 offenderit
2077 2783 2088 2798 ‚

1215 2806 1344 2833 omnium
1365 2811 1430 2834 reus
1452 2800 1507 2840 est.
1533 2803 1577 2833 Et
1600 2809 1651 2844 qui
1672 2808 1796 2837 minima
1811 2804 1928 2848 sperm‘t
1948 2831 1959 2847 ‚
1982 2808 2087 2849 paula-

1215 2856 1269 2882 tim
1282 2851 1393 2883 decidit
1405 2875 1412 2882 .
1441 2855 1499 2884 Hoc
1521 2850 1558 2891 est
1569 2854 1649 2894 quod
1656 2854 1744 2886 sedes
1762 2854 1915 2896 apostolica
1938 2865 2086 2899 magnope-

1216 2902 1366 2940 recavet,
1394 2908 1427 2934 ut
1438 2906 1508 2943 quia
1529 2904 1638 2935 mundo
1658 2904 1750 2937 radix
1775 2904 1812 2945 est
1826 2905 1945 2945 Apostoli
1959 2904 2086 2949 gloriosa

1216 2950 1356 2992 confeffio,
1382 2951 1465 2984 nulla
1484 2956 1563 2986 rima
1570 2958 1739 2993 pravitatis
1750 2976 1760 2992 ‚
1789 2955 1870 2986 nulla
1888 2956 2010 2996 prorsus
2022 2966 2087 2989 con·

1216 3005 1331 3045 tagione
1351 3002 1510 3034 maculetur
1530 3027 1536 3034 .
1567 3005 1653 3033 Nam
1671 3002 1713 3043 fi,
1741 3005 1817 3045 quod
1839 3006 1916 3037 Deus
1937 3014 2060 3038 avertat
2073 3031 2085 3048 ,

1217 3051 1296 3094 quod
1307 3050 1377 3092 fieri
1402 3061 1458 3084 non
1477 3050 1552 3093 poffe
1571 3052 1760 3092 confidimus,
1788 3053 1847 3086 tale
1867 3056 1942 3097 quid
1948 3060 2085 3096 proveni-

1216 3109 1280 3141 ret,
1305 3101 1384 3134 unde?
1406 3105 1540 3143 cuiquam
1559 3100 1681 3143 resistere
1702 3103 1875 3136 auderemus
1896 3106 2007 3138 errori?
2031 3105 2087 3138 Vel

1217 3152 1296 3184 unde
1306 3149 1504 3184 correc‘l'ionem
1516 3152 1684 3186 errantibus
1690 3151 1871 3195 posceremus
1883 3155 1895 3187 ?
1921 3155 2003 3201 Q&
2015 3154 2085 3189 lon-

1219 3212 1299 3245 gum
1321 3200 1437 3233 Graecae
1463 3201 1494 3234 δε
1520 3200 1644 3235 Latinae
1665 3202 1808 3235 Ecclefiae
1827 3203 2085 3249 exstingueretur

1220 3250 1353 3284 schisma
1372 3275 1383 3291 ,
1409 3249 1442 3283 &
1464 3250 1520 3284 illa
1540 3251 1581 3284 ad
1601 3251 1696 3294 hujus
1718 3252 1833 3286 rediret
1855 3265 1966 3297 pacem
1988 3264 2085 3296 atque

1218 3299 1460 3340 obedientiam,
1487 3301 1616 3335 unicam
1639 3301 1866 3338 conditionem
1888 3303 2086 3347 exposcebat

1220 3351 1396 3396 Imperator
1406 3349 1605 3387 Anastafius:
1616 3351 1669 3388 Ut
1679 3349 1794 3388 Aeacii
1804 3352 1948 3390 defuncti
1961 3364 2088 3391 nomen

2001 3403 2038 3438 in

2117 2316 2198 2355 Epist.
2209 2323 2240 2349 8-
