2366 3756
225 2219 234 2231 ·
295 2219 398 2244 tamen
419 2210 485 2249 ejus
507 2213 541 2240 in
567 2206 749 2251 Psalmodiis
777 2218 834 2239 non
859 2205 978 2250 sustulit
998 2232 1009 2249 ‚

116 2631 183 2663 Lib.
199 2639 227 2669 3·
254 2639 278 2662 c.

386 133 486 175 206

318 216 462 245 nomen.
489 206 533 240 Et
553 204 725 249 quomodo
747 204 959 249 hacinparte
968 204 1194 248 delinquentes

317 255 508 295 Monachos
530 263 587 290 aut
608 255 755 292 clericos
779 255 884 295 edixit
905 255 923 289 ὲ
945 254 1062 303 Regiis
1083 254 1194 301 Magi-

709 120 753 168 S.
792 120 1108 168 Gnnooau
1142 134 1380 169 sepum
1416 119 1782 171 P0N1131c1s

1261 207 1372 240 modico
1394 214 1537 241 momento
1555 212 1589 241 in
1609 213 1770 250 perniciem
1789 214 1984 254 pracipitata
2010 210 2139 254 confan-

1261 258 1423 297 derenmr,
1449 259 1693 302 quemadmodum
1714 261 1919 300 Empedoclaeo
1947 261 2133 305 contingebat

318 306 470 343 stratibus
492 306 678 350 puniendos
698 307 712 340 i
738 305 962 340 Ecclefiastica
983 331 994 346 ,
1020 306 1192 350 praesertim
1239 334 1242 343 ,
1253 306 1340 350 globo
1355 331 1367 348 ,
1405 316 1492 350 quem
1513 314 1615 343 ventis
1639 309 1795 350 compreffis
1815 311 1850 343 ό·
1869 310 1975 354 sopitis
1989 312 2104 354 foetum
2118 335 2132 352 ,

315 358 353 392 in
378 354 505 390 Divino
527 357 810 393 Sacramentorum
833 355 1023 392 Ministerio
1043 357 1192 391 commis·

315 406 372 446 st,
396 405 608 442 Sacerdotum
628 405 768 446 deusta,
798 416 864 441 non
890 417 944 450 per
970 406 1094 452 Regios
1119 407 1193 443 Ma-

314 455 491 502 gistratus,
516 456 571 491 sed
595 467 650 501 per
671 456 1037 502 solos1‘Epistoposesse
1047 455 1189 500 judican-

318 506 363 541 da
383 506 418 542 δε
431 506 597 551 punienda
608 507 729 550 semper
739 505 878 543 credidit
893 507 1067 542 Gallicana
1080 507 1194 543 Eccle.

313 555 375 591 fia.
405 556 524 593 Nolim
540 556 663 592 *addere
685 558 863 593 Catelanos
882 567 963 592 tunc
983 556 1135 603 legitimo
1151 557 1190 592 v&

313 604 494 650 catholieo
514 608 574 642 suo
595 606 798 652 Regi³fuiffe
817 606 1188 653 rebelles&apostatas,

310 656 462 707 adeoque
476 656 807 702 &*Regularemiz&>
835 659 1024 695 Saemlarem
1055 659 1189 694 Clerum

309 708 522 751 compulsum
544 706 685 744 ahane
707 708 922 745 rebellionem
943 710 976 744 ὅ(
997 708 1189 754 apostasiam

307 757 346 792 in
359 757 543 802 ipsoetiam
554 758 734 795 tremendo'
751 758 920 794 Sacrificio
941 758 1134 794 firmandam
1153 758 1188 794 δε

307 806 527 852 profitendam
541 832 550 842 .
578 807 704 844 verum
726 807 794 845 hec
814 821 884 844 non
907 810 1051 852 spectant
1061 807 1103 843 ad
1114 819 1188 854 prae·

305 857 379 892 (ens
398 855 577 893 Scholion.
605 858 704 904 Regii
725 860 871 895 nominis
890 859 1128 895 recitationem⁴
1144 860 1187 895 ra-

304 916 380 942 teor
405 908 721 953 essevprofeffionem
747 907 960 946 obedientiae.
988 909 1124 945 Etenim
1149 910 1184 948 in
1209 918 1224 952 ᾗ

304 957 413 995 Miffae
421 959 625 1004 expositione
634 957 745 994 scribit
757 958 961 996 Theodorus
972 959 1184 996 Andidorum

304 1007 486 1054 Episcopus
494 1021 507 1043 t
533 1008 634 1048 Postea
653 1010 859 1052 adclamatio,
884 1010 924 1046 In
945 1010 1184 1055 primissecor-

303 1056 383 1092 dare
393 1059 544 1094 Do'mine
557 1058 809 1105 Archiepiscopi
823 1060 926 1095 nostri
935 1084 943 1092 .
967 1062 1043 1104 'Qua
1055 1060 1182 1104 brfinua·

301 1116 354 1142 tur
371 1107 516 1152 subJec‘Iio
527 1112 572 1144 ad
580 1112 749 1153 Superiores
761 1136 768 1143 .
795 1114 842 1144 Et
852 1120 1069 1145 commemorato
1079 1110 1184 1146 Ponti-

300 1156 349 1202 fici
359 1166 574 1202 communicat,
601 1168 657 1205 qut
667 1161 795 1202 offertin
813 1159 896 1204 fide.
923 1162 967 1195 Et
990 1162 1181 1207 incognitus

255 1221 263 1229 ·
300 1207 447 1253 Scriptor
461 1210 590 1244 Graecus
600 1211 641 1245 de
652 1209 795 1247 vitandis
807 1210 980 1246 haereticis:
1000 1212 1045 1245 Ab
1057 1217 1180 1255 antiquo

301 1266 434 1301 tempore
443 1266 556 1303 accepit
567 1265 625 1295 Dei
637 1261 762 1303 Ecclefia
782 1267 1079 1296 commemorationem
1102 1265 1177 1296 Pon·

298 1308 431 1351 ttficisin
441 1311 541 1349 «dms
550 1310 601 1352 effe
618 1310 786 1352 perfeHam
808 1318 1056 1346 communionem.
1081 1314 1179 1355 Serip-

298 1366 364 1391 tum
376 1358 528 1401 .fiquidem
539 1359 578 1400 est
588 1366 620 1393 in
630 1359 800 1401 expcfitione
813 1362 940 1394 Divtnae
951 1361 1064 1404 Miffae:
1089 1365 1182 1395 Com·

295 1415 439 1442 memorat
455 1409 605 1443 celebrans
628 1409 782 1451 Pontificis
805 1422 931 1452 nomen,
956 1410 1110 1452 ostendens
1131 1411 1178 1446 'ad

294 1459 331 1491 id
343 1482 354 1499 ‚
379 1460 461 1502 quod
473 1457 609 1502 superius
618 1459 656 1499 est
667 1483 678 1499 ,
699 1459 909 1504 subJedionem
921 1485 932 1501 ,
959 1463 993 1495 cb·
1003 1470 1175 1496 communio·

295 1518 363 1541 nem
373 1518 509 1541 mutuam
520 1508 622 1550 infide
644 1520 710 1542 cum
735 1521 767 1543 eo
779 1533 790 1549 ,
818 1511 853 1544 Θ·
871 1515 905 1542 tn
927 1514 1053 1543 Divinis
1076 1512 1174 1551 Myste-

293 1563 351 1591 riis
366 1557 579 1601 succeffionem.
607 1559 725 1593 Fateor
747 1557 835 1592 hanc
844 1558 1042 1595 obedientiae
1053 1561 1180 1604 profes·

294 1608 420 1642 sionem
442 1607 589 1653 legitime
611 1608 680 1643 fieri
698 1609 735 1646 in
746 1609 868 1648 Missa,
893 1609 992 1643 etiam
1004 1619 1096 1645 extra
1111 1611 1176 1646 Ca-

295 1669 442 1692 nonem:
469 1668 503 1692 at
524 1669 651 1692 morem
673 1657 766 1692 hune
783 1658 904 1692 Latina
934 1659 1077 1694 Ecclefia
1108 1660 1174 1703 jam

294 1708 429 1752 pridem<
450 1707 557 1742 omifit
594 1719 637 1741 ex
657 1706 760 1741 causis
793 1706 891 1741 variis
910 1731 924 1748 ,
948 1719 1094 1752 quarumv
1110 1720 1176 1743 una

291 1758 357 1794 effe
378 1756 476 1804 poffit
502 1756 628 1793 multus
648 1758 838 1793 Graecorum
857 1757 942 1793 circa
965 1758 1069 1804 ipsum
1098 1758 1175 1794 abu·

294 1809 348 1845 sus
359 1833 366 1841 .

342 1858 509 1903 Insignem
536 1858 674 1894 abusum
695 1859 848 1894 continet
877 1858 912 1893 in
938 1858 1173 1904 Imperatorem

296 1907 503 1944 Michaelem
521 1909 738 1956 Paleologum
751 1934 761 1950 ,
789 1910 847 1953 qui
865 1910 1080 1945 innocentem
1100 1922 1173 1954 pue-

291 1971 367 1995 rum
390 1960 425 1994 <Sc
451 1960 639 2005 legitimum
670 1960 803 2004 Imperii
832 1958 990 1994 haeredem
1013 1960 1172 2002 ioannem

292 2010 461 2045 Lascarim
482 2010 646 2045 barbarice
671 2020 845 2044 excaecarat
866 2034 878 2051 ,
915 2021 970 2054 per
996 2010 1172 2045 Arsenium

292 2058 520 2095 patriarcham
556 2060 970 2104 Constantinopolitanum
1000 2059 1115 2101 data,
1140 2061 1174 2095 &

292 2121 348 2155 per
359 2109 589 2152 Nicephorum
603 2111 979 2153 Gregorammemorata
991 2109 1148 2142 sententia
1162 2121 1170 2140 :

294 2158 483 2194 Patriarcba
493 2161 592 2191 sacris
601 2159 764 2190 interdixit
773 2161 949 2197 Imperatori
959 2181 972 2197 ‚
996 2163 1173 2196 m-ionem

1058 2214 1173 2243 veritus

296 2272 334 2294 ne
356 2260 406 2293 ille
422 2266 479 2300 per
501 2262 688 2291 iracundiam
703 2262 835 2301 gravius
842 2258 1004 2299 aliquidin
1014 2258 1173 2300 Ecclefiam

293 2308 472 2353 consuleret,
498 2309 575 2342 neve
587 2307 711 2350 fumum
722 2306 851 2351 fugiens
870 2307 1000 2340 incidere
1019 2312 1053 2340 in
1074 2312 1172 2352 ignem

293 2368 441 2405 cogeretur
466 2383 474 2392 .
502 2358 558 2393 Ne
583 2358 679 2401 plene
697 2356 874 2402 degradare
897 2356 1084 2399 videretur,
1109 2358 1173 2392 dis·

291 2408 477 2456 pensatorie
498 2408 638 2452 permifit
657 2408 725 2451 ejus
749 2419 873 2442 nomen
894 2407 1021 2442 recitari
1039 2433 1046 2441 .
1088 2408 1167 2443 Erat

293 2461 459 2506 paradoxa
480 2459 679 2503 dispensatio
692 2484 698 2490 .
716 2458 804 2506 Qis
815 2457 905 2491 enim
915 2469 1063 2500 unquam
1075 2459 1166 2493 audi-

293 2511 344 2547 vit
362 2508 690 2545 excommunicatum
711 2519 832 2543 nomen
854 2508 981 2542 recitari
1003 2509 1044 2543 ad
1058 2508 1171 2544 Altarc

294 2562 328 2597 ἀ
345 2560 549 2596 Sacrificium
561 2562 577 2594 ἓ
599 2559 736 2593 Interim
749 2569 929 2602 expurgare
940 2558 1058 2593 nititur
1067 2558 1167 2594 Geor·

295 2612 370 2657 gius
379 2609 611 2654 pachymeres:
642 2613 718 2643 Fuit
738 2614 770 2642 in
794 2610 878 2642 modo
896 2610 933 2643 6
954 2609 1170 2649 circumstantia

296 2664 430 2707 quadam
451 2660 541 2702 bajas
562 2660 646 2703 sac‘li
664 2683 675 2699 ,
709 2660 788 2702 quod
800 2661 872 2701 ‚iure
893 2664 962 2701 quis
982 2659 1169 2701 reprebende-

294 2722 342 2748 ret
354 2738 361 2744 .
388 2715 408 2745 5
410 2713 449 2746 ed
470 2721 520 2745 nec
542 2710 638 2753 defuit
649 2711 728 2753 quod
734 2710 779 2742 ad
787 2707 999 2752 excusationem
1009 2719 1111 2743 contra
1124 2717 1168 2744 vl-

294 2764 381 2803 clffim
402 2763 577 2804 allegaretur
595 2770 652 2802 pro
664 2760 703 2802 fic
719 2760 877 2804 agentibus
891 2785 902 2800 ‚
927 2762 1007 2802 quod
1014 2763 1102 2794 aliter
1112 2766 1171 2795 vix

295 2811 407 2857 possent
419 2834 426 2841 .
451 2808 659 2851 inconsequens
681 2813 781 2843 videri
787 2815 885 2851 potuit
897 2833 908 2850 ,
927 2817 1171 2845 excommunicato

297 2863 475 2896 nominatim
486 2863 667 2901 Imperatore
678 2883 688 2899 ‚
712 2864 889 2900 permittere
902 2883 912 2899 ,
924 2862 1170 2903 quemadmodum

293 2910 391 2955 fecit,
417 2909 545 2944 clericis
558 2933 569 2948 ,
593 2917 629 2942 ut
651 2906 799 2952 consuetas
817 2917 875 2951 pro
894 2920 926 2942 eo
942 2918 1044 2951 preces
1065 2912 1173 2952 palam

300 2970 336 2995 an
358 2958 454 2995 choro
469 2964 719 3003 pronuntiarent.
753 2963 839 2991 Nam
848 2957 900 2991 boc
918 2968 983 2992 erat
1006 2959 1083 3002 ipsos
1106 2971 1172 2994 cum

297 3021 332 3054 eo
341 3015 373 3044 in
385 3013 405 3045 5
407 3015 484 3043 acris
496 3014 705 3043 communicare
714 3031 724 3048 ,
742 3014 792 3051 qui
802 3009 823 3041 ἃ
831 3015 1029 3043 communione
1040 3009 1171 3054 absi-iffies

297 3060 402 3105 fuerat
426 3085 433 3093 .
460 3061 533 3094 Tum
550 3060 698 3102 praterea?
722 3058 934 3093 patriarcham
954 3058 1051 3102 ipsum
1066 3069 1123 3102 per
1141 3061 1174 3106 fle

302 3114 420 3154 operari
429 3115 472 3144 rei
484 3113 633 3150 Divtnae,
660 3115 693 3142 in
701 3121 762 3153 qua
775 3108 887 3153 J'ciebat
909 3108 1059 3152 honorifice
1070 3124 1174 3147 memo-

303 3161 435 3194 randum
455 3171 521 3193 eum
533 3182 543 3198 ‚
568 3171 654 3202 quem
675 3162 735 3193 diri
757 3158 959 3193 anathematis
981 3163 1113 3195 vinculat
1135 3168 1174 3196 ir-

304 3213 413 3254 retiffet
423 3234 431 3243 .
458 3210 565 3243 Verum
575 3210 620 3242 ad
629 3209 691 3242 baee
703 3209 863 3253 dicipotest
873 3234 884 3251 ‚
895 3213 998 3244 merito
1009 3209 1175 3255 vifiamfuf-

302 3260 389 3306 ficere
400 3260 545 3295 deberein
555 3261 612 3293 tali
627 3258 753 3302 persona
770 3258 964 3303 severitatem
982 3264 1175 3295 animadver-

301 3309 391 3353 fionis
401 3335 412 3352 ‚
434 3321 501 3351 quae
510 3310 629 3353 alequid
635 3307 770 3352 esummo
781 3316 876 3354 rigore
887 3317 1047 3346 remitteret
1056 3338 1063 3344 .
1093 3315 1174 3346 Peri·

305 3362 400 3395 culum
409 3366 488 3395 enim
489 3359 580 3404 fuiffe
589 3384 600 3401 ,
611 3371 647 3394 ne
651 3358 683 3402 fi
686 3361 738 3394 vel
744 3361 914 3402 pauxillum
921 3363 989 3404 plus
1001 3362 1174 3397 acerbitatis

305 3410 515 3456 admisceretur
532 3416 646 3456 negotio
660 3418 717 3455 per
732 3408 768 3455 se
785 3408 879 3454 odioso
900 3433 911 3451 ,
950 3412 1054 3446 cunlla
1066 3412 1176 3454 statim

1250 355 1342 399 fiquis
1358 359 1578 400 imprudentius
1597 358 1790 394 contrec‘laret
1801 382 1812 398 ‚
1838 370 1876 392 ex
1887 371 1919 393 eo
1937 363 2055 403 repente
2061 370 2133 404 pro·

1255 407 1336 441 cellae
1358 412 1503 445 immanes
1516 433 1527 450 ,
1552 410 1658 444 cunda
1677 410 1739 443 late*
1758 409 1979 453 cerquaffantes
2002 433 2014 451 ,
2036 422 2131 447 erum-

1250 457 1386 500 pebant.
1412 457 1611 503 Respondeo
1633 460 1809 494 Arsenium
1832 459 1934 505 longe
1956 459 2131 498 abfuiffesa

1255 507 1293 541 Sa
1299 508 1364 542 nffl
1375 506 1540 544 Ambrofii
1551 511 1734 545 constantia
1746 509 1781 544 in
1802 511 2131 547 excommunicatum

1255 555 1483 594 Theodofium
1495 584 1507 601 ‚
1532 559 1697 596 Michaele
1709 559 1889 607 Paleologo
1901 560 2002 606 longe*
2015 570 2133 604 potem.

1254 607 1372 642 tiorern
1385 634 1394 644 .
1422 609 1484 644 Ista
1495 609 1773 654 sanedispenlatio
1783 611 1846 646 fuit
1871 609 2030 646 horrenda
2042 610 2132 646 diffi-

1252 658 1343 701 patio
1355 659 1615 704 indispensabilis
1627 661 1661 696 N
1666 661 1757 695 icaeni
1773 661 1922 696 Canonis
1931 686 1938 695 .
1967 661 2128 696 Arsenius

1253 705 1425 744 Michaelis
1437 721 1560 746 nomen
1572 711 1712 747 debebat
1723 711 1834 745 radere
1846 734 1856 751 ‚
1872 722 1928 745 aut
1939 712 2042 755 ipsum
2055 723 2126 746 non

1249 760 1539 796 excommunicare
1558 785 1566 794 .
1604 761 1760 797 Canones
1779 762 1914 805 aequavit
1936 771 2127 797 aranearum

1244 809 1342 850 telis,
1369 822 1441 856 quae
1452 812 1701 859 muscascapere
1712 812 1817 848 solent
1830 836 1842 854 ,
1866 813 1884 845 a
1896 810 2062 846 scarabaeis
2081 811 2133 848 la·,

1248 870 1361 896 cerari.
1383 883 1385 887 s

1298 910 1408 947 Etiam
1421 912 1612 957 Imperatori
1624 912 1821 949 Andronico
1842 911 1948 958 primo
1972 910 2124 955 Paleolo-

1245 971 1313 1006 go,
1338 963 1395 1007 qui
1409 964 1458 997 sui
1483 964 1626 1008 Nepotis
1643 966 1676 999 δε
1699 964 1845 1008 Collegae
1870 962 2055 998 Andronici
2080 963 2128 997 se·

1245 1012 1345 1046 cundi
1361 1023 1483 1048 nomen
1495 1013 1532 1049 in
1551 1014 1702 1050 Palatina
1716 1013 1850 1058 Capella
1864 1015 1983 1048 raserat
1995 1037 2007 1052 ,
2033 1024 2072 1047 ac
2092 1022 2126 1047 e·

1246 1062 1369 1098 tiamin
1387 1063 1640 1101 Patriarchali&
1654 1064 1809 1109 omnibus
1831 1064 1956 1109 ubique
1974 1061 2122 1097 Bafilicis

1244 1112 1315 1147 radi
1340 1110 1542 1155 mandabat,
1568 1113 1754 1149 patriarcha
1772 1114 1884 1149 Esaias
1892 1112 1977 1149 mal&
1995 1113 2127 1157 respon-

1244 1161 1293 1195 dit
1314 1161 1503 1206 Augustum
1524 1175 1648 1198 nomen
1671 1165 1740 1199 radi
1765 1176 1835 1199 non
1858 1165 1967 1209 poffe,
1994 1164 2053 1198 nist
2074 1162 2122 1197 ob

1245 1210 1399 1246 baerefim.
1426 1213 1476 1247 lta
1492 1212 1555 1248 late
1568 1214 1668 1259 habes
1678 1214 1764 1259 apud
1777 1214 1936 1258 Ioannem
1959 1212 2124 1248 Cantacu·

1243 1273 1361 1298 zenum
1374 1288 1383 1296 .
1409 1262 1562 1298 Rebelles
1574 1263 1705 1307 nepotis
1725 1264 1762 1296 in
1775 1273 1880 1297 avum
1904 1256 2120 1303 insolentia,
2140 1258 2198 1290 Lib.
2220 1271 2244 1291 ¹·
2266 1271 2294 1292 c·

1243 1313 1278 1347 &
1297 1313 1351 1348 avi
1373 1313 1415 1348 de
1425 1313 1500 1358 ipsis
1508 1312 1595 1358 apud
1605 1310 1778 1356 Synodum
1788 1311 2010 1357 querimonias
2020 1322 2124 1357 expo-
2136 1310 2188 1372 ἰθὺ

1236 1361 1295 1396 ¹nit
1316 1363 1419 1398 etiam
1440 1362 1650 1407 Nicephorus
1670 1363 1834 1408 Gregoras
1857 1386 1869 1403 ‚
1895 1362 1930 1396 δε
1948 1362 2123 1408 adjungit:
2158 1350 2167 1370 ¹
2189 1361 2196 1370 ’
2241 1358 2248 1367 ’

1244 1417 1303 1448 His
1313 1414 1430 1447 auditis
1446 1412 1626 1457 Pontifices,
1647 1414 1815 1457 prudentia
1836 1414 1873 1450 Θ
1897 1413 2063 1448 eruditione
2080 1422 2126 1446 or-

1243 1468 1308 1496 nati
1318 1489 1330 1504 ‚
1354 1461 1553 1508 adsenserunt
1565 1489 1575 1505 ,
1586 1467 1620 1499 <v
1633 1470 1746 1507 nepotis
1758 1475 1863 1499 nornen
1871 1469 1907 1498 in
1916 1463 2052 1497 omnibus
2061 1465 2125 1497 Ec·

1241 1512 1328 1554 clefiis
1339 1515 1500 1548 tacendum
1511 1516 1562 1559 effe
1573 1539 1584 1555 ,
1599 1517 1687 1549 donec
1698 1520 1891 1559 corrigeretur
1902 1539 1913 1555 ,
1931 1511 2105 1557 censuerunt
2112 1533 2126 1544 .-

1244 1563 1354 1597 Etiam
1381 1564 1576 1599 Patriarcbae
1595 1566 1697 1600 Esaiae
1723 1575 1801 1599 cum
1821 1575 1942 1608 nepote
1962 1562 2126 1609 conspim

1241 1611 1348 1646 tiones
1371 1614 1511 1656 exponit
1524 1638 1536 1654 ‚
1560 1614 1594 1646 dc
1619 1616 1844 1658 prosequitur:
1872 1613 2056 1647 patriarche
2069 1612 2124 1656 [ιη

1239 1667 1297 1694 cris
1308 1662 1517 1696 tintinnabulis
1527 1660 1659 1705 pulsans
1672 1687 1683 1703 ‚
1708 1662 1859 1705 coadoque
1869 1673 1989 1706 magnae
1997 1668 2123 1696 circum-

1236 1710 1373 1752 foraneae
1392 1712 1491 1745 turbae
1511 1723 1649 1751 numero,
1670 1710 1768 1755 sacris
1793 1711 2121 1755 interdic‘lumeffeon·

1240 1761 1329 1794 nibus
1336 1761 1544 1804 promulgavit
1554 1785 1566 1802 ,
1591 1767 1643 1804 qui
1648 1763 1780 1802 junioris
1792 1765 1988 1803 Imperatoris
2012 1772 2119 1795 nomen

1240 1818 1369 1844 tacerent
1380 1835 1392 1851 ‚
1416 1811 1451 1845 et
1460 1821 1575 1845 omnem
1586 1815 1764 1854 Imperatori
1772 1811 1907 1845 debitum
1918 1809 2052 1844 bonorem
2073 1810 2121 1846 ult

1240 1859 1539 1903 habererecusarent.
1565 1860 1671 1910 Qod
1693 1860 1810 1906 nempe
1821 1859 1888 1896 hoc
1908 1861 2038 1895 summo
2059 1859 2122 1898 ho·

1241 1921 1324 1945 nore
1332 1912 1511 1955 km-perator
1522 1912 1642 1956 privari
1657 1922 1726 1946 non
1739 1912 1841 1955 ponet
1853 1935 1864 1952 ,
1890 1911 1951 1945 nisi
1962 1910 2008 1946 ob
2019 1909 2120 1946 bare·

1240 1961 1295 1993 fim
1307 1985 1324 1992 .,
1344 1960 1473 1994 Verum
1483 1971 1551 1995 erat
1565 1962 1675 2004 inepta
1686 1961 1846 1995 sententia
1861 1984 1873 2001 ,
1898 1972 1954 2004 per
1963 1962 2120 1997 meliores

1240 2010 1419 2054 Episcopus
1430 2010 1547 2044 merito
1557 2011 1729 2044 damnata.
1756 2009 1891 2044 Etenim
1917 2009 1986 2044 haec
2007 2010 2121 2046 nomi·

1240 2059 1452 2101 nisreeitatio
1466 2071 1546 2094 ‘non
1568 2060 1614 2095 est
1628 2073 1670 2095 ex
1692 2059 1959 2104 qualiscumque,
1986 2060 2040 2094 sed
2072 2072 2119 2096 ex·

1241 2109 1620 2151 plenae3⁴qnamantiqoi
1634 2111 1790 2144 Canon&
1797 2111 1931 2145 titulant
1943 2110 2119 2147 Per-festio-

1241 2169 1314 2192 nem
1325 2182 1337 2199 ,
1363 2158 1611 2192 communionis
1621 2156 1805 2193 bonoribus
1815 2161 1849 2193 &z
1858 2157 2113 2201 chansteribus,

1237 2207 1380 2252 ideoque
1404 2209 1475 2242 non
1497 2208 1604 2242 solnm
1631 2206 1792 2243 haereticis
1820 2209 1855 2243 ὅ(
1881 2207 2123 2249 schismaticis,‘

1239 2269 1299 2293 nec
1311 2259 1388 2293 solis
1398 2258 1569 2293 Flentibus
1580 2259 1614 2292 δε
1628 2257 1804 2293 Substratis
1816 2284 1827 2300 ‚
1852 2257 2016 2293 sedetiam
2027 2259 2121 2294 Con·-

1238 2308 1422 2343 fistentibus
1443 2319 1513 2342 non
1540 2309 1637 2351 poffit
1664 2309 1812 2351 impendi
1835 2333 1843 2341 .
1882 2308 1939 2342 Est
1966 2308 2115 2344 solorum

1237 2370 1312 2393 cum
1332 2359 1505 2393 oblatione
1517 2357 1837 2392 communicantium
1851 2382 1862 2398 ‚
1890 2359 1943 2392 seu
1956 2357 2119 2394 Perfecto-

1237 2420 1308 2442 rum
1322 2433 1330 2440 .
1356 2410 1406 2442 lta
1431 2409 1563 2442 Graecos
1574 2432 1586 2448 ,
1611 2409 1667 2451 qui
1685 2407 1816 2442 Latinis
1844 2409 2021 2443 Canonum
2044 2419 2119 2453 pm

1236 2458 1470 2493 varicationem
1491 2456 1623 2492 adsidue
1636 2457 1799 2502 objiciunt
1813 2483 1824 2501 ,
1851 2457 1990 2494 schisma
1999 2459 2120 2496 docuit

1237 2509 1396 2543 Canones
1406 2507 1601 2553 praevaricari
1612 2533 1621 2541 .
2114 2533 2118 2537 Α

1286 2559 1382 2593 Istius
1394 2558 1721 2593 commemorationis
1732 2559 1877 2603 dignitas
1900 2559 2069 2603 insigniter
2083 2569 2118 2594 e·

1236 2610 1319 2644 tiam
1336 2609 1425 2643 lucet
1437 2618 1478 2642 ex
1491 2607 1605 2652 elogio
1615 2631 1626 2647 ,
1652 2618 1719 2650 quo
1733 2608 1932 2642 Francorum
1947 2607 2024 2642 Rex
2044 2608 2117 2643 Da·

1235 2659 1389 2703 gobertus
1402 2659 1476 2693 istas
1488 2657 1635 2691 Ecolefiae
1644 2656 1769 2692 tabulas
1791 2657 1881 2701 supra
1907 2658 2053 2692 titulavit
2076 2658 2116 2701 iii

1235 2710 1333 2745 brum
1344 2710 1416 2746 vitae
1427 2733 1435 2741 .
1462 2707 1518 2741 Est
1530 2701 1747 2752 natiquiffima
1760 2707 1877 2751 phrasis
1890 2733 1897 2741 .
1919 2708 2053 2742 Etenim
2064 2707 2116 2744 'de

1234 2759 1382 2794 radendo
1406 2757 1590 2801 Rresbyteri
1617 2756 1780 2791 Bonifacii
1805 2759 1951 2802 suspesto
1974 2758 2113 2793 nomine

1234 2810 1319 2844 dixit
1332 2809 1373 2844 ad
1385 2810 1478 2844 suum
1491 2808 1648 2853 populum
1660 2808 1793 2842 Sandius
1820 2808 2034 2853 Augustinus
2043 2821 2054 2842 ε
2077 2811 2114 2843 Ω

1234 2861 1319 2895 vobis
1328 2860 1426 2904 placet
1436 2884 1446 2901 ‚
1468 2867 1504 2893 ut
1517 2867 1619 2892 nomen
1628 2859 1696 2898 ejus
1708 2869 1763 2891 non
1774 2863 1913 2892 recitetur
1928 2882 1938 2898 ,
1963 2870 2000 2892 ne
2008 2864 2045 2891 iis
2056 2863 2112 2900 qut
2126 2861 2176 2899 Ep.
2196 2869 2207 2890 1
2212 2868 2260 2897 3⁷2

1238 2911 1281 2943 ad
1291 2909 1447 2953 Ecclefiam
1457 2910 1589 2943 accedere
1601 2909 1701 2941 nolunt
1713 2909 1835 2948 ,demus
1847 2907 2016 2949 occafionem
2025 2918 2112 2950 qua-r

1240 2959 1371 2995 rentibus
1384 2957 1546 3002 oceafionem
1559 2982 1571 2999 ‚
1597 2969 1656 2991 non
1674 2964 1732 2991 erit
1748 2958 1881 2999 nostrum
1905 2957 1956 2991 boc
1969 2956 2117 3000 fac‘ium„

1232 3010 1291 3056 sed
1297 3023 1396 3044 eorum
1408 3035 1419 3051 ,
1428 3028 1429 3033 =
1438 3020 1558 3053 quorum
1567 3006 1656 3051 causa
1662 3008 1885 3050 fueritsaclum
1897 3033 1904 3041 .
1929 3009 2020 3051 ‚Quid
2027 3014 2112 3042 enim

1236 3061 1307 3102 obest
1317 3061 1428 3094 bomini
1435 3074 1452 3100 ’,’
1468 3059 1553 3102 quod
1572 3070 1610 3092 ex
1620 3059 1674 3092 illa
1684 3059 1786 3093 tabula
1805 3070 1863 3092 non
1880 3059 1950 3092 vult
1973 3070 2040 3092 eum
2062 3062 2111 3092 re·¹

1238 3116 1325 3146 citari
1341 3111 1480 3144 »hamana
1505 3114 1678 3153 ignorantia
1691 3134 1702 3150 ‚
1720 3108 1753 3152 fi
1767 3110 1805 3143 de
1816 3109 1890 3143 libro
1898 3114 2038 3142 vivorum
2047 3119 2109 3142 non

1237 3162 1314 3195 delet
1338 3171 1403 3195 eum
1413 3165 1516 3202 iniqua
1525 3158 1722 3203 conscientia?
1738 3158 1859 3193 Palam
1869 3157 2020 3193 adfirmat
2032 3157 2108 3192 istas

1237 3211 1366 3247 tabulas
1384 3211 1448 3245 effe
1470 3210 1647 3255 imaginem
1670 3209 1743 3244 libri
1763 3210 1865 3243 vitaen
1899 3208 1944 3242 Et
1965 3207 2051 3243 certe
2071 3208 2109 3241 fi-

1235 3272 1292 3296 cut
1311 3261 1370 3296 soli
1394 3259 1530 3294 Perseai
1553 3260 1676 3294 intrant
1694 3258 1959 3294 vitat-:aiterum
2015 3258 2108 3295 ita&

1237 3312 1271 3347 hi
1295 3310 1355 3345 soli
1377 3310 1461 3345 oiim
1482 3308 1698 3345 recitabantur
1729 3302 1859 3345 “tems
1884 3283 2003 3342 tabulis
2026 3332 2036 3348 ,
2071 3308 2108 3342 &

1237 3361 1368 3397 Divinae
1389 3361 1538 3395 Bonitati
1550 3385 1560 3402 ,
1595 3371 1763 3406 tamquam
1800 3357 1860 3393 ista
1886 3359 1953 3392 vita
1990 3357 2082 3403 digni
2097 3379 2109 3397 ‚

1237 3410 1474 3449 offerebantur.
1500 3411 1675 3447 Restantes
1697 3409 1788 3446 enim
1814 3418 2022 3454 peccatorum
2037 3407 2110 3443 reli·

1975 3470 2060 3503 quiz
2076 3479 2078 3484 ·
