2366 3756
82 2667 119 2698 A.
133 2674 214 2702 ¹²94·

899 177 1391 224 Dtcrarus.
1894 191 1984 235 191

237 261 374 307 donent}
383 263 522 311 synodo
532 264 596 300 sint
615 262 782 309 protestati
790 260 854 297 else
862 259 923 294 fibi
933 258 1111 312 antiqpiffi·
1176 270 1277 295 mune
1313 255 1573 295 Patriarchicum
1598 257 1650 303 jus
1668 258 1727 294 sibi
1758 258 1940 307 Gregorius
1968 261 2064 307 septi·

238 329 332 356 mum
352 326 477 352 rnorem
502 313 846 354 &consuetudinem
872 321 916 345 ex
935 320 1000 353 qua
1011 309 1112 345 etiam
1176 320 1248 345 mus
1269 321 1323 355 per
1349 320 1465 344 omnes
1492 309 1641 345 Romani
1665 309 1908 346 Patriarchatus
1931 312 2063 350 Dioeee.

237 367 443 418 generalium
471 365 684 411 synodorum
711 359 912 408 dogmaticis
951 359 1114 395 definitio·
1181 361 1228 396 ses
1248 360 1455 396 restauravit.
1484 358 1575 393 Dico
1596 383 1609 400 ,
1636 361 1698 393 Per
1718 364 1845 396 Romani
1866 362 2064 397 Patr-tartha·

237 418 338 457 nibus
373 430 444 453 non
463 417 585 463 poflint
620 411 816 450 subscribere
849 411 916 445 fine
953 410 1114 446 sententia
1180 419 1230 444 tus
1254 409 1396 454 Dioeceses
1417 422 1429 444 .-
1465 407 1601 443 Etenim
1619 409 1709 444 solos
1730 412 1804 445 suos
1829 411 2064 456 Metropolitas

238 470 277 505 δε
294 468 435 513 juffione
454 468 501 503 sui
521 463 716 502 Patriarchae
734 489 742 495 -
781 463 828 497 Et
852 459 984 496 laudata
1008 461 1116 505 Syno·
1179 461 1214 494 &
1236 461 1379 504 ipsorum
1411 457 1568 503 synodos
1591 457 1720 493 indulta
1751 459 1817 495 huc
1851 463 1954 504 usque
1974 472 2068 506 pote.

238 519 303 556 dus
319 517 551 564 protestationi
568 516 701 553 tandem
714 512 899 556 acquievit.
925 511 1116 555 Supremam
1182 510 1262 545 state
1285 536 1297 552 ,
1331 519 1538 556 nequaquam
1559 506 1763 543 Patriarchas
1804 512 1894 546 avito
1914 513 1972 547 suo
1994 512 2064 555 jure

238 570 336 606 illam
358 593 371 611 ,
403 578 505 612 quam
523 567 561 601 in
584 569 660 602 suos
676 561 914 599 sszburbicarios
933 561 1117 606 Episcopus
1182 559 1347 596 mutilavit
1372 586 1380 594 .
1419 559 1464 595 Et
1485 557 1567 593 hinc
1601 569 1671 593 non
1693 567 1824 594 tantum
1846 560 1951 596 Graeci
1975 562 2065 597 Gon-

239 622 368 664 semper
385 616 504 652 habuit
523 617 697 653 Romanus
716 612 897 654 Pontifex,
922 613 1118 657 potestatem
1182 610 1468 655 stantinopolitani
1490 632 1503 650 ,
1537 608 1592 644 sed
1614 608 1712 645 etiam
1741 608 1857 644 Latini
1880 610 2067 647 Antioche-

241 666 492 705 Alexandrinus
519 667 643 711 semper
662 662 779 699 habuit
797 663 833 699 in
855 673 992 699 omnem
1027 664 1119 701 suam
1183 661 1219 695 ni
1254 661 1287 695 δε
1307 659 1609 702 Hierosolymitani
1631 658 1827 695 Patriarchae
1856 669 2067 704 perrexerunt

242 718 424 756 Dioecefim
451 729 460 749 ε
505 716 624 753 Praeter
652 715 758 761 ipsum
780 714 892 750 nullus
916 713 1025 758 potuit
1049 712 1119 749 illic
1185 710 1400 755 Episcopatus
1434 710 1534 745 unire
1564 734 1577 752 ,
1611 708 1757 744 dividere
1783 734 1795 751 ,
1828 710 2036 757 exstinguere
2055 734 2069 752 ,

243 767 353 804 ullum
384 767 571 803 consecrare
599 764 798 812 Episcopum
819 789 832 807 ,
873 763 984 801 multo
1011 764 1120 798 minus
1183 761 1332 807 erigere,
1356 761 1531 806 nullusque
1551 771 1700 807 unquam
1720 759 1876 796 Pontifex
1904 761 1979 806 ipsis
1988 771 2072 798 con-

242 818 370 867 erigere
388 826 516 853 novum
535 816 769 864 Episcopatum
792 841 800 849 .
827 817 911 854 Hoc
928 813 1010 862 ergo
1029 823 1118 851 com·
1185 811 1321 851 tradixit
1332 837 1341 850 ,

473 1115 556 1213 ‚C
671 1110 760 1201 A
872 1114 974 1198 N
1086 1111 1178 1199 O
1293 1111 1393 1193 N
1563 1111 1850 1202 VIII.

246 1299 508 1445 QUod
539 1298 652 1351 solus
686 1301 807 1371 Papa
831 1295 968 1370 *poffit
1001 1282 1076 1350 uti*
1103 1294 1405 1368 Imperialibus
1439 1295 1658 1360 insigniis,

449 1515 479 1561 S
513 1528 545 1559 c
578 1523 610 1559 H
643 1526 679 1558 0
711 1525 737 1559 L
769 1525 788 1559 1
820 1525 855 1556 0
887 1527 942 1558 Ν.
1210 1505 1254 1539 Et
1262 1503 1306 1539 de
1315 1503 1541 1538 Constantino
1551 1502 1640 1545 Papa
1652 1524 1666 1542 ‚
1690 1501 1836 1547 Regiam
1845 1502 1962 1539 urbem
1982 1502 2090 1548 ingrea

1206 1553 1319 1587 diente
1337 1575 1353 1592 ,
1377 1551 1565 1586 Anastasius
1586 1549 1864 1587 Bibliothecarius
1884 1565 1893 1584 ε
1921 1553 2089 1594 Pontifex.

1206 1604 1241 1637 (a
1250 1603 1316 1640 eius
1330 1604 1482 1636 Primam
1492 1613 1556 1635 cum
1570 1600 1734 1635 salaribus
1747 1600 1956 1644 Imperialibus
1968 1625 1980 1642 ‚
2002 1600 2086 1646 seim

349 1655 475 1700 Bspicit
495 1654 678 1701 Gregorius
698 1654 742 1690 ad
761 1652 926 1689 famosum
946 1652 1135 1689 Constanti·
1204 1652 1357 1695 &frenis
1367 1657 1538 1690 inauratis,
1555 1649 1644 1692 fimul
1666 1652 1701 1686 (a
1713 1653 1864 1695 mappulis
1885 1652 1998 1695 ingreffl
2014 1651 2091 1696 sunt

372 1706 478 1742 nianae
487 1704 682 1741 donationis
700 1703 977 1744 instrumentum,
1001 1713 1043 1738 ex
1061 1715 1129 1748 quo
1202 1707 1362 1736 civitatem
1381 1726 1390 1734 .
1430 1701 1604 1744 Apostolicus
1625 1701 1769 1743 Pontifex
1792 1712 1859 1736 cum
1881 1703 2088 1746 Camelaugo,

244 1758 290 1793 ad
311 1756 454 1792 Heni-ici
464 1756 573 1800 quarti
596 1754 812 1790 Advocatum
820 1754 909 1789 dixit
918 1754 954 1788 in
968 1753 1129 1796 Synodali

245 1806 490 1851 disceptatione
516 1806 620 1840 etiam
640 1805 776 1840 Sanetus
795 1803 913 1838 Petrus
940 1803 1125 1839 Damiani:

245 1856 464 1898 Constantinus
481 1855 620 1895 sylvestro
645 1879 657 1896 ,
682 1853 802 1899 ejusque
819 1853 1022 1896 succefforibus
1044 1854 1126 1888 obtu-

245 1908 306 1949 lit,
331 1915 366 1941 ut
384 1906 490 1951 Regali
501 1917 580 1940 more
605 1907 641 1941 &¹
653 1917 747 1940 aurea
755 1914 860 1939 corona
877 1903 1076 1946 pleat-rentur
1089 1909 1124 1937 in

244 1962 344 1999 capite
361 1981 376 1998 ,
409 1958 446 1990 &⁴
475 1963 599 1989 caeterae
624 1959 712 1999 Regii
731 1956 831 1989 cultus
860 1953 977 1996 infulas
1002 1951 1126 1996 usurpa-

244 2015 316 2042 rent
326 2031 335 2039 .
360 2006 469 2040 Verum
480 2007 598 2037 Beatus
607 2004 750 2043 sylvester
760 2012 957 2044 ornamenta,
983 2013 1053 2046 quae
1070 2004 1129 2036 Sa-

242 2057 386 2090 cerdotau
393 2063 547 2098 congruere
548 2052 715 2095 ‚iudicabat
724 2054 832 2095 officio,
857 2059 890 2086 in
898 2058 1036 2096 proprios
1055 2051 1126 2096 usus

244 2103 390 2150 affumpst‘t
410 2127 423 2145 ,
447 2114 582 2138 coronam
603 2104 676 2137 vero
698 2126 709 2142 ,
734 2105 789 2137 vel
803 2111 915 2136 caeterae
933 2114 1003 2144 quae
1029 2108 1126 2145 magis

245 2153 404 2197 ambitiosa
423 2165 517 2196 quam
536 2151 655 2191 Mysttca
675 2152 859 2183 videbantur
886 2172 897 2188 ,
922 2149 1013 2189 omisst
1033 2172 1042 2180 .
1082 2149 1126 2182 Et

245 2216 291 2238 ex
309 2203 374 2236 hoc
395 2203 492 2235 fonte
512 2201 612 2234 etiam
635 2199 785 2242 proceffit
796 2197 885 2243 quod
895 2196 937 2231 de
949 2197 1127 2232 Bonifacio

247 2253 367 2287 ostavo
375 2249 486 2284 scribit
494 2248 661 2284 Conrardi
672 2246 814 2282 Abbatis
825 2247 887 2283 Us
882 2247 1043 2291 pergensis
1055 2249 1125 2291 sup-

248 2300 473 2346 plementum:
500 2298 683 2339 Bonifacius
696 2306 794 2340 penes
811 2295 844 2340 se
855 2296 1006 2340 utriusque
1025 2298 1127 2341 gladii

243 2349 416 2395 potestatem
424 2348 475 2392 esse
484 2347 655 2390 affirmabat
662 2371 675 2388 ,
699 2347 779 2390 quod
785 2345 848 2390 ipso
858 2354 1009 2389 apparatu
1023 2352 1055 2380 in
1061 2347 1091 2389 J
1094 2358 1128 2380 u-

253 2401 339 2434 bilaeo
349 2424 361 2440 ,
385 2405 437 2442 qui
448 2407 513 2432 tum
523 2401 627 2431 Romae
633 2397 776 2441 agebatur
791 2421 803 2438 ,
822 2394 994 2439 solemniter
1003 2396 1127 2436 ostenta-

1201 1761 1236 1786 ut
1240 1750 1346 1796 solitus
1357 1751 1396 1792 est
1409 1756 1512 1788 Romae
1520 1752 1698 1794 procedere,
1724 1754 1744 1784 ὰ
1768 1755 1886 1788 Palatio
1903 1751 2028 1795 egreffus
2050 1755 2091 1782 in

1202 1802 1358 1836 Placidus
1377 1801 1468 1845 usque
1488 1807 1670 1844 properavit
1692 1825 1698 1834 .
1739 1802 1785 1836 Et
1809 1802 1850 1836 de
1873 1801 2089 1836 schismatica

1203 1851 1353 1888 Ursicini
1365 1851 1517 1887 adversus
1538 1853 1693 1887 Sanstum
1716 1851 1896 1886 Damasum
1906 1850 2065 1886 elefflone
2074 1874 2090 1892 ,

1201 1902 1236 1936 δε
1261 1912 1335 1937 eam
1359 1900 1405 1936 ob
1424 1903 1557 1937 causam
1582 1901 1699 1938 Romae
1725 1902 1856 1945 patratis
1882 1901 1917 1936 in
1946 1900 2091 1936 Ecclesia

1201 1950 1348 1986 motibus
1372 1952 1406 1986 δε
1427 1951 1569 1987 caedibus
1592 1951 1706 1987 scribit
1725 1951 1828 1987 homo
1849 1951 1986 1998 gentilis
2006 1951 2091 1987 Am-

1201 2000 1331 2034 mianus
1350 1998 1585 2036 Marcellinus:
1612 2007 1718 2045 Neque
1744 2014 1794 2046 ego
1814 2003 1913 2036 abnuo
1929 2026 1940 2042 ,
1965 2001 2090 2042 ostenta-

1199 2055 1307 2083 tionem
1317 2061 1418 2084 rerum
1427 2050 1609 2093 considerans
1621 2053 1833 2093 Urbanorum,
1858 2052 1949 2093 hujus
1975 2058 2018 2085 rei
2041 2062 2093 2085 cus⁴

1196 2100 1307 2139 pidos,
1332 2099 1601 2141 obtmpetrandum
1625 2105 1706 2143 quod
1725 2111 1896 2145 appetunt,
1924 2107 2006 2136 omni
2025 2113 2093 2135 con-

1197 2147 1463 2180 tentionelaeterum
1470 2150 1596 2190 jurgari
1608 2150 1712 2180 debere
1725 2173 1749 2188 ,.
1762 2162 1828 2182 cum
1856 2153 1892 2182 id
1914 2153 2020 2192 adepti
2035 2151 2093 2192 fu-

1198 2201 1261 2230 turi
1277 2193 1334 2236 fint
1341 2199 1388 2228 ita
1405 2194 1501 2238 securi
1525 2205 1558 2230 ut
1570 2197 1706 2230 ditentur
1717 2197 1917 2231 oblationibus
1929 2203 2094 2232 Matrona-

1197 2256 1263 2279 rum
1279 2268 1291 2285 ,
1311 2246 1534 2287 procedantque
1544 2245 1690 2280 vehiculis
1711 2246 1871 2287 inficientes
1884 2272 1895 2287 ‚
1920 2248 2090 2292 circumspe-

1198 2295 1243 2329 έῖἒ
1254 2293 1354 2333 vestiti
1364 2319 1375 2334 ,
1401 2295 1504 2336 epulas
1515 2304 1653 2328 curantes
1663 2295 1808 2339 profusas
1820 2321 1831 2337 ,
1858 2298 1934 2331 adeo
1949 2309 1982 2332 ut
1992 2310 2090 2334 eorum

1196 2349 1339 2379 convivia
1349 2347 1474 2388 Regales
1481 2343 1622 2389 superent
1630 2344 1750 2388 mensas
1762 2371 1769 2378 .
1797 2350 1866 2391 ,Qui
1877 2348 1928 2390 effe
1946 2357 2090 2390 poterant

1196 2406 1304 2429 revera
1314 2395 1414 2434 beati,
1433 2392 1463 2435 fi
1484 2398 1688 2439 magnitudine
1703 2395 1790 2430 urbis
1812 2396 1970 2440 despec‘ia,
1994 2411 2088 2442 quam

251 2456 305 2485 vit
316 2474 325 2482 .
350 2450 452 2483 Prima
462 2448 581 2490 quidem
586 2445 711 2489 solemni
722 2447 771 2480 die
780 2452 814 2479 in
826 2446 1051 2487 Pontificalibus
1073 2454 1125 2488 ap·
1197 2450 1284 2479 vitiis
1295 2452 1443 2486 opponunt
1455 2469 1467 2485 ,
1492 2447 1537 2478 ad
1543 2451 1741 2481 imitationem
1753 2447 1926 2487 antistitum
1949 2459 2090 2491 quorum-

249 2504 365 2542 parens
378 2499 485 2541 populo
497 2521 508 2537 ‚
539 2496 727 2539 Apostolicam
744 2497 804 2529 illis
828 2496 1059 2531 benedifflmem
1075 2502 1131 2528 im·
1197 2496 1268 2528 dam
1281 2495 1516 2528 Provincialium
1527 2501 1670 2530 viverent
1682 2522 1694 2537 ,
1719 2508 1793 2540 quos
1806 2503 1939 2532 tenuitas
1952 2500 2088 2540 edendi,

249 2554 389 2591 partitur
408 2573 416 2581 .
443 2546 561 2586 Postera
581 2547 631 2580 die
654 2570 666 2586 ‚
691 2547 841 2588 Imperiali
862 2546 971 2579 babitu
993 2571 1004 2586 ,
1030 2545 1130 2587 infula
1192 2545 1378 2587 potandique
1385 2546 1569 2588 parciffime,
1595 2548 1702 2580 vilitas
1723 2553 1815 2581 etiam
1829 2550 2085 2590 indumentorum,

252 2596 397 2642 Caesarea
405 2595 543 2640 insignis,
565 2596 703 2638 gladium
712 2596 858 2629 nudatum
866 2594 1067 2638 anteseJuffit
1079 2597 1129 2630 de·

248 2648 346 2692 ferri.
371 2650 418 2680 Et
438 2644 546 2689 sedens
557 2646 623 2679 alta
633 2655 700 2679 voce
709 2644 851 2686 testatur:
877 2649 957 2680 Ecce
967 2648 1027 2679 duo
1030 2647 1132 2690 gladii

255 2698 323 2731 hic.
348 2696 499 2732 Plurium
509 2695 835 2739 Jurissonsultorum‚
864 2696 920 2739 qui
941 2707 1011 2730 non
1033 2697 1134 2731 solam

256 2748 446 2782 Romanam
456 2746 591 2787 urbem,
616 2746 669 2781 sed
693 2757 795 2780 omne
817 2757 895 2780 cum
917 2745 1133 2788 spectantibus

255 2796 299 2833 ad
324 2797 427 2841 ipsum
441 2796 566 2840 Reguis
587 2795 802 2831 Occidentale
814 2795 991 2839 Imperium
1011 2795 1133 2830 fuissea

257 2845 485 2882 Constantino
495 2846 608 2879 datum
626 2845 790 2890 Sylvestro
801 2856 881 2880 tunc
904 2845 1015 2889 paffim
1037 2845 1134 2881 doce-

259 2897 340 2933 bant
359 2921 371 2938 ,
396 2896 591 2930 sententiam
611 2894 802 2930 Bonifacius
824 2896 1018 2939 sequebatur
1035 2921 1042 2928 .
1086 2896 1129 2930 Et

258 2948 392 2991 quidem
406 2945 492 2980 istud
503 2943 693 2980 donationis
703 2946 956 2981 instrumentum
977 2946 996 2979 ὲ
1008 2946 1130 2980 cunctis

259 3007 342 3031 tunc
363 2994 446 3031 adeo
466 2993 659 3029 credebatur
677 2994 939 3036 Ambe-micum,
965 3005 1003 3029 ut
1024 2996 1129 3040 ipsum

258 3044 426 3082 admiserit
435 3045 532 3080 etiarn
544 3044 685 3079 Henrici
698 3045 800 3091 Regis
818 3047 1008 3081 Advocatus
1020 3071 1028 3078 .

311 3096 386 3130 Esse
396 3095 540 3139 spurium
565 3095 598 3128 δ(
608 3095 756 3129 fictitium
767 3107 865 3131 nemo
875 3096 1017 3131 eruditus
1027 3094 1129 3130 hodie

1197 2596 1233 2630 sa·
1251 2593 1405 2637 supercilia
1427 2594 1546 2629 humum
1554 2595 1726 2638 speHantia
1741 2623 1752 2638 ,
1773 2606 1914 2640 perpetuo
1929 2603 2061 2634 Nummi
2075 2625 2088 2640 ‚

1197 2643 1332 2687 verisque
1343 2646 1407 2685 ejus
1432 2646 1614 2688 cultoribus,
1638 2657 1671 2681 ut
1688 2655 1782 2689 puros
1815 2651 2023 2683 commendant
2049 2652 2084 2684 δ’

1196 2696 1398 2730 venerandos.
1427 2696 1480 2730 Ex
1494 2706 1573 2731 tunc
1585 2708 1665 2741 ergo
1681 2697 1839 2732 Pontifex
1852 2696 1968 2732 habuit
1982 2698 2085 2742 splen-

1195 2744 1312 2779 didum
1330 2754 1503 2785 ornatum,
1527 2746 1719 2781 distinctum
1749 2746 1866 2782 aveste
1887 2758 2082 2784 caeterorum

1197 2794 1433 2839 Episcoporum
1444 2820 1451 2827 .

1243 2844 1400 2880 Notanda
1412 2846 1488 2879 sunt
1499 2845 1596 2881 verba
1609 2860 1620 2882 z
1646 2848 1667 2879 5
1668 2851 1745 2881 ecurt
1770 2856 1804 2880 ut
1818 2848 1951 2883 ditentur
1962 2848 2082 2882 oblatio-

1193 2894 1281 2928 nibus
1302 2903 1507 2929 matronarum
1532 2920 1540 2929 .
1569 2895 1717 2931 Edicunt
1742 2895 1878 2941 Papales
1899 2908 1978 2943 opes
2000 2908 2081 2933 tunc

1194 2956 1263 2979 nou
1291 2945 1311 2980 ὲ
1329 2945 1490 2980 Romanae
1516 2946 1606 2981 urbis
1639 2957 1695 2981 aut
1717 2947 1901 2983 vicinarum
1939 2948 2081 2982 Provin-

1193 2994 1314 3031 ciarum
1325 2995 1539 3039 proventibus
1550 3021 1562 3037 ‚
1588 2995 1642 3031 sed
1652 2997 1670 3030 ὲ
1683 2997 1760 3031 solis
1772 2998 1918 3032 fidelium
1933 2997 2077 3032 oblatio·

1194 3044 1289 3079 nibus
1328 3046 1508 3089 proceffiffe
1543 3069 1555 3087 ,
1582 3046 1724 3090 ideoque
1745 3047 1894 3082 adversus
1915 3047 2080 3082 Constan-

1192 3094 1256 3128 tini
1291 3095 1507 3130 donationem
1529 3097 1707 3141 suggerunt
1734 3097 1880 3134 validum
1905 3108 2076 3143 argumen-

1192 3155 1263 3178 tum
1275 3168 1283 3176 .
1310 3145 1468 3180 Notanda
1483 3147 1558 3180 sunt
1570 3147 1651 3179 item
1662 3145 1727 3181 haec
1738 3147 1834 3183 verba
1849 3162 1860 3183 .·
1888 3151 2000 3182 Eorum
2010 3158 2075 3180 con-

1192 3199 1281 3227 vivia
1293 3195 1418 3237 Regales
1429 3194 1575 3239 superant
1585 3194 1724 3239 mensas.
1750 3196 1897 3242 Ipsorum
1921 3196 2074 3231 vestitum

1192 3243 1274 3277 dicit
1297 3255 1367 3278 non
1402 3245 1546 3290 Regium
1572 3270 1584 3287 ‚
1608 3245 1661 3280 sed
1687 3246 1859 3282 dumtaxat
1883 3246 2073 3290 circumspe-

1193 3295 1301 3332 ctum,
1326 3293 1464 3338 ideoque
1485 3295 1623 3341 Regalia
1647 3296 1853 3332 Pontificum
1877 3297 2071 3331 indumenta

1195 3343 1346 3378 videntur
1355 3353 1435 3379 tunc
1445 3344 1584 3381 necdum
1596 3348 1786 3390 apparuisse.
1820 3347 1964 3391 Regiam
1977 3356 2069 3381 coro-

1197 3405 1271 3428 nam
1298 3394 1351 3427 seu
1377 3405 1567 3430 coronatam
1594 3397 1710 3430 tiaram
1742 3396 1920 3430 Hormisda
1951 3393 2069 3435 Ponti·

1195 3445 1249 3479 fex
1260 3444 1381 3490 primus
1390 3446 1515 3489 accepit
1526 3446 1544 3479 a
1554 3445 1727 3481 Clodoveo
1738 3446 1934 3526 Francoru‘rln
1948 3444 2038 3487 Rege
2051 3467 2065 3485 ‚

1920 3503 2015 3537 equo

259 3145 390 3181 dubitat
401 3169 413 3185 ,
439 3144 505 3187 ejus
517 3154 627 3183 tamen
639 3144 658 3177 ὲ
669 3145 781 3180 nostro
790 3145 844 3181 hic
857 3146 1020 3191 Gregorio
1031 3147 1128 3190 respe-

259 3197 330 3231 stus
340 3194 493 3231 articulus
517 3205 585 3228 non
596 3204 683 3228 caret
693 3196 786 3230 omni
808 3197 1042 3232 fundamento.
1071 3196 1128 3230 Et-

258 3247 349 3280 enim
371 3246 407 3279 in
426 3243 584 3288 opusculo
603 3242 753 3280 adversus
774 3246 954 3283 Ger-ardum
980 3245 1128 3291 Engolis·

259 3298 406 3331 mensem
443 3295 644 3338 Episcopum
680 3293 788 3329 scribit
823 3295 1014 3341 Arnulphus
1054 3297 1129 3340 Epi-

259 3345 375 3389 scopus
400 3344 610 3382 Lexovienfis
633 3355 641 3375 ι
680 3344 797 3388 ,Quibus
826 3347 954 3387 vestibus
978 3347 1124 3380 induatur

262 3396 424 3437 Pontifex,
443 3397 514 3435 jam
536 3406 594 3428 non
615 3405 653 3428 ex
683 3393 768 3436 ipsr‘us
775 3397 886 3436 pendet
906 3396 1051 3436 arbitrio,
1072 3395 1131 3439 sed

261 3445 433 3480 saneiorum
443 3448 569 3479 Patrum
578 3450 704 3487 antiqua
713 3444 908 3485 constitutione
921 3447 1069 3480 decretum
1081 3445 1128 3485 est.
