<?xml version="1.0" encoding="UTF-8"?>
<!DOCTYPE html PUBLIC "-//W3C//DTD XHTML 1.0 Transitional//EN"
    "http://www.w3.org/TR/xhtml1/DTD/xhtml1-transitional.dtd">
<html xmlns="http://www.w3.org/1999/xhtml" xml:lang="en" lang="en">
 <head>
  <title>
</title>
<meta http-equiv="Content-Type" content="text/html;charset=utf-8" />
  <meta name='ocr-system' content='tesseract 3.04.00' />
  <meta name='ocr-capabilities' content='ocr_page ocr_carea ocr_par ocr_line ocrx_word'/>
</head>
<body>
  <div class='ocr_page' id='page_1' title='image "./operaomniastudio05lupuuoft/operaomniastudio05lupuuoft_0359.png"; bbox 0 0 2366 3756; ppageno 0'>
   <div class='ocr_carea' id='block_1_1' title="bbox 87 1077 245 1123">
    <p class='ocr_par' dir='ltr' id='par_1_1' title="bbox 87 1077 245 1123">
     <span class='ocr_line' id='line_1_1' title="bbox 87 1077 245 1123; baseline -0.025 -5"><span class='ocrx_word' id='word_1_1' title='bbox 87 1077 245 1123; x_wconf 41' lang='grc' dir='ltr'>Ὲρίίὶις.μ</span> 
     </span>
    </p>
   </div>
   <div class='ocr_carea' id='block_1_2' title="bbox 927 123 1412 169">
    <p class='ocr_par' dir='ltr' id='par_1_2' title="bbox 927 123 1412 169">
     <span class='ocr_line' id='line_1_2' title="bbox 927 123 1412 169; baseline -0.006 0"><span class='ocrx_word' id='word_1_2' title='bbox 927 123 1412 169; x_wconf 77' lang='lat' dir='ltr'>DICTA-rus.</span> 
     </span>
    </p>
   </div>
   <div class='ocr_carea' id='block_1_3' title="bbox 263 207 1150 1152">
    <p class='ocr_par' dir='ltr' id='par_1_3' title="bbox 263 207 1148 1002">
     <span class='ocr_line' id='line_1_3' title="bbox 268 207 1139 255; baseline -0.003 -10"><span class='ocrx_word' id='word_1_3' title='bbox 268 211 321 247; x_wconf 85' lang='lat' dir='ltr'>nit</span> <span class='ocrx_word' id='word_1_4' title='bbox 340 207 529 244; x_wconf 63' lang='lat' dir='ltr'>defunctum</span> <span class='ocrx_word' id='word_1_5' title='bbox 551 207 751 246; x_wconf 88' lang='lat' dir='ltr'>Pontificem</span> <span class='ocrx_word' id='word_1_6' title='bbox 765 233 777 250; x_wconf 85' lang='lat'>‚</span> <span class='ocrx_word' id='word_1_7' title='bbox 812 209 952 255; x_wconf 88' lang='lat' dir='ltr'>ideoque</span> <span class='ocrx_word' id='word_1_8' title='bbox 976 209 1139 244; x_wconf 72' lang='lat' dir='ltr'>Successor</span> 
     </span>
     <span class='ocr_line' id='line_1_4' title="bbox 267 258 1135 304; baseline -0.003 -10"><span class='ocrx_word' id='word_1_9' title='bbox 267 261 404 294; x_wconf 65' lang='lat' dir='ltr'>Sanctus</span> <span class='ocrx_word' id='word_1_10' title='bbox 416 260 487 294; x_wconf 90' lang='lat' dir='ltr'>Leo</span> <span class='ocrx_word' id='word_1_11' title='bbox 507 258 665 294; x_wconf 87' lang='lat' dir='ltr'>secundus</span> <span class='ocrx_word' id='word_1_12' title='bbox 680 286 691 302; x_wconf 95' lang='lat'>,</span> <span class='ocrx_word' id='word_1_13' title='bbox 717 262 832 295; x_wconf 87' lang='lat' dir='ltr'>iterata</span> <span class='ocrx_word' id='word_1_14' title='bbox 854 260 1019 304; x_wconf 87' lang='lat' dir='ltr'>Principis</span> <span class='ocrx_word' id='word_1_15' title='bbox 1042 259 1135 292; x_wconf 84' lang='lat' dir='ltr'>Rela-</span> 
     </span>
     <span class='ocr_line' id='line_1_5' title="bbox 268 309 1135 353; baseline -0.001 -11"><span class='ocrx_word' id='word_1_16' title='bbox 268 310 363 343; x_wconf 88' lang='lat' dir='ltr'>tione</span> <span class='ocrx_word' id='word_1_17' title='bbox 373 310 406 344; x_wconf 76' lang='grc' dir='ltr'>δε</span> <span class='ocrx_word' id='word_1_18' title='bbox 416 309 649 353; x_wconf 86' lang='lat' dir='ltr'>supplicatione</span> <span class='ocrx_word' id='word_1_19' title='bbox 659 309 800 353; x_wconf 84' lang='lat' dir='ltr'>pulsatus</span> <span class='ocrx_word' id='word_1_20' title='bbox 811 335 822 350; x_wconf 92' lang='lat'>,</span> <span class='ocrx_word' id='word_1_21' title='bbox 846 309 1012 353; x_wconf 77' lang='lat' dir='ltr'>respondit</span> <span class='ocrx_word' id='word_1_22' title='bbox 1023 323 1032 342; x_wconf 89' lang='lat'><em>:</em></span> <span class='ocrx_word' id='word_1_23' title='bbox 1060 312 1135 342; x_wconf 80' lang='lat' dir='ltr'>San-</span> 
     </span>
     <span class='ocr_line' id='line_1_6' title="bbox 267 358 1138 403; baseline 0.001 -12"><span class='ocrx_word' id='word_1_24' title='bbox 267 358 505 403; x_wconf 58' lang='lat' dir='ltr'>&amp;anniversalis</span> <span class='ocrx_word' id='word_1_25' title='bbox 531 361 683 403; x_wconf 74' lang='lat' dir='ltr'>&amp;magna</span> <span class='ocrx_word' id='word_1_26' title='bbox 697 358 790 403; x_wconf 80' lang='lat' dir='ltr'>sexta</span> <span class='ocrx_word' id='word_1_27' title='bbox 802 361 928 399; x_wconf 75' lang='lat' dir='ltr'>synodus</span> <span class='ocrx_word' id='word_1_28' title='bbox 954 359 1138 401; x_wconf 69' lang='lat' dir='ltr'>apostolicam</span> 
     </span>
     <span class='ocr_line' id='line_1_7' title="bbox 269 408 1142 456; baseline 0 -16"><span class='ocrx_word' id='word_1_29' title='bbox 269 414 302 456; x_wconf 65' lang='lat' dir='ltr'>in</span> <span class='ocrx_word' id='word_1_30' title='bbox 311 409 444 443; x_wconf 84' lang='lat' dir='ltr'>omnibus</span> <span class='ocrx_word' id='word_1_31' title='bbox 455 411 599 454; x_wconf 84' lang='lat' dir='ltr'>Regulam</span> <span class='ocrx_word' id='word_1_32' title='bbox 609 434 621 450; x_wconf 91' lang='lat'>‚</span> <span class='ocrx_word' id='word_1_33' title='bbox 647 409 884 451; x_wconf 76' lang='lat' dir='ltr'>&amp;probabilium</span> <span class='ocrx_word' id='word_1_34' title='bbox 897 412 1024 444; x_wconf 81' lang='lat' dir='ltr'>Pmrum</span> <span class='ocrx_word' id='word_1_35' title='bbox 1036 408 1142 442; x_wconf 74' lang='lat' dir='ltr'>doc‘lri-</span> 
     </span>
     <span class='ocr_line' id='line_1_8' title="bbox 269 459 1144 502; baseline -0.001 -10"><span class='ocrx_word' id='word_1_36' title='bbox 269 459 446 502; x_wconf 71' lang='lat' dir='ltr'>namsoeuta</span> <span class='ocrx_word' id='word_1_37' title='bbox 455 459 494 499; x_wconf 81' lang='lat' dir='ltr'>est</span> <span class='ocrx_word' id='word_1_38' title='bbox 504 483 512 491; x_wconf 88' lang='lat'><strong>.</strong></span> <span class='ocrx_word' id='word_1_39' title='bbox 539 463 586 493; x_wconf 89' lang='lat' dir='ltr'>Et</span> <span class='ocrx_word' id='word_1_40' title='bbox 597 464 668 502; x_wconf 85' lang='lat' dir='ltr'>quia</span> <span class='ocrx_word' id='word_1_41' title='bbox 684 459 881 502; x_wconf 82' lang='lat' dir='ltr'>definitionem</span> <span class='ocrx_word' id='word_1_42' title='bbox 898 461 986 494; x_wconf 74' lang='lat' dir='ltr'>rec‘lae</span> <span class='ocrx_word' id='word_1_43' title='bbox 993 459 1061 501; x_wconf 80' lang='lat' dir='ltr'>fidei</span> <span class='ocrx_word' id='word_1_44' title='bbox 1079 459 1144 501; x_wconf 88' lang='lat' dir='ltr'>ple-</span> 
     </span>
     <span class='ocr_line' id='line_1_9' title="bbox 267 508 1140 553; baseline -0.002 -11"><span class='ocrx_word' id='word_1_45' title='bbox 267 510 585 551; x_wconf 71' lang='lat' dir='ltr'>niffimepraedicavit‚</span> <span class='ocrx_word' id='word_1_46' title='bbox 611 520 701 552; x_wconf 91' lang='lat' dir='ltr'>quam</span> <span class='ocrx_word' id='word_1_47' title='bbox 725 511 760 544; x_wconf 62' lang='grc' dir='ltr'>Θ</span> <span class='ocrx_word' id='word_1_48' title='bbox 774 509 1019 553; x_wconf 74' lang='lat' dir='ltr'>Apostoitcaftdes</span> <span class='ocrx_word' id='word_1_49' title='bbox 1039 508 1140 541; x_wconf 67' lang='lat' dir='ltr'>SanHi</span> 
     </span>
     <span class='ocr_line' id='line_1_10' title="bbox 270 558 1143 602; baseline 0.001 -12"><span class='ocrx_word' id='word_1_50' title='bbox 270 561 356 593; x_wconf 78' lang='lat' dir='ltr'>Petri</span> <span class='ocrx_word' id='word_1_51' title='bbox 377 559 499 602; x_wconf 73' lang='lat' dir='ltr'>Apostoli</span> <span class='ocrx_word' id='word_1_52' title='bbox 512 569 689 593; x_wconf 82' lang='lat' dir='ltr'>veneranter</span> <span class='ocrx_word' id='word_1_53' title='bbox 708 558 857 602; x_wconf 63' lang='lat' dir='ltr'>suscepit,</span> <span class='ocrx_word' id='word_1_54' title='bbox 884 563 989 594; x_wconf 70' lang='lat' dir='ltr'>idcirco</span> <span class='ocrx_word' id='word_1_55' title='bbox 1016 561 1050 593; x_wconf 69' lang='grc'>(5·</span> <span class='ocrx_word' id='word_1_56' title='bbox 1071 571 1143 599; x_wconf 87' lang='lat' dir='ltr'>nos,</span> 
     </span>
     <span class='ocr_line' id='line_1_11' title="bbox 269 608 1145 652; baseline 0 -11"><span class='ocrx_word' id='word_1_57' title='bbox 269 609 303 641; x_wconf 68' lang='grc'>6·</span> <span class='ocrx_word' id='word_1_58' title='bbox 309 617 364 651; x_wconf 83' lang='lat' dir='ltr'>per</span> <span class='ocrx_word' id='word_1_59' title='bbox 374 609 500 649; x_wconf 85' lang='lat' dir='ltr'>nostrum</span> <span class='ocrx_word' id='word_1_60' title='bbox 519 610 638 651; x_wconf 80' lang='lat' dir='ltr'>officium</span> <span class='ocrx_word' id='word_1_61' title='bbox 659 608 722 643; x_wconf 77' lang='lat' dir='ltr'>haec</span> <span class='ocrx_word' id='word_1_62' title='bbox 731 612 908 644; x_wconf 81' lang='lat' dir='ltr'>veneranda</span> <span class='ocrx_word' id='word_1_63' title='bbox 931 611 1016 644; x_wconf 77' lang='lat' dir='ltr'>sedes</span> <span class='ocrx_word' id='word_1_64' title='bbox 1035 609 1145 652; x_wconf 79' lang='lat' dir='ltr'>Aposto-</span> 
     </span>
     <span class='ocr_line' id='line_1_12' title="bbox 269 658 1143 704; baseline 0.001 -14"><span class='ocrx_word' id='word_1_65' title='bbox 269 658 327 691; x_wconf 64' lang='grc' dir='ltr'>ἰάσι</span> <span class='ocrx_word' id='word_1_66' title='bbox 349 660 526 693; x_wconf 77' lang='lat' dir='ltr'>concorditer</span> <span class='ocrx_word' id='word_1_67' title='bbox 553 672 588 694; x_wconf 80' lang='lat' dir='ltr'>ac</span> <span class='ocrx_word' id='word_1_68' title='bbox 608 665 786 694; x_wconf 81' lang='lat' dir='ltr'>unanimiter</span> <span class='ocrx_word' id='word_1_69' title='bbox 807 660 858 694; x_wconf 84' lang='lat' dir='ltr'>bis</span> <span class='ocrx_word' id='word_1_70' title='bbox 879 686 891 701; x_wconf 93' lang='lat'>‚</span> <span class='ocrx_word' id='word_1_71' title='bbox 927 672 995 704; x_wconf 83' lang='lat' dir='ltr'>quae</span> <span class='ocrx_word' id='word_1_72' title='bbox 1017 661 1143 703; x_wconf 84' lang='lat' dir='ltr'>definita</span> 
     </span>
     <span class='ocr_line' id='line_1_13' title="bbox 263 705 1144 753; baseline 0.001 -12"><span class='ocrx_word' id='word_1_73' title='bbox 263 705 339 750; x_wconf 69' lang='lat' dir='ltr'>„ficut</span> <span class='ocrx_word' id='word_1_74' title='bbox 358 709 399 742; x_wconf 82' lang='lat' dir='ltr'>ab</span> <span class='ocrx_word' id='word_1_75' title='bbox 418 722 474 751; x_wconf 84' lang='lat' dir='ltr'>ea,</span> <span class='ocrx_word' id='word_1_76' title='bbox 498 708 639 753; x_wconf 83' lang='lat' dir='ltr'>consentit</span> <span class='ocrx_word' id='word_1_77' title='bbox 659 735 669 751; x_wconf 92' lang='lat'>,</span> <span class='ocrx_word' id='word_1_78' title='bbox 697 712 731 744; x_wconf 69' lang='grc'>(9</span> <span class='ocrx_word' id='word_1_79' title='bbox 754 713 844 744; x_wconf 86' lang='lat' dir='ltr'>Beati</span> <span class='ocrx_word' id='word_1_80' title='bbox 866 714 950 744; x_wconf 81' lang='lat' dir='ltr'>Petri</span> <span class='ocrx_word' id='word_1_81' title='bbox 969 711 1144 744; x_wconf 70' lang='lat' dir='ltr'>auiloritate</span> 
     </span>
     <span class='ocr_line' id='line_1_14' title="bbox 267 757 1147 803; baseline -0.002 -11"><span class='ocrx_word' id='word_1_82' title='bbox 267 757 449 800; x_wconf 67' lang='lat' dir='ltr'>confirmat,</span> <span class='ocrx_word' id='word_1_83' title='bbox 468 758 540 801; x_wconf 78' lang='lat' dir='ltr'>ficut</span> <span class='ocrx_word' id='word_1_84' title='bbox 556 758 649 803; x_wconf 66' lang='lat' dir='ltr'>supra}</span> <span class='ocrx_word' id='word_1_85' title='bbox 664 758 790 802; x_wconf 60' lang='lat' dir='ltr'>filiclam</span> <span class='ocrx_word' id='word_1_86' title='bbox 802 763 944 802; x_wconf 82' lang='lat' dir='ltr'>Petram,</span> <span class='ocrx_word' id='word_1_87' title='bbox 972 773 1039 802; x_wconf 79' lang='lat' dir='ltr'>quae</span> <span class='ocrx_word' id='word_1_88' title='bbox 1062 758 1147 792; x_wconf 86' lang='lat' dir='ltr'>Chri-</span> 
     </span>
     <span class='ocr_line' id='line_1_15' title="bbox 264 807 1148 855; baseline -0.001 -14"><span class='ocrx_word' id='word_1_89' title='bbox 264 807 329 848; x_wconf 72' lang='lat' dir='ltr'>stus</span> <span class='ocrx_word' id='word_1_90' title='bbox 341 809 380 850; x_wconf 77' lang='lat' dir='ltr'>est</span> <span class='ocrx_word' id='word_1_91' title='bbox 391 834 403 850; x_wconf 84' lang='lat'>,</span> <span class='ocrx_word' id='word_1_92' title='bbox 428 807 466 842; x_wconf 83' lang='lat' dir='ltr'>ab</span> <span class='ocrx_word' id='word_1_93' title='bbox 487 809 548 852; x_wconf 84' lang='lat' dir='ltr'>ipso</span> <span class='ocrx_word' id='word_1_94' title='bbox 568 814 694 843; x_wconf 77' lang='lat' dir='ltr'>Domino</span> <span class='ocrx_word' id='word_1_95' title='bbox 715 812 833 852; x_wconf 84' lang='lat' dir='ltr'>adeptis</span> <span class='ocrx_word' id='word_1_96' title='bbox 842 811 1019 853; x_wconf 80' lang='lat' dir='ltr'>firmitatem</span> <span class='ocrx_word' id='word_1_97' title='bbox 1031 835 1038 842; x_wconf 89' lang='lat'><strong>.</strong></span> <span class='ocrx_word' id='word_1_98' title='bbox 1064 810 1148 855; x_wconf 81' lang='lat' dir='ltr'>Qae</span> 
     </span>
     <span class='ocr_line' id='line_1_16' title="bbox 269 858 1147 904; baseline -0.001 -13"><span class='ocrx_word' id='word_1_99' title='bbox 269 860 384 892; x_wconf 84' lang='lat' dir='ltr'>omnia</span> <span class='ocrx_word' id='word_1_100' title='bbox 403 858 570 902; x_wconf 55' lang='lat' dir='ltr'>&amp;septima</span> <span class='ocrx_word' id='word_1_101' title='bbox 591 860 690 895; x_wconf 84' lang='lat' dir='ltr'>etiam</span> <span class='ocrx_word' id='word_1_102' title='bbox 717 861 751 895; x_wconf 69' lang='grc' dir='ltr'>δε</span> <span class='ocrx_word' id='word_1_103' title='bbox 771 862 881 896; x_wconf 66' lang='lat' dir='ltr'>octava</span> <span class='ocrx_word' id='word_1_104' title='bbox 902 860 1060 904; x_wconf 89' lang='lat' dir='ltr'>Synodo,</span> <span class='ocrx_word' id='word_1_105' title='bbox 1087 869 1147 891; x_wconf 90' lang='lat' dir='ltr'>nec</span> 
     </span>
     <span class='ocr_line' id='line_1_17' title="bbox 267 907 1145 953; baseline 0.003 -13"><span class='ocrx_word' id='word_1_106' title='bbox 267 918 342 942; x_wconf 82' lang='lat' dir='ltr'>non</span> <span class='ocrx_word' id='word_1_107' title='bbox 352 908 394 942; x_wconf 76' lang='lat' dir='ltr'>ab</span> <span class='ocrx_word' id='word_1_108' title='bbox 404 907 557 945; x_wconf 81' lang='lat' dir='ltr'>Adriano</span> <span class='ocrx_word' id='word_1_109' title='bbox 566 911 672 953; x_wconf 90' lang='lat' dir='ltr'>primo</span> <span class='ocrx_word' id='word_1_110' title='bbox 687 922 725 944; x_wconf 90' lang='lat' dir='ltr'>ac</span> <span class='ocrx_word' id='word_1_111' title='bbox 737 910 886 946; x_wconf 78' lang='lat' dir='ltr'>Adriano</span> <span class='ocrx_word' id='word_1_112' title='bbox 900 910 1042 945; x_wconf 87' lang='lat' dir='ltr'>secundo</span> <span class='ocrx_word' id='word_1_113' title='bbox 1054 907 1145 941; x_wconf 76' lang='lat' dir='ltr'>fuisse</span> 
     </span>
     <span class='ocr_line' id='line_1_18' title="bbox 268 956 850 1002; baseline 0 -8"><span class='ocrx_word' id='word_1_114' title='bbox 268 956 354 994; x_wconf 65' lang='lat' dir='ltr'>fasta</span> <span class='ocrx_word' id='word_1_115' title='bbox 366 983 377 1000; x_wconf 90' lang='lat'>,</span> <span class='ocrx_word' id='word_1_116' title='bbox 404 960 498 1002; x_wconf 85' lang='lat' dir='ltr'>poffit</span> <span class='ocrx_word' id='word_1_117' title='bbox 508 959 605 994; x_wconf 74' lang='lat' dir='ltr'>facile</span> <span class='ocrx_word' id='word_1_118' title='bbox 616 961 828 996; x_wconf 83' lang='lat' dir='ltr'>demonstrari</span> <span class='ocrx_word' id='word_1_119' title='bbox 843 985 850 993; x_wconf 90' lang='lat'><strong>.</strong></span> 
     </span>
    </p>

    <p class='ocr_par' dir='ltr' id='par_1_4' title="bbox 271 1006 1150 1152">
     <span class='ocr_line' id='line_1_19' title="bbox 321 1006 1148 1052; baseline -0.005 -9"><span class='ocrx_word' id='word_1_120' title='bbox 321 1009 367 1044; x_wconf 85' lang='lat' dir='ltr'>Et</span> <span class='ocrx_word' id='word_1_121' title='bbox 388 1007 468 1044; x_wconf 78' lang='lat' dir='ltr'>hinc</span> <span class='ocrx_word' id='word_1_122' title='bbox 490 1010 532 1042; x_wconf 90' lang='lat' dir='ltr'>de</span> <span class='ocrx_word' id='word_1_123' title='bbox 551 1012 647 1044; x_wconf 87' lang='lat' dir='ltr'>omni</span> <span class='ocrx_word' id='word_1_124' title='bbox 664 1010 808 1052; x_wconf 82' lang='lat' dir='ltr'>generali</span> <span class='ocrx_word' id='word_1_125' title='bbox 828 1008 966 1050; x_wconf 83' lang='lat' dir='ltr'>synodo</span> <span class='ocrx_word' id='word_1_126' title='bbox 980 1006 1088 1042; x_wconf 84' lang='lat' dir='ltr'>scribit</span> <span class='ocrx_word' id='word_1_127' title='bbox 1108 1006 1148 1039; x_wconf 92' lang='lat' dir='ltr'>ad</span> 
     </span>
     <span class='ocr_line' id='line_1_20' title="bbox 271 1057 1150 1104; baseline -0.008 -10"><span class='ocrx_word' id='word_1_128' title='bbox 271 1059 450 1095; x_wconf 62' lang='lat' dir='ltr'>Dardaniae</span> <span class='ocrx_word' id='word_1_129' title='bbox 473 1057 654 1104; x_wconf 87' lang='lat' dir='ltr'>Episcopos</span> <span class='ocrx_word' id='word_1_130' title='bbox 677 1058 811 1091; x_wconf 68' lang='lat' dir='ltr'>Sanetus</span> <span class='ocrx_word' id='word_1_131' title='bbox 841 1057 987 1092; x_wconf 85' lang='lat' dir='ltr'>Gelafius</span> <span class='ocrx_word' id='word_1_132' title='bbox 1001 1070 1014 1090; x_wconf 64' lang='grc' dir='ltr'><strong><em>τ</em></strong></span> <span class='ocrx_word' id='word_1_133' title='bbox 1047 1059 1150 1089; x_wconf 84' lang='lat' dir='ltr'>Prima</span> 
     </span>
     <span class='ocr_line' id='line_1_21' title="bbox 273 1105 1150 1152; baseline -0.005 -10"><span class='ocrx_word' id='word_1_134' title='bbox 273 1111 364 1144; x_wconf 81' lang='lat' dir='ltr'>Sedes</span> <span class='ocrx_word' id='word_1_135' title='bbox 377 1120 618 1152; x_wconf 79' lang='lat' dir='ltr'><em>unamquamque</em></span> <span class='ocrx_word' id='word_1_136' title='bbox 639 1110 780 1148; x_wconf 69' lang='lat' dir='ltr'>synodum</span> <span class='ocrx_word' id='word_1_137' title='bbox 788 1106 846 1148; x_wconf 85' lang='lat' dir='ltr'>sua</span> <span class='ocrx_word' id='word_1_138' title='bbox 868 1108 1040 1140; x_wconf 55' lang='lat' dir='ltr'>auctoritate</span> <span class='ocrx_word' id='word_1_139' title='bbox 1049 1105 1150 1148; x_wconf 83' lang='lat' dir='ltr'>confir-</span> 
     </span>
    </p>
   </div>
   <div class='ocr_carea' id='block_1_4' title="bbox 256 1156 1149 1199">
    <p class='ocr_par' dir='ltr' id='par_1_5' title="bbox 256 1156 1149 1199">
     <span class='ocr_line' id='line_1_22' title="bbox 256 1156 1149 1199; baseline -0.008 -6"><span class='ocrx_word' id='word_1_140' title='bbox 256 1169 360 1199; x_wconf 80' lang='lat' dir='ltr'>¹mat,</span> <span class='ocrx_word' id='word_1_141' title='bbox 387 1161 421 1193; x_wconf 66' lang='lat' dir='ltr'>&lt;ir</span> <span class='ocrx_word' id='word_1_142' title='bbox 443 1165 618 1194; x_wconf 83' lang='lat' dir='ltr'>continuata</span> <span class='ocrx_word' id='word_1_143' title='bbox 641 1158 836 1190; x_wconf 73' lang='lat' dir='ltr'>moderatione</span> <span class='ocrx_word' id='word_1_144' title='bbox 855 1156 990 1196; x_wconf 87' lang='lat' dir='ltr'>custodit.</span> <span class='ocrx_word' id='word_1_145' title='bbox 1019 1156 1149 1190; x_wconf 91' lang='lat' dir='ltr'>Confir-</span> 
     </span>
    </p>
   </div>
   <div class='ocr_carea' id='block_1_5' title="bbox 268 1205 1154 1696">
    <p class='ocr_par' dir='ltr' id='par_1_6' title="bbox 268 1205 1154 1696">
     <span class='ocr_line' id='line_1_23' title="bbox 271 1205 1150 1246; baseline -0.006 -3"><span class='ocrx_word' id='word_1_146' title='bbox 271 1219 344 1243; x_wconf 83' lang='lat' dir='ltr'>mat</span> <span class='ocrx_word' id='word_1_147' title='bbox 358 1219 424 1241; x_wconf 90' lang='lat' dir='ltr'>non</span> <span class='ocrx_word' id='word_1_148' title='bbox 445 1209 511 1243; x_wconf 90' lang='lat' dir='ltr'>sola</span> <span class='ocrx_word' id='word_1_149' title='bbox 531 1207 734 1240; x_wconf 83' lang='lat' dir='ltr'>observantia</span> <span class='ocrx_word' id='word_1_150' title='bbox 748 1231 758 1246; x_wconf 93' lang='lat'>,</span> <span class='ocrx_word' id='word_1_151' title='bbox 786 1205 839 1239; x_wconf 91' lang='lat' dir='ltr'>sed</span> <span class='ocrx_word' id='word_1_152' title='bbox 861 1206 960 1240; x_wconf 87' lang='lat' dir='ltr'>etiam</span> <span class='ocrx_word' id='word_1_153' title='bbox 981 1206 1150 1240; x_wconf 70' lang='lat' dir='ltr'>austerita-</span> 
     </span>
     <span class='ocr_line' id='line_1_24' title="bbox 268 1255 1148 1301; baseline -0.003 -9"><span class='ocrx_word' id='word_1_154' title='bbox 268 1268 307 1292; x_wconf 59' lang='lat' dir='ltr'>ste</span> <span class='ocrx_word' id='word_1_155' title='bbox 320 1283 327 1289; x_wconf 95' lang='lat'>.</span> <span class='ocrx_word' id='word_1_156' title='bbox 353 1257 464 1301; x_wconf 87' lang='lat' dir='ltr'>Pergit</span> <span class='ocrx_word' id='word_1_157' title='bbox 475 1257 635 1291; x_wconf 80' lang='lat' dir='ltr'>Pontifex</span> <span class='ocrx_word' id='word_1_158' title='bbox 650 1259 684 1292; x_wconf 79' lang='lat' dir='ltr'>in</span> <span class='ocrx_word' id='word_1_159' title='bbox 696 1257 854 1300; x_wconf 85' lang='lat' dir='ltr'>opusculo</span> <span class='ocrx_word' id='word_1_160' title='bbox 866 1256 907 1290; x_wconf 90' lang='lat' dir='ltr'>de</span> <span class='ocrx_word' id='word_1_161' title='bbox 917 1255 1062 1290; x_wconf 86' lang='lat' dir='ltr'>Vinculo</span> <span class='ocrx_word' id='word_1_162' title='bbox 1073 1267 1148 1289; x_wconf 89' lang='lat' dir='ltr'>ana-</span> 
     </span>
     <span class='ocr_line' id='line_1_25' title="bbox 270 1304 1152 1350; baseline -0.005 -9"><span class='ocrx_word' id='word_1_163' title='bbox 270 1306 449 1342; x_wconf 81' lang='lat' dir='ltr'>thematis:</span> <span class='ocrx_word' id='word_1_164' title='bbox 476 1307 620 1348; x_wconf 64' lang='lat' dir='ltr'>Nesorte‘</span> <span class='ocrx_word' id='word_1_165' title='bbox 638 1332 648 1348; x_wconf 94' lang='lat'>‚</span> <span class='ocrx_word' id='word_1_166' title='bbox 672 1308 753 1350; x_wconf 85' lang='lat' dir='ltr'>quod</span> <span class='ocrx_word' id='word_1_167' title='bbox 755 1305 852 1349; x_wconf 82' lang='lat' dir='ltr'>solent</span> <span class='ocrx_word' id='word_1_168' title='bbox 873 1304 1128 1349; x_wconf 78' lang='lat' dir='ltr'>Eutychianistae</span> <span class='ocrx_word' id='word_1_169' title='bbox 1141 1329 1152 1346; x_wconf 92' lang='lat'>,</span> 
     </span>
     <span class='ocr_line' id='line_1_26' title="bbox 274 1355 1147 1400; baseline -0.002 -10"><span class='ocrx_word' id='word_1_170' title='bbox 274 1358 381 1392; x_wconf 80' lang='lat' dir='ltr'>dicant</span> <span class='ocrx_word' id='word_1_171' title='bbox 392 1383 403 1399; x_wconf 91' lang='lat'>‚</span> <span class='ocrx_word' id='word_1_172' title='bbox 429 1359 509 1400; x_wconf 81' lang='lat' dir='ltr'>quod</span> <span class='ocrx_word' id='word_1_173' title='bbox 516 1356 680 1399; x_wconf 70' lang='lat' dir='ltr'>fisynodus</span> <span class='ocrx_word' id='word_1_174' title='bbox 692 1355 931 1396; x_wconf 80' lang='lat' dir='ltr'>Chalcedonenfis</span> <span class='ocrx_word' id='word_1_175' title='bbox 954 1358 1147 1396; x_wconf 70' lang='lat' dir='ltr'>admittitur,</span> 
     </span>
     <span class='ocr_line' id='line_1_27' title="bbox 275 1406 1150 1450; baseline -0.003 -9"><span class='ocrx_word' id='word_1_176' title='bbox 275 1413 375 1444; x_wconf 76' lang='lat' dir='ltr'>omma</span> <span class='ocrx_word' id='word_1_177' title='bbox 392 1407 519 1448; x_wconf 82' lang='lat' dir='ltr'>constare</span> <span class='ocrx_word' id='word_1_178' title='bbox 541 1406 667 1441; x_wconf 81' lang='lat' dir='ltr'>debeant</span> <span class='ocrx_word' id='word_1_179' title='bbox 677 1434 689 1450; x_wconf 91' lang='lat'>,</span> <span class='ocrx_word' id='word_1_180' title='bbox 715 1418 781 1449; x_wconf 80' lang='lat' dir='ltr'>quae</span> <span class='ocrx_word' id='word_1_181' title='bbox 799 1407 863 1440; x_wconf 78' lang='lat' dir='ltr'>illic·</span> <span class='ocrx_word' id='word_1_182' title='bbox 871 1408 1013 1440; x_wconf 82' lang='lat' dir='ltr'>videntur</span> <span class='ocrx_word' id='word_1_183' title='bbox 1030 1406 1080 1449; x_wconf 81' lang='lat' dir='ltr'>esse</span> <span class='ocrx_word' id='word_1_184' title='bbox 1099 1407 1150 1439; x_wconf 88' lang='lat' dir='ltr'>de—</span> 
     </span>
     <span class='ocr_line' id='line_1_28' title="bbox 269 1458 1150 1505; baseline -0.002 -14"><span class='ocrx_word' id='word_1_185' title='bbox 269 1466 431 1505; x_wconf 66' lang='lat' dir='ltr'>prompta.</span> <span class='ocrx_word' id='word_1_186' title='bbox 462 1463 520 1490; x_wconf 79' lang='lat' dir='ltr'>Aut</span> <span class='ocrx_word' id='word_1_187' title='bbox 539 1463 618 1491; x_wconf 89' lang='lat' dir='ltr'>enim</span> <span class='ocrx_word' id='word_1_188' title='bbox 638 1469 676 1491; x_wconf 76' lang='lat' dir='ltr'>ex</span> <span class='ocrx_word' id='word_1_189' title='bbox 701 1464 760 1490; x_wconf 89' lang='lat' dir='ltr'>toto</span> <span class='ocrx_word' id='word_1_190' title='bbox 771 1469 836 1492; x_wconf 85' lang='lat' dir='ltr'>eam</span> <span class='ocrx_word' id='word_1_191' title='bbox 858 1458 979 1490; x_wconf 76' lang='lat' dir='ltr'>admitti</span> <span class='ocrx_word' id='word_1_192' title='bbox 999 1465 1127 1499; x_wconf 85' lang='lat' dir='ltr'>oportere</span> <span class='ocrx_word' id='word_1_193' title='bbox 1139 1478 1150 1494; x_wconf 94' lang='lat'>,</span> 
     </span>
     <span class='ocr_line' id='line_1_29' title="bbox 271 1506 1152 1550; baseline -0.006 -8"><span class='ocrx_word' id='word_1_194' title='bbox 271 1506 365 1549; x_wconf 73' lang='lat' dir='ltr'>autst</span> <span class='ocrx_word' id='word_1_195' title='bbox 374 1515 509 1549; x_wconf 73' lang='lat' dir='ltr'>exparte</span> <span class='ocrx_word' id='word_1_196' title='bbox 520 1507 786 1550; x_wconf 76' lang='lat' dir='ltr'>repudiabilistst‚</span> <span class='ocrx_word' id='word_1_197' title='bbox 808 1508 932 1549; x_wconf 83' lang='lat' dir='ltr'>firmam</span> <span class='ocrx_word' id='word_1_198' title='bbox 952 1519 989 1540; x_wconf 80' lang='lat' dir='ltr'>ex</span> <span class='ocrx_word' id='word_1_199' title='bbox 1010 1515 1068 1540; x_wconf 82' lang='lat' dir='ltr'>toto</span> <span class='ocrx_word' id='word_1_200' title='bbox 1090 1517 1152 1538; x_wconf 86' lang='lat' dir='ltr'>con-</span> 
     </span>
     <span class='ocr_line' id='line_1_30' title="bbox 269 1554 1150 1603; baseline -0.003 -13"><span class='ocrx_word' id='word_1_201' title='bbox 269 1555 353 1600; x_wconf 70' lang='lat' dir='ltr'>stare</span> <span class='ocrx_word' id='word_1_202' title='bbox 373 1569 430 1591; x_wconf 90' lang='lat' dir='ltr'>non</span> <span class='ocrx_word' id='word_1_203' title='bbox 446 1558 522 1600; x_wconf 78' lang='lat' dir='ltr'>posse</span> <span class='ocrx_word' id='word_1_204' title='bbox 545 1583 552 1590; x_wconf 90' lang='lat'>.</span> <span class='ocrx_word' id='word_1_205' title='bbox 591 1554 775 1603; x_wconf 77' lang='lat' dir='ltr'>cognoscant</span> <span class='ocrx_word' id='word_1_206' title='bbox 790 1562 880 1600; x_wconf 80' lang='lat' dir='ltr'>igitur</span> <span class='ocrx_word' id='word_1_207' title='bbox 900 1558 978 1589; x_wconf 81' lang='lat' dir='ltr'>illud</span> <span class='ocrx_word' id='word_1_208' title='bbox 992 1555 1150 1598; x_wconf 71' lang='lat' dir='ltr'>ftcundum</span> 
     </span>
     <span class='ocr_line' id='line_1_31' title="bbox 274 1601 1153 1650; baseline -0.003 -11"><span class='ocrx_word' id='word_1_209' title='bbox 274 1609 450 1648; x_wconf 78' lang='lat' dir='ltr'>scripturas</span> <span class='ocrx_word' id='word_1_210' title='bbox 466 1607 612 1650; x_wconf 73' lang='lat' dir='ltr'>sanc‘las,</span> <span class='ocrx_word' id='word_1_211' title='bbox 638 1607 886 1648; x_wconf 79' lang='lat' dir='ltr'>traditionemque</span> <span class='ocrx_word' id='word_1_212' title='bbox 904 1608 1053 1645; x_wconf 81' lang='lat' dir='ltr'>Majorum</span> <span class='ocrx_word' id='word_1_213' title='bbox 1075 1627 1086 1642; x_wconf 92' lang='lat'>,</span> <span class='ocrx_word' id='word_1_214' title='bbox 1109 1601 1153 1645; x_wconf 84' lang='lat' dir='ltr'>se-</span> 
     </span>
     <span class='ocr_line' id='line_1_32' title="bbox 269 1653 1154 1696; baseline -0.005 -8"><span class='ocrx_word' id='word_1_215' title='bbox 269 1656 403 1688; x_wconf 58' lang='lat' dir='ltr'>ciendam</span> <span class='ocrx_word' id='word_1_216' title='bbox 412 1661 552 1689; x_wconf 77' lang='lat' dir='ltr'>Canones</span> <span class='ocrx_word' id='word_1_217' title='bbox 563 1658 745 1696; x_wconf 76' lang='lat' dir='ltr'>Regulasque</span> <span class='ocrx_word' id='word_1_218' title='bbox 754 1654 888 1692; x_wconf 81' lang='lat' dir='ltr'>Ecclefiae</span> <span class='ocrx_word' id='word_1_219' title='bbox 899 1678 910 1693; x_wconf 88' lang='lat'>,</span> <span class='ocrx_word' id='word_1_220' title='bbox 933 1663 990 1694; x_wconf 86' lang='lat' dir='ltr'>pro</span> <span class='ocrx_word' id='word_1_221' title='bbox 1008 1653 1070 1694; x_wconf 82' lang='lat' dir='ltr'>fide</span> <span class='ocrx_word' id='word_1_222' title='bbox 1080 1664 1154 1685; x_wconf 87' lang='lat' dir='ltr'>com-</span> 
     </span>
    </p>
   </div>
   <div class='ocr_carea' id='block_1_6' title="bbox 271 1702 1156 1744">
    <p class='ocr_par' dir='ltr' id='par_1_7' title="bbox 271 1702 1156 1744">
     <span class='ocr_line' id='line_1_33' title="bbox 271 1702 1156 1744; baseline -0.002 -8"><span class='ocrx_word' id='word_1_223' title='bbox 271 1709 358 1736; x_wconf 77' lang='lat' dir='ltr'>muni</span> <span class='ocrx_word' id='word_1_224' title='bbox 382 1703 416 1736; x_wconf 65' lang='lat' dir='ltr'>i&amp;</span> <span class='ocrx_word' id='word_1_225' title='bbox 437 1708 571 1736; x_wconf 79' lang='lat' dir='ltr'>veritate</span> <span class='ocrx_word' id='word_1_226' title='bbox 593 1702 748 1735; x_wconf 74' lang='lat' dir='ltr'>catholica</span> <span class='ocrx_word' id='word_1_227' title='bbox 774 1705 807 1735; x_wconf 71' lang='lat'>&amp;¹</span> <span class='ocrx_word' id='word_1_228' title='bbox 820 1702 997 1742; x_wconf 85' lang='lat' dir='ltr'>Apostolica,</span> <span class='ocrx_word' id='word_1_229' title='bbox 1019 1711 1077 1744; x_wconf 87' lang='lat' dir='ltr'>pro</span> <span class='ocrx_word' id='word_1_230' title='bbox 1097 1713 1156 1744; x_wconf 88' lang='lat' dir='ltr'>qua</span> 
     </span>
    </p>
   </div>
   <div class='ocr_carea' id='block_1_7' title="bbox 267 1750 1157 2437">
    <p class='ocr_par' dir='ltr' id='par_1_8' title="bbox 267 1750 1157 2437">
     <span class='ocr_line' id='line_1_34' title="bbox 272 1750 1154 1793; baseline 0 -9"><span class='ocrx_word' id='word_1_231' title='bbox 272 1751 353 1784; x_wconf 76' lang='lat' dir='ltr'>hanc</span> <span class='ocrx_word' id='word_1_232' title='bbox 358 1751 428 1792; x_wconf 71' lang='lat' dir='ltr'>fieri</span> <span class='ocrx_word' id='word_1_233' title='bbox 445 1753 535 1783; x_wconf 79' lang='lat' dir='ltr'>Sedes</span> <span class='ocrx_word' id='word_1_234' title='bbox 548 1750 704 1790; x_wconf 79' lang='lat' dir='ltr'>Apostolica</span> <span class='ocrx_word' id='word_1_235' title='bbox 717 1751 871 1790; x_wconf 83' lang='lat' dir='ltr'>delegavit</span> <span class='ocrx_word' id='word_1_236' title='bbox 882 1772 891 1786; x_wconf 92' lang='lat'>‚</span> <span class='ocrx_word' id='word_1_237' title='bbox 910 1750 1086 1793; x_wconf 67' lang='lat' dir='ltr'>faHamque</span> <span class='ocrx_word' id='word_1_238' title='bbox 1103 1751 1154 1792; x_wconf 86' lang='lat' dir='ltr'>fir-</span> 
     </span>
     <span class='ocr_line' id='line_1_35' title="bbox 273 1798 1153 1843; baseline 0.002 -11"><span class='ocrx_word' id='word_1_239' title='bbox 273 1805 376 1832; x_wconf 83' lang='lat' dir='ltr'>mavit</span> <span class='ocrx_word' id='word_1_240' title='bbox 388 1825 398 1841; x_wconf 93' lang='lat'>‚</span> <span class='ocrx_word' id='word_1_241' title='bbox 424 1802 445 1831; x_wconf 75' lang='lat' dir='ltr'>a</span> <span class='ocrx_word' id='word_1_242' title='bbox 466 1808 530 1832; x_wconf 90' lang='lat' dir='ltr'>tota</span> <span class='ocrx_word' id='word_1_243' title='bbox 551 1798 674 1838; x_wconf 75' lang='lat' dir='ltr'>Ecclesia</span> <span class='ocrx_word' id='word_1_244' title='bbox 689 1798 898 1834; x_wconf 73' lang='lat' dir='ltr'>indubitanter</span> <span class='ocrx_word' id='word_1_245' title='bbox 918 1802 1064 1843; x_wconf 80' lang='lat' dir='ltr'>admitti3</span> <span class='ocrx_word' id='word_1_246' title='bbox 1091 1802 1153 1834; x_wconf 85' lang='lat' dir='ltr'>alia</span> 
     </span>
     <span class='ocr_line' id='line_1_36' title="bbox 275 1847 1156 1892; baseline -0.002 -9"><span class='ocrx_word' id='word_1_247' title='bbox 275 1858 374 1884; x_wconf 84' lang='lat' dir='ltr'>autem</span> <span class='ocrx_word' id='word_1_248' title='bbox 392 1860 461 1891; x_wconf 80' lang='lat' dir='ltr'>quae</span> <span class='ocrx_word' id='word_1_249' title='bbox 476 1857 534 1891; x_wconf 85' lang='lat' dir='ltr'>per</span> <span class='ocrx_word' id='word_1_250' title='bbox 552 1854 794 1891; x_wconf 76' lang='lat' dir='ltr'>incompetentem</span> <span class='ocrx_word' id='word_1_251' title='bbox 811 1847 1074 1892; x_wconf 83' lang='lat' dir='ltr'>praesumptionem</span> <span class='ocrx_word' id='word_1_252' title='bbox 1097 1852 1156 1883; x_wconf 83' lang='lat' dir='ltr'>illic</span> 
     </span>
     <span class='ocr_line' id='line_1_37' title="bbox 270 1898 1152 1944; baseline -0.001 -11"><span class='ocrx_word' id='word_1_253' title='bbox 270 1900 393 1944; x_wconf 79' lang='lat' dir='ltr'>prolata</span> <span class='ocrx_word' id='word_1_254' title='bbox 397 1898 471 1943; x_wconf 85' lang='lat' dir='ltr'>sunt</span> <span class='ocrx_word' id='word_1_255' title='bbox 497 1901 549 1932; x_wconf 83' lang='lat' dir='ltr'>vel</span> <span class='ocrx_word' id='word_1_256' title='bbox 563 1905 665 1940; x_wconf 78' lang='lat' dir='ltr'>potius</span> <span class='ocrx_word' id='word_1_257' title='bbox 677 1900 847 1940; x_wconf 80' lang='lat' dir='ltr'>ventilata,</span> <span class='ocrx_word' id='word_1_258' title='bbox 875 1910 941 1942; x_wconf 84' lang='lat' dir='ltr'>quae</span> <span class='ocrx_word' id='word_1_259' title='bbox 962 1902 1053 1932; x_wconf 81' lang='lat' dir='ltr'>sedes</span> <span class='ocrx_word' id='word_1_260' title='bbox 1078 1904 1152 1941; x_wconf 79' lang='lat' dir='ltr'>Apo-</span> 
     </span>
     <span class='ocr_line' id='line_1_38' title="bbox 267 1949 1149 1994; baseline -0.002 -12"><span class='ocrx_word' id='word_1_261' title='bbox 267 1950 372 1993; x_wconf 70' lang='lat' dir='ltr'>stolica</span> <span class='ocrx_word' id='word_1_262' title='bbox 376 1949 512 1994; x_wconf 82' lang='lat' dir='ltr'>gerenda</span> <span class='ocrx_word' id='word_1_263' title='bbox 520 1950 688 1982; x_wconf 71' lang='lat' dir='ltr'>nullatenus</span> <span class='ocrx_word' id='word_1_264' title='bbox 699 1949 848 1990; x_wconf 82' lang='lat' dir='ltr'>delegavit</span> <span class='ocrx_word' id='word_1_265' title='bbox 860 1973 871 1989; x_wconf 93' lang='lat'>,</span> <span class='ocrx_word' id='word_1_266' title='bbox 896 1960 964 1982; x_wconf 84' lang='lat' dir='ltr'>mox</span> <span class='ocrx_word' id='word_1_267' title='bbox 985 1951 1005 1981; x_wconf 76' lang='grc' dir='ltr'>ἀ</span> <span class='ocrx_word' id='word_1_268' title='bbox 1023 1953 1149 1981; x_wconf 80' lang='lat' dir='ltr'>Vitariis</span> 
     </span>
     <span class='ocr_line' id='line_1_39' title="bbox 273 1997 1150 2041; baseline -0.005 -8"><span class='ocrx_word' id='word_1_269' title='bbox 273 2000 363 2034; x_wconf 74' lang='lat' dir='ltr'>Sedis</span> <span class='ocrx_word' id='word_1_270' title='bbox 385 1998 549 2041; x_wconf 68' lang='lat' dir='ltr'>Apostolicae</span> <span class='ocrx_word' id='word_1_271' title='bbox 570 1997 756 2032; x_wconf 50' lang='lat' dir='ltr'>contradidit</span> <span class='ocrx_word' id='word_1_272' title='bbox 777 1997 966 2038; x_wconf 64' lang='lat' dir='ltr'>manffestum</span> <span class='ocrx_word' id='word_1_273' title='bbox 988 1997 1025 2038; x_wconf 86' lang='lat' dir='ltr'>est</span> <span class='ocrx_word' id='word_1_274' title='bbox 1045 2022 1056 2036; x_wconf 93' lang='lat'>,</span> <span class='ocrx_word' id='word_1_275' title='bbox 1085 2009 1150 2038; x_wconf 79' lang='lat' dir='ltr'>quae</span> 
     </span>
     <span class='ocr_line' id='line_1_40' title="bbox 274 2046 1152 2091; baseline -0.006 -9"><span class='ocrx_word' id='word_1_276' title='bbox 274 2049 365 2082; x_wconf 72' lang='lat' dir='ltr'>§edes</span> <span class='ocrx_word' id='word_1_277' title='bbox 383 2047 540 2091; x_wconf 67' lang='lat' dir='ltr'>apostolica</span> <span class='ocrx_word' id='word_1_278' title='bbox 551 2072 563 2088; x_wconf 96' lang='lat'>,</span> <span class='ocrx_word' id='word_1_279' title='bbox 590 2051 681 2081; x_wconf 82' lang='lat' dir='ltr'>etiam</span> <span class='ocrx_word' id='word_1_280' title='bbox 696 2053 819 2086; x_wconf 81' lang='lat' dir='ltr'>petente</span> <span class='ocrx_word' id='word_1_281' title='bbox 841 2051 976 2089; x_wconf 76' lang='lat' dir='ltr'>Principe</span> <span class='ocrx_word' id='word_1_282' title='bbox 988 2072 999 2087; x_wconf 92' lang='lat'>‚</span> <span class='ocrx_word' id='word_1_283' title='bbox 1026 2046 1152 2079; x_wconf 84' lang='lat' dir='ltr'>nullate-</span> 
     </span>
     <span class='ocr_line' id='line_1_41' title="bbox 272 2094 1154 2140; baseline -0.006 -9"><span class='ocrx_word' id='word_1_284' title='bbox 272 2099 333 2132; x_wconf 74' lang='lat' dir='ltr'>m&#39;is</span> <span class='ocrx_word' id='word_1_285' title='bbox 354 2098 560 2140; x_wconf 78' lang='lat' dir='ltr'>approbavit,</span> <span class='ocrx_word' id='word_1_286' title='bbox 587 2098 670 2129; x_wconf 88' lang='lat' dir='ltr'>nulla</span> <span class='ocrx_word' id='word_1_287' title='bbox 690 2101 803 2129; x_wconf 82' lang='lat' dir='ltr'>ratione</span> <span class='ocrx_word' id='word_1_288' title='bbox 809 2096 948 2136; x_wconf 82' lang='lat' dir='ltr'>sustinet.</span> <span class='ocrx_word' id='word_1_289' title='bbox 980 2095 1023 2126; x_wconf 89' lang='lat' dir='ltr'>Et</span> <span class='ocrx_word' id='word_1_290' title='bbox 1050 2094 1154 2127; x_wconf 74' lang='lat' dir='ltr'>infra:</span> 
     </span>
     <span class='ocr_line' id='line_1_42' title="bbox 275 2143 1157 2186; baseline -0.006 -6"><span class='ocrx_word' id='word_1_291' title='bbox 275 2151 382 2181; x_wconf 83' lang='lat' dir='ltr'>Totum</span> <span class='ocrx_word' id='word_1_292' title='bbox 402 2152 435 2178; x_wconf 82' lang='lat' dir='ltr'>in</span> <span class='ocrx_word' id='word_1_293' title='bbox 446 2145 609 2186; x_wconf 76' lang='lat' dir='ltr'>Apostolicae</span> <span class='ocrx_word' id='word_1_294' title='bbox 629 2147 717 2177; x_wconf 78' lang='lat' dir='ltr'>Sedis</span> <span class='ocrx_word' id='word_1_295' title='bbox 723 2143 846 2183; x_wconf 81' lang='lat' dir='ltr'>pofitum</span> <span class='ocrx_word' id='word_1_296' title='bbox 870 2143 907 2181; x_wconf 83' lang='lat' dir='ltr'>est</span> <span class='ocrx_word' id='word_1_297' title='bbox 917 2143 1079 2184; x_wconf 75' lang='lat' dir='ltr'>potestate.</span> <span class='ocrx_word' id='word_1_298' title='bbox 1108 2148 1157 2176; x_wconf 85' lang='lat' dir='ltr'>Ita</span> 
     </span>
     <span class='ocr_line' id='line_1_43' title="bbox 275 2192 1153 2238; baseline -0.001 -11"><span class='ocrx_word' id='word_1_299' title='bbox 275 2197 357 2238; x_wconf 80' lang='lat' dir='ltr'>quod</span> <span class='ocrx_word' id='word_1_300' title='bbox 375 2193 516 2235; x_wconf 85' lang='lat' dir='ltr'>firmavit</span> <span class='ocrx_word' id='word_1_301' title='bbox 535 2199 568 2226; x_wconf 82' lang='lat' dir='ltr'>in</span> <span class='ocrx_word' id='word_1_302' title='bbox 579 2195 685 2230; x_wconf 66' lang='lat' dir='ltr'>synodo</span> <span class='ocrx_word' id='word_1_303' title='bbox 696 2193 785 2226; x_wconf 76' lang='lat' dir='ltr'>Sedes</span> <span class='ocrx_word' id='word_1_304' title='bbox 797 2193 954 2235; x_wconf 73' lang='lat' dir='ltr'>apostolica</span> <span class='ocrx_word' id='word_1_305' title='bbox 964 2218 976 2233; x_wconf 94' lang='lat'>,</span> <span class='ocrx_word' id='word_1_306' title='bbox 1002 2193 1052 2225; x_wconf 89' lang='lat' dir='ltr'>boc</span> <span class='ocrx_word' id='word_1_307' title='bbox 1069 2192 1153 2226; x_wconf 86' lang='lat' dir='ltr'>robur</span> 
     </span>
     <span class='ocr_line' id='line_1_44' title="bbox 275 2242 1153 2287; baseline -0.002 -10"><span class='ocrx_word' id='word_1_308' title='bbox 275 2244 420 2278; x_wconf 79' lang='lat' dir='ltr'>obtinuit.</span> <span class='ocrx_word' id='word_1_309' title='bbox 445 2243 540 2287; x_wconf 76' lang='lat' dir='ltr'>,Quod</span> <span class='ocrx_word' id='word_1_310' title='bbox 546 2242 695 2283; x_wconf 81' lang='lat' dir='ltr'>refutavit</span> <span class='ocrx_word' id='word_1_311' title='bbox 707 2265 719 2281; x_wconf 93' lang='lat'>‚</span> <span class='ocrx_word' id='word_1_312' title='bbox 744 2242 855 2276; x_wconf 86' lang='lat' dir='ltr'>babere</span> <span class='ocrx_word' id='word_1_313' title='bbox 866 2255 924 2276; x_wconf 86' lang='lat' dir='ltr'>non</span> <span class='ocrx_word' id='word_1_314' title='bbox 942 2249 1043 2285; x_wconf 85' lang='lat' dir='ltr'>potuit</span> <span class='ocrx_word' id='word_1_315' title='bbox 1059 2243 1153 2285; x_wconf 81' lang='lat' dir='ltr'>firmi-</span> 
     </span>
     <span class='ocr_line' id='line_1_45' title="bbox 275 2290 1156 2335; baseline -0.003 -7"><span class='ocrx_word' id='word_1_316' title='bbox 275 2302 371 2328; x_wconf 75' lang='lat' dir='ltr'>tatem</span> <span class='ocrx_word' id='word_1_317' title='bbox 390 2318 397 2325; x_wconf 94' lang='lat'>.</span> <span class='ocrx_word' id='word_1_318' title='bbox 423 2294 470 2325; x_wconf 85' lang='lat' dir='ltr'>Et</span> <span class='ocrx_word' id='word_1_319' title='bbox 482 2290 546 2335; x_wconf 85' lang='lat' dir='ltr'>sola</span> <span class='ocrx_word' id='word_1_320' title='bbox 565 2291 704 2334; x_wconf 80' lang='lat' dir='ltr'>rescindit</span> <span class='ocrx_word' id='word_1_321' title='bbox 746 2316 758 2333; x_wconf 94' lang='lat'>,</span> <span class='ocrx_word' id='word_1_322' title='bbox 783 2295 864 2335; x_wconf 78' lang='lat' dir='ltr'>&#39;q‘uod</span> <span class='ocrx_word' id='word_1_323' title='bbox 882 2301 996 2334; x_wconf 83' lang='lat' dir='ltr'>praeter</span> <span class='ocrx_word' id='word_1_324' title='bbox 1021 2293 1156 2326; x_wconf 81' lang='lat' dir='ltr'>ordinem</span> 
     </span>
     <span class='ocr_line' id='line_1_46' title="bbox 275 2342 1149 2386; baseline -0.001 -9"><span class='ocrx_word' id='word_1_325' title='bbox 275 2347 457 2386; x_wconf 83' lang='lat' dir='ltr'>congregatio</span> <span class='ocrx_word' id='word_1_326' title='bbox 475 2342 612 2380; x_wconf 71' lang='lat' dir='ltr'>synodica</span> <span class='ocrx_word' id='word_1_327' title='bbox 621 2350 792 2383; x_wconf 76' lang='lat' dir='ltr'>putaverat</span> <span class='ocrx_word' id='word_1_328' title='bbox 802 2342 1023 2385; x_wconf 71' lang='lat' dir='ltr'>usurpandum.</span> <span class='ocrx_word' id='word_1_329' title='bbox 1051 2343 1149 2376; x_wconf 87' lang='lat' dir='ltr'>Luci-</span> 
     </span>
     <span class='ocr_line' id='line_1_47' title="bbox 275 2392 1151 2437; baseline 0 -10"><span class='ocrx_word' id='word_1_330' title='bbox 275 2392 320 2427; x_wconf 72' lang='grc' dir='ltr'>ἀὲ</span> <span class='ocrx_word' id='word_1_331' title='bbox 329 2392 478 2426; x_wconf 84' lang='lat' dir='ltr'>adfirmat</span> <span class='ocrx_word' id='word_1_332' title='bbox 487 2392 653 2436; x_wconf 86' lang='lat' dir='ltr'>generales</span> <span class='ocrx_word' id='word_1_333' title='bbox 662 2392 816 2436; x_wconf 87' lang='lat' dir='ltr'>Synodos</span> <span class='ocrx_word' id='word_1_334' title='bbox 826 2404 895 2426; x_wconf 92' lang='lat' dir='ltr'>non</span> <span class='ocrx_word' id='word_1_335' title='bbox 907 2392 1012 2428; x_wconf 76' lang='lat' dir='ltr'>solum</span> <span class='ocrx_word' id='word_1_336' title='bbox 1034 2393 1151 2437; x_wconf 69' lang='lat' dir='ltr'>praevio</span> 
     </span>
    </p>
   </div>
   <div class='ocr_carea' id='block_1_8' title="bbox 237 2439 1156 2486">
    <p class='ocr_par' dir='ltr' id='par_1_9' title="bbox 237 2439 1156 2486">
     <span class='ocr_line' id='line_1_48' title="bbox 237 2439 1156 2486; baseline -0.002 -8"><span class='ocrx_word' id='word_1_337' title='bbox 237 2475 239 2477; x_wconf 73' lang='grc'><strong>,</strong></span> <span class='ocrx_word' id='word_1_338' title='bbox 275 2441 438 2478; x_wconf 86' lang='lat' dir='ltr'>mandato</span> <span class='ocrx_word' id='word_1_339' title='bbox 453 2464 464 2481; x_wconf 93' lang='lat'>‚</span> <span class='ocrx_word' id='word_1_340' title='bbox 491 2439 693 2486; x_wconf 87' lang='lat' dir='ltr'>agendorum</span> <span class='ocrx_word' id='word_1_341' title='bbox 718 2442 962 2485; x_wconf 75' lang='lat' dir='ltr'>propositione,</span> <span class='ocrx_word' id='word_1_342' title='bbox 986 2454 1026 2477; x_wconf 83' lang='lat' dir='ltr'>ac</span> <span class='ocrx_word' id='word_1_343' title='bbox 1048 2443 1156 2477; x_wconf 84' lang='lat' dir='ltr'>suffra-</span> 
     </span>
    </p>
   </div>
   <div class='ocr_carea' id='block_1_9' title="bbox 274 2490 1157 2931">
    <p class='ocr_par' dir='ltr' id='par_1_10' title="bbox 274 2490 1157 2931">
     <span class='ocr_line' id='line_1_49' title="bbox 277 2490 1156 2537; baseline 0.002 -13"><span class='ocrx_word' id='word_1_344' title='bbox 277 2490 328 2537; x_wconf 81' lang='lat' dir='ltr'>gii</span> <span class='ocrx_word' id='word_1_345' title='bbox 346 2491 574 2535; x_wconf 69' lang='lat' dir='ltr'>praerogativa,</span> <span class='ocrx_word' id='word_1_346' title='bbox 601 2491 654 2525; x_wconf 92' lang='lat' dir='ltr'>sed</span> <span class='ocrx_word' id='word_1_347' title='bbox 677 2492 804 2534; x_wconf 84' lang='lat' dir='ltr'>insuper</span> <span class='ocrx_word' id='word_1_348' title='bbox 825 2492 985 2527; x_wconf 60' lang='lat' dir='ltr'>Actorum</span> <span class='ocrx_word' id='word_1_349' title='bbox 1004 2494 1156 2527; x_wconf 81' lang='lat' dir='ltr'>examine</span> 
     </span>
     <span class='ocr_line' id='line_1_50' title="bbox 274 2541 1157 2586; baseline 0.002 -12"><span class='ocrx_word' id='word_1_350' title='bbox 274 2542 314 2575; x_wconf 72' lang='grc' dir='ltr'>δε</span> <span class='ocrx_word' id='word_1_351' title='bbox 327 2541 399 2584; x_wconf 86' lang='lat' dir='ltr'>ipsis</span> <span class='ocrx_word' id='word_1_352' title='bbox 410 2541 575 2584; x_wconf 83' lang='lat' dir='ltr'>impartita</span> <span class='ocrx_word' id='word_1_353' title='bbox 587 2543 778 2576; x_wconf 73' lang='lat' dir='ltr'>austoritate</span> <span class='ocrx_word' id='word_1_354' title='bbox 801 2544 862 2577; x_wconf 76' lang='lat' dir='ltr'>esse</span> <span class='ocrx_word' id='word_1_355' title='bbox 881 2543 899 2577; x_wconf 75' lang='lat' dir='ltr'>a</span> <span class='ocrx_word' id='word_1_356' title='bbox 912 2542 1067 2577; x_wconf 85' lang='lat' dir='ltr'>Romano</span> <span class='ocrx_word' id='word_1_357' title='bbox 1079 2542 1157 2586; x_wconf 85' lang='lat' dir='ltr'>Epi·</span> 
     </span>
     <span class='ocr_line' id='line_1_51' title="bbox 275 2590 1157 2633; baseline 0.003 -9"><span class='ocrx_word' id='word_1_358' title='bbox 275 2591 380 2633; x_wconf 79' lang='lat' dir='ltr'>scopo</span> <span class='ocrx_word' id='word_1_359' title='bbox 391 2590 652 2625; x_wconf 81' lang='lat' dir='ltr'>confirmandas.</span> <span class='ocrx_word' id='word_1_360' title='bbox 678 2591 843 2625; x_wconf 81' lang='lat' dir='ltr'>Adfirmat</span> <span class='ocrx_word' id='word_1_361' title='bbox 863 2591 948 2627; x_wconf 83' lang='lat' dir='ltr'>hanc</span> <span class='ocrx_word' id='word_1_362' title='bbox 969 2593 1032 2626; x_wconf 76' lang='lat' dir='ltr'>esse</span> <span class='ocrx_word' id='word_1_363' title='bbox 1053 2593 1090 2626; x_wconf 91' lang='lat' dir='ltr'>in</span> <span class='ocrx_word' id='word_1_364' title='bbox 1111 2593 1157 2627; x_wconf 82' lang='lat' dir='ltr'>sa-</span> 
     </span>
     <span class='ocr_line' id='line_1_52' title="bbox 275 2638 1157 2683; baseline 0.002 -9"><span class='ocrx_word' id='word_1_365' title='bbox 275 2640 343 2674; x_wconf 81' lang='lat' dir='ltr'>cris</span> <span class='ocrx_word' id='word_1_366' title='bbox 366 2639 482 2673; x_wconf 85' lang='lat' dir='ltr'>litteris</span> <span class='ocrx_word' id='word_1_367' title='bbox 502 2638 671 2673; x_wconf 85' lang='lat' dir='ltr'>fundatam</span> <span class='ocrx_word' id='word_1_368' title='bbox 691 2640 858 2683; x_wconf 83' lang='lat' dir='ltr'>Majorum</span> <span class='ocrx_word' id='word_1_369' title='bbox 874 2642 1088 2677; x_wconf 84' lang='lat' dir='ltr'>traditionem</span> <span class='ocrx_word' id='word_1_370' title='bbox 1120 2653 1157 2676; x_wconf 88' lang='lat' dir='ltr'>ac</span> 
     </span>
     <span class='ocr_line' id='line_1_53' title="bbox 277 2687 1152 2736; baseline 0.005 -14"><span class='ocrx_word' id='word_1_371' title='bbox 277 2688 429 2722; x_wconf 78' lang='lat' dir='ltr'>Ecclefiae</span> <span class='ocrx_word' id='word_1_372' title='bbox 439 2687 625 2733; x_wconf 79' lang='lat' dir='ltr'>Regulam,</span> <span class='ocrx_word' id='word_1_373' title='bbox 651 2689 791 2734; x_wconf 90' lang='lat' dir='ltr'>ideoque</span> <span class='ocrx_word' id='word_1_374' title='bbox 814 2692 1008 2726; x_wconf 88' lang='lat' dir='ltr'>Romanum</span> <span class='ocrx_word' id='word_1_375' title='bbox 1019 2692 1152 2736; x_wconf 87' lang='lat' dir='ltr'>Episco-</span> 
     </span>
     <span class='ocr_line' id='line_1_54' title="bbox 280 2737 1149 2782; baseline 0.006 -12"><span class='ocrx_word' id='word_1_376' title='bbox 280 2748 363 2781; x_wconf 80' lang='lat' dir='ltr'>pum</span> <span class='ocrx_word' id='word_1_377' title='bbox 384 2738 471 2780; x_wconf 78' lang='lat' dir='ltr'>posse</span> <span class='ocrx_word' id='word_1_378' title='bbox 505 2749 546 2771; x_wconf 88' lang='lat' dir='ltr'>ex</span> <span class='ocrx_word' id='word_1_379' title='bbox 566 2737 708 2781; x_wconf 84' lang='lat' dir='ltr'>ejusdem</span> <span class='ocrx_word' id='word_1_380' title='bbox 739 2739 867 2782; x_wconf 86' lang='lat' dir='ltr'>Synodi</span> <span class='ocrx_word' id='word_1_381' title='bbox 892 2742 983 2775; x_wconf 74' lang='grc' dir='ltr'>Λᾶἰς</span> <span class='ocrx_word' id='word_1_382' title='bbox 1021 2741 1149 2776; x_wconf 86' lang='lat' dir='ltr'>firmare</span> 
     </span>
     <span class='ocr_line' id='line_1_55' title="bbox 279 2785 1151 2838; baseline 0.006 -17"><span class='ocrx_word' id='word_1_383' title='bbox 279 2797 410 2826; x_wconf 88' lang='lat' dir='ltr'>unum,</span> <span class='ocrx_word' id='word_1_384' title='bbox 437 2785 525 2820; x_wconf 87' lang='lat' dir='ltr'>aliud</span> <span class='ocrx_word' id='word_1_385' title='bbox 544 2799 679 2823; x_wconf 84' lang='lat' dir='ltr'>vacuare</span> <span class='ocrx_word' id='word_1_386' title='bbox 696 2814 704 2822; x_wconf 92' lang='lat'>.</span> <span class='ocrx_word' id='word_1_387' title='bbox 731 2790 815 2838; x_wconf 77' lang='lat' dir='ltr'>Qae</span> <span class='ocrx_word' id='word_1_388' title='bbox 833 2793 944 2825; x_wconf 86' lang='lat' dir='ltr'>omnia</span> <span class='ocrx_word' id='word_1_389' title='bbox 965 2793 1064 2826; x_wconf 86' lang='lat' dir='ltr'>etiam</span> <span class='ocrx_word' id='word_1_390' title='bbox 1093 2793 1151 2825; x_wconf 87' lang='lat' dir='ltr'>Fa-</span> 
     </span>
     <span class='ocr_line' id='line_1_56' title="bbox 277 2835 1155 2887; baseline 0.008 -18"><span class='ocrx_word' id='word_1_391' title='bbox 277 2835 410 2871; x_wconf 79' lang='lat' dir='ltr'>cundus</span> <span class='ocrx_word' id='word_1_392' title='bbox 429 2835 672 2873; x_wconf 85' lang='lat' dir='ltr'>Hermianenfis</span> <span class='ocrx_word' id='word_1_393' title='bbox 695 2838 871 2883; x_wconf 85' lang='lat' dir='ltr'>Episcopus</span> <span class='ocrx_word' id='word_1_394' title='bbox 893 2865 903 2880; x_wconf 92' lang='lat'>‚</span> <span class='ocrx_word' id='word_1_395' title='bbox 938 2840 1090 2887; x_wconf 78' lang='lat' dir='ltr'>Pelagius</span> <span class='ocrx_word' id='word_1_396' title='bbox 1111 2843 1155 2876; x_wconf 88' lang='lat' dir='ltr'>se-</span> 
     </span>
     <span class='ocr_line' id='line_1_57' title="bbox 281 2883 1155 2931; baseline 0.006 -10"><span class='ocrx_word' id='word_1_397' title='bbox 281 2885 453 2921; x_wconf 82' lang='lat' dir='ltr'>cundusin</span> <span class='ocrx_word' id='word_1_398' title='bbox 466 2883 592 2920; x_wconf 81' lang='lat' dir='ltr'>laudata</span> <span class='ocrx_word' id='word_1_399' title='bbox 607 2886 749 2931; x_wconf 85' lang='lat' dir='ltr'>Epistola</span> <span class='ocrx_word' id='word_1_400' title='bbox 761 2913 772 2929; x_wconf 87' lang='lat'>,</span> <span class='ocrx_word' id='word_1_401' title='bbox 797 2891 883 2924; x_wconf 88' lang='lat' dir='ltr'>acin</span> <span class='ocrx_word' id='word_1_402' title='bbox 897 2891 1011 2926; x_wconf 89' lang='lat' dir='ltr'>litteris</span> <span class='ocrx_word' id='word_1_403' title='bbox 1031 2892 1072 2926; x_wconf 90' lang='lat' dir='ltr'>ad</span> <span class='ocrx_word' id='word_1_404' title='bbox 1084 2892 1155 2925; x_wconf 83' lang='lat' dir='ltr'>Mi-</span> 
     </span>
    </p>
   </div>
   <div class='ocr_carea' id='block_1_10' title="bbox 281 2934 1149 3021">
    <p class='ocr_par' dir='ltr' id='par_1_11' title="bbox 281 2934 1149 3021">
     <span class='ocr_line' id='line_1_58' title="bbox 282 2934 1149 2987; baseline 0.008 -17"><span class='ocrx_word' id='word_1_405' title='bbox 282 2934 430 2970; x_wconf 86' lang='lat' dir='ltr'>chaelem</span> <span class='ocrx_word' id='word_1_406' title='bbox 451 2934 681 2978; x_wconf 81' lang='lat' dir='ltr'>Imperatorem</span> <span class='ocrx_word' id='word_1_407' title='bbox 715 2939 856 2975; x_wconf 85' lang='lat' dir='ltr'>clamant</span> <span class='ocrx_word' id='word_1_408' title='bbox 893 2941 927 2975; x_wconf 89' lang='lat'>&amp;</span> <span class='ocrx_word' id='word_1_409' title='bbox 964 2942 1149 2987; x_wconf 87' lang='lat' dir='ltr'>supponunt</span> 
     </span>
     <span class='ocr_line' id='line_1_59' title="bbox 281 2983 640 3021; baseline -0.003 -1"><span class='ocrx_word' id='word_1_410' title='bbox 281 2983 441 3021; x_wconf 81' lang='lat' dir='ltr'>Pontifex</span> <span class='ocrx_word' id='word_1_411' title='bbox 459 2983 640 3021; x_wconf 80' lang='lat' dir='ltr'>Nicolaus.</span> 
     </span>
    </p>
   </div>
   <div class='ocr_carea' id='block_1_11' title="bbox 632 3091 823 3198">
    <p class='ocr_par' dir='ltr' id='par_1_12' title="bbox 632 3091 823 3198">
     <span class='ocr_line' id='line_1_60' title="bbox 632 3091 823 3198; baseline -0.005 0"><span class='ocrx_word' id='word_1_412' title='bbox 632 3091 823 3198; x_wconf 59' lang='grc' dir='ltr'>ἴὲἶζῶ</span> 
     </span>
    </p>
   </div>
   <div class='ocr_carea' id='block_1_12' title="bbox 381 3382 786 3431">
    <p class='ocr_par' dir='ltr' id='par_1_13' title="bbox 381 3382 786 3431">
     <span class='ocr_line' id='line_1_61' title="bbox 381 3382 786 3431; baseline 0 -9"><span class='ocrx_word' id='word_1_413' title='bbox 381 3382 572 3431; x_wconf 68' lang='lat' dir='ltr'>cbristLupi</span> <span class='ocrx_word' id='word_1_414' title='bbox 579 3391 664 3431; x_wconf 81' lang='lat' dir='ltr'>oper.</span> <span class='ocrx_word' id='word_1_415' title='bbox 672 3388 786 3422; x_wconf 78' lang='lat' dir='ltr'>TomV.</span> 
     </span>
    </p>
   </div>
   <div class='ocr_carea' id='block_1_13' title="bbox 1926 142 2023 189">
    <p class='ocr_par' dir='ltr' id='par_1_14' title="bbox 1926 142 2023 189">
     <span class='ocr_line' id='line_1_62' title="bbox 1926 142 2023 189; baseline -0.021 -2"><span class='ocrx_word' id='word_1_416' title='bbox 1926 142 2023 189; x_wconf 81' lang='lat'>349</span> 
     </span>
    </p>
   </div>
   <div class='ocr_carea' id='block_1_14' title="bbox 1205 207 2117 2985">
    <p class='ocr_par' dir='ltr' id='par_1_15' title="bbox 1205 207 2117 1632">
     <span class='ocr_line' id='line_1_63' title="bbox 1256 207 2088 254; baseline 0.007 -13"><span class='ocrx_word' id='word_1_417' title='bbox 1256 208 1334 242; x_wconf 91' lang='lat' dir='ltr'>Hoc</span> <span class='ocrx_word' id='word_1_418' title='bbox 1361 209 1467 252; x_wconf 89' lang='lat' dir='ltr'>ipsum</span> <span class='ocrx_word' id='word_1_419' title='bbox 1486 207 1606 243; x_wconf 84' lang='lat' dir='ltr'>clamat</span> <span class='ocrx_word' id='word_1_420' title='bbox 1632 208 1666 243; x_wconf 90' lang='lat'>&amp;</span> <span class='ocrx_word' id='word_1_421' title='bbox 1689 208 1843 254; x_wconf 82' lang='lat' dir='ltr'>supponit</span> <span class='ocrx_word' id='word_1_422' title='bbox 1869 220 1924 254; x_wconf 88' lang='lat' dir='ltr'>per</span> <span class='ocrx_word' id='word_1_423' title='bbox 1935 210 2088 254; x_wconf 82' lang='lat' dir='ltr'>Synodos</span> 
     </span>
     <span class='ocr_line' id='line_1_64' title="bbox 1205 258 2090 302; baseline 0.005 -10"><span class='ocrx_word' id='word_1_424' title='bbox 1205 258 1375 298; x_wconf 83' lang='lat' dir='ltr'>facienda,</span> <span class='ocrx_word' id='word_1_425' title='bbox 1401 270 1498 301; x_wconf 87' lang='lat' dir='ltr'>quam</span> <span class='ocrx_word' id='word_1_426' title='bbox 1514 258 1532 291; x_wconf 73' lang='grc' dir='ltr'>ὲ</span> <span class='ocrx_word' id='word_1_427' title='bbox 1553 258 1677 301; x_wconf 88' lang='lat' dir='ltr'>Joanne</span> <span class='ocrx_word' id='word_1_428' title='bbox 1688 259 1841 302; x_wconf 83' lang='lat' dir='ltr'>Launojo</span> <span class='ocrx_word' id='word_1_429' title='bbox 1870 259 2000 295; x_wconf 86' lang='lat' dir='ltr'>admitti</span> <span class='ocrx_word' id='word_1_430' title='bbox 2025 272 2090 296; x_wconf 88' lang='lat' dir='ltr'>cre-</span> 
     </span>
     <span class='ocr_line' id='line_1_65' title="bbox 1206 308 2088 352; baseline 0 -10"><span class='ocrx_word' id='word_1_431' title='bbox 1206 308 1344 342; x_wconf 88' lang='lat' dir='ltr'>diderim</span> <span class='ocrx_word' id='word_1_432' title='bbox 1374 332 1386 348; x_wconf 91' lang='lat'>‚</span> <span class='ocrx_word' id='word_1_433' title='bbox 1412 309 1452 343; x_wconf 84' lang='lat' dir='ltr'>ad</span> <span class='ocrx_word' id='word_1_434' title='bbox 1478 308 1671 343; x_wconf 86' lang='lat' dir='ltr'>Romanum</span> <span class='ocrx_word' id='word_1_435' title='bbox 1699 309 1897 352; x_wconf 86' lang='lat' dir='ltr'>Episcopum</span> <span class='ocrx_word' id='word_1_436' title='bbox 1933 309 2088 345; x_wconf 87' lang='lat' dir='ltr'>Relatio.</span> 
     </span>
     <span class='ocr_line' id='line_1_66' title="bbox 1207 358 2089 403; baseline 0.003 -11"><span class='ocrx_word' id='word_1_437' title='bbox 1207 358 1285 402; x_wconf 84' lang='lat' dir='ltr'>Ejus</span> <span class='ocrx_word' id='word_1_438' title='bbox 1307 358 1407 392; x_wconf 85' lang='lat' dir='ltr'>etiam</span> <span class='ocrx_word' id='word_1_439' title='bbox 1429 358 1537 401; x_wconf 84' lang='lat' dir='ltr'>quoad</span> <span class='ocrx_word' id='word_1_440' title='bbox 1562 358 1619 393; x_wconf 89' lang='lat' dir='ltr'>illa</span> <span class='ocrx_word' id='word_1_441' title='bbox 1637 382 1648 398; x_wconf 87' lang='lat'>,</span> <span class='ocrx_word' id='word_1_442' title='bbox 1694 370 1764 403; x_wconf 82' lang='lat' dir='ltr'>quae</span> <span class='ocrx_word' id='word_1_443' title='bbox 1790 359 1831 394; x_wconf 88' lang='lat' dir='ltr'>ad</span> <span class='ocrx_word' id='word_1_444' title='bbox 1858 359 2089 403; x_wconf 87' lang='lat' dir='ltr'>Apostolicum</span> 
     </span>
     <span class='ocr_line' id='line_1_67' title="bbox 1207 407 2091 455; baseline 0.001 -12"><span class='ocrx_word' id='word_1_445' title='bbox 1207 407 1400 443; x_wconf 88' lang='lat' dir='ltr'>mandatum</span> <span class='ocrx_word' id='word_1_446' title='bbox 1426 431 1437 447; x_wconf 86' lang='lat'>‚</span> <span class='ocrx_word' id='word_1_447' title='bbox 1475 408 1730 450; x_wconf 83' lang='lat' dir='ltr'>propositionem</span> <span class='ocrx_word' id='word_1_448' title='bbox 1767 419 1864 453; x_wconf 85' lang='lat' dir='ltr'>atque</span> <span class='ocrx_word' id='word_1_449' title='bbox 1902 410 2091 455; x_wconf 86' lang='lat' dir='ltr'>suffragium</span> 
     </span>
     <span class='ocr_line' id='line_1_68' title="bbox 1207 457 2091 498; baseline 0.001 -6"><span class='ocrx_word' id='word_1_450' title='bbox 1207 460 1280 492; x_wconf 89' lang='lat' dir='ltr'>sunt</span> <span class='ocrx_word' id='word_1_451' title='bbox 1308 459 1399 498; x_wconf 70' lang='lat' dir='ltr'>asta,</span> <span class='ocrx_word' id='word_1_452' title='bbox 1425 457 1640 491; x_wconf 76' lang='lat' dir='ltr'>neceffitatem</span> <span class='ocrx_word' id='word_1_453' title='bbox 1661 458 1761 492; x_wconf 84' lang='lat' dir='ltr'>edicit</span> <span class='ocrx_word' id='word_1_454' title='bbox 1785 458 1996 493; x_wconf 88' lang='lat' dir='ltr'>Constantini</span> <span class='ocrx_word' id='word_1_455' title='bbox 2022 459 2091 493; x_wconf 80' lang='lat' dir='ltr'>Au·</span> 
     </span>
     <span class='ocr_line' id='line_1_69' title="bbox 1208 507 2091 552; baseline 0.003 -12"><span class='ocrx_word' id='word_1_456' title='bbox 1208 507 1291 552; x_wconf 85' lang='lat' dir='ltr'>gusti</span> <span class='ocrx_word' id='word_1_457' title='bbox 1312 508 1350 541; x_wconf 83' lang='lat' dir='ltr'>ad</span> <span class='ocrx_word' id='word_1_458' title='bbox 1379 509 1532 541; x_wconf 71' lang='lat' dir='ltr'>Sanstum</span> <span class='ocrx_word' id='word_1_459' title='bbox 1553 507 1701 541; x_wconf 89' lang='lat' dir='ltr'>Leonem</span> <span class='ocrx_word' id='word_1_460' title='bbox 1729 509 1907 542; x_wconf 88' lang='lat' dir='ltr'>secundum</span> <span class='ocrx_word' id='word_1_461' title='bbox 1936 508 2091 543; x_wconf 87' lang='lat' dir='ltr'>Relatio:</span> 
     </span>
     <span class='ocr_line' id='line_1_70' title="bbox 1209 556 2117 600; baseline 0.002 -10"><span class='ocrx_word' id='word_1_462' title='bbox 1209 563 1271 590; x_wconf 86' lang='lat' dir='ltr'>Cur</span> <span class='ocrx_word' id='word_1_463' title='bbox 1294 562 1327 589; x_wconf 83' lang='lat' dir='ltr'>in</span> <span class='ocrx_word' id='word_1_464' title='bbox 1349 556 1404 589; x_wconf 82' lang='lat' dir='ltr'>hac</span> <span class='ocrx_word' id='word_1_465' title='bbox 1416 563 1587 591; x_wconf 82' lang='lat' dir='ltr'>narratione</span> <span class='ocrx_word' id='word_1_466' title='bbox 1614 559 1754 600; x_wconf 74' lang='lat' dir='ltr'>longiores</span> <span class='ocrx_word' id='word_1_467' title='bbox 1774 556 1877 598; x_wconf 86' lang='lat' dir='ltr'>sumus</span> <span class='ocrx_word' id='word_1_468' title='bbox 1890 582 1901 597; x_wconf 92' lang='lat'>‚</span> <span class='ocrx_word' id='word_1_469' title='bbox 1925 570 1988 592; x_wconf 88' lang='lat' dir='ltr'>cum</span> <span class='ocrx_word' id='word_1_470' title='bbox 2014 564 2093 593; x_wconf 81' lang='lat' dir='ltr'>eain</span> <span class='ocrx_word' id='word_1_471' title='bbox 2115 565 2117 567; x_wconf 86' lang='grc'><strong>’</strong></span> 
     </span>
     <span class='ocr_line' id='line_1_71' title="bbox 1212 605 2094 651; baseline 0 -11"><span class='ocrx_word' id='word_1_472' title='bbox 1212 608 1291 640; x_wconf 71' lang='lat' dir='ltr'>Ac‘in</span> <span class='ocrx_word' id='word_1_473' title='bbox 1332 605 1470 648; x_wconf 71' lang='lat' dir='ltr'>subtilius</span> <span class='ocrx_word' id='word_1_474' title='bbox 1503 608 1537 640; x_wconf 69' lang='lat'>(5</span> <span class='ocrx_word' id='word_1_475' title='bbox 1563 608 1730 640; x_wconf 72' lang='lat' dir='ltr'>accuratius</span> <span class='ocrx_word' id='word_1_476' title='bbox 1757 608 1936 648; x_wconf 74' lang='lat' dir='ltr'>explicentur</span> <span class='ocrx_word' id='word_1_477' title='bbox 1971 609 1987 640; x_wconf 73' lang='grc' dir='ltr'><em>ἒ</em></span> <span class='ocrx_word' id='word_1_478' title='bbox 2014 611 2094 651; x_wconf 70' lang='lat' dir='ltr'>,Quae</span> 
     </span>
     <span class='ocr_line' id='line_1_72' title="bbox 1210 656 2095 699; baseline 0.001 -9"><span class='ocrx_word' id='word_1_479' title='bbox 1210 669 1273 691; x_wconf 89' lang='lat' dir='ltr'>cum</span> <span class='ocrx_word' id='word_1_480' title='bbox 1283 657 1325 689; x_wconf 86' lang='lat' dir='ltr'>ad</span> <span class='ocrx_word' id='word_1_481' title='bbox 1335 667 1389 688; x_wconf 84' lang='lat' dir='ltr'>vos</span> <span class='ocrx_word' id='word_1_482' title='bbox 1403 657 1484 698; x_wconf 81' lang='lat' dir='ltr'>missa</span> <span class='ocrx_word' id='word_1_483' title='bbox 1492 656 1574 697; x_wconf 88' lang='lat' dir='ltr'>fint,</span> <span class='ocrx_word' id='word_1_484' title='bbox 1599 663 1728 689; x_wconf 84' lang='lat' dir='ltr'>omnium</span> <span class='ocrx_word' id='word_1_485' title='bbox 1751 668 1819 699; x_wconf 84' lang='lat' dir='ltr'>quae</span> <span class='ocrx_word' id='word_1_486' title='bbox 1830 665 1910 689; x_wconf 88' lang='lat' dir='ltr'>mota</span> <span class='ocrx_word' id='word_1_487' title='bbox 1938 659 1971 691; x_wconf 73' lang='lat'><em>&amp;</em></span> <span class='ocrx_word' id='word_1_488' title='bbox 1984 658 2095 691; x_wconf 66' lang='lat' dir='ltr'>tralla-</span> 
     </span>
     <span class='ocr_line' id='line_1_73' title="bbox 1211 705 2095 751; baseline 0 -11"><span class='ocrx_word' id='word_1_489' title='bbox 1211 717 1245 740; x_wconf 88' lang='lat' dir='ltr'>ta</span> <span class='ocrx_word' id='word_1_490' title='bbox 1251 705 1322 750; x_wconf 86' lang='lat' dir='ltr'>sunt</span> <span class='ocrx_word' id='word_1_491' title='bbox 1333 711 1520 750; x_wconf 84' lang='lat' dir='ltr'>cognitionem</span> <span class='ocrx_word' id='word_1_492' title='bbox 1531 705 1722 750; x_wconf 74' lang='lat' dir='ltr'>investigate.</span> <span class='ocrx_word' id='word_1_493' title='bbox 1754 707 1797 740; x_wconf 89' lang='lat' dir='ltr'>Et</span> <span class='ocrx_word' id='word_1_494' title='bbox 1810 707 1844 740; x_wconf 90' lang='lat' dir='ltr'>in</span> <span class='ocrx_word' id='word_1_495' title='bbox 1857 707 1914 741; x_wconf 89' lang='lat' dir='ltr'>suo</span> <span class='ocrx_word' id='word_1_496' title='bbox 1927 707 1966 740; x_wconf 90' lang='lat' dir='ltr'>ad</span> <span class='ocrx_word' id='word_1_497' title='bbox 1992 708 2095 751; x_wconf 85' lang='lat' dir='ltr'>ipsam</span> 
     </span>
     <span class='ocr_line' id='line_1_74' title="bbox 1213 755 2097 799; baseline -0.002 -9"><span class='ocrx_word' id='word_1_498' title='bbox 1213 757 1385 799; x_wconf 82' lang='lat' dir='ltr'>Rescripto</span> <span class='ocrx_word' id='word_1_499' title='bbox 1399 755 1547 789; x_wconf 82' lang='lat' dir='ltr'>laudatus</span> <span class='ocrx_word' id='word_1_500' title='bbox 1569 756 1659 790; x_wconf 90' lang='lat' dir='ltr'>Leo:</span> <span class='ocrx_word' id='word_1_501' title='bbox 1687 756 1831 795; x_wconf 78' lang='lat' dir='ltr'>Gestorum</span> <span class='ocrx_word' id='word_1_502' title='bbox 1844 755 2027 795; x_wconf 74' lang='lat' dir='ltr'>synodalium</span> <span class='ocrx_word' id='word_1_503' title='bbox 2047 755 2097 799; x_wconf 85' lang='lat' dir='ltr'>se-</span> 
     </span>
     <span class='ocr_line' id='line_1_75' title="bbox 1211 805 2098 849; baseline 0 -10"><span class='ocrx_word' id='word_1_504' title='bbox 1211 813 1283 839; x_wconf 86' lang='lat' dir='ltr'>riem</span> <span class='ocrx_word' id='word_1_505' title='bbox 1300 805 1500 848; x_wconf 84' lang='lat' dir='ltr'>recensentes,</span> <span class='ocrx_word' id='word_1_506' title='bbox 1526 805 1691 848; x_wconf 85' lang='lat' dir='ltr'>curiosaque</span> <span class='ocrx_word' id='word_1_507' title='bbox 1721 807 1874 849; x_wconf 80' lang='lat' dir='ltr'>diligentia</span> <span class='ocrx_word' id='word_1_508' title='bbox 1889 806 2003 848; x_wconf 82' lang='lat' dir='ltr'>singula</span> <span class='ocrx_word' id='word_1_509' title='bbox 2028 817 2098 847; x_wconf 65' lang='lat' dir='ltr'>quae·</span> 
     </span>
     <span class='ocr_line' id='line_1_76' title="bbox 1208 854 2094 899; baseline -0.002 -10"><span class='ocrx_word' id='word_1_510' title='bbox 1208 856 1286 899; x_wconf 71' lang='lat' dir='ltr'>gesta</span> <span class='ocrx_word' id='word_1_511' title='bbox 1309 855 1381 898; x_wconf 84' lang='lat' dir='ltr'>sunt</span> <span class='ocrx_word' id='word_1_512' title='bbox 1397 855 1594 899; x_wconf 79' lang='lat' dir='ltr'>flagitantes,</span> <span class='ocrx_word' id='word_1_513' title='bbox 1621 857 1725 888; x_wconf 85' lang='lat' dir='ltr'>eadem</span> <span class='ocrx_word' id='word_1_514' title='bbox 1749 866 1816 897; x_wconf 84' lang='lat' dir='ltr'>quae</span> <span class='ocrx_word' id='word_1_515' title='bbox 1830 854 1995 896; x_wconf 79' lang='lat' dir='ltr'>Apostolicae</span> <span class='ocrx_word' id='word_1_516' title='bbox 2010 856 2094 887; x_wconf 82' lang='lat' dir='ltr'>Sedis</span> 
     </span>
     <span class='ocr_line' id='line_1_77' title="bbox 1216 904 2101 950; baseline -0.003 -11"><span class='ocrx_word' id='word_1_517' title='bbox 1216 910 1323 950; x_wconf 77' lang='lat' dir='ltr'>Legati</span> <span class='ocrx_word' id='word_1_518' title='bbox 1335 912 1549 946; x_wconf 85' lang='lat' dir='ltr'>narraverint,</span> <span class='ocrx_word' id='word_1_519' title='bbox 1572 905 1696 949; x_wconf 79' lang='lat' dir='ltr'>scriptis</span> <span class='ocrx_word' id='word_1_520' title='bbox 1709 904 1934 948; x_wconf 82' lang='lat' dir='ltr'>consonantibus</span> <span class='ocrx_word' id='word_1_521' title='bbox 1961 910 2101 938; x_wconf 79' lang='lat' dir='ltr'>conveni-</span> 
     </span>
     <span class='ocr_line' id='line_1_78' title="bbox 1214 955 2101 999; baseline -0.002 -10"><span class='ocrx_word' id='word_1_522' title='bbox 1214 968 1244 989; x_wconf 86' lang='lat' dir='ltr'>re</span> <span class='ocrx_word' id='word_1_523' title='bbox 1262 961 1421 998; x_wconf 87' lang='lat' dir='ltr'>reperimus</span> <span class='ocrx_word' id='word_1_524' title='bbox 1446 981 1453 987; x_wconf 94' lang='lat'>.</span> <span class='ocrx_word' id='word_1_525' title='bbox 1481 955 1667 999; x_wconf 86' lang='lat' dir='ltr'>Apostolici</span> <span class='ocrx_word' id='word_1_526' title='bbox 1692 956 1837 990; x_wconf 85' lang='lat' dir='ltr'>mandati</span> <span class='ocrx_word' id='word_1_527' title='bbox 1862 978 1873 994; x_wconf 87' lang='lat'>‚</span> <span class='ocrx_word' id='word_1_528' title='bbox 1905 955 2101 998; x_wconf 76' lang='lat' dir='ltr'>propositio-</span> 
     </span>
     <span class='ocr_line' id='line_1_79' title="bbox 1216 1003 2101 1051; baseline -0.002 -13"><span class='ocrx_word' id='word_1_529' title='bbox 1216 1007 1284 1044; x_wconf 88' lang='lat' dir='ltr'>nis,</span> <span class='ocrx_word' id='word_1_530' title='bbox 1313 1015 1369 1039; x_wconf 88' lang='lat' dir='ltr'>aut</span> <span class='ocrx_word' id='word_1_531' title='bbox 1397 1007 1540 1051; x_wconf 85' lang='lat' dir='ltr'>suffragii</span> <span class='ocrx_word' id='word_1_532' title='bbox 1564 1006 1685 1041; x_wconf 86' lang='lat' dir='ltr'>limites</span> <span class='ocrx_word' id='word_1_533' title='bbox 1710 1016 1764 1040; x_wconf 88' lang='lat' dir='ltr'>aut</span> <span class='ocrx_word' id='word_1_534' title='bbox 1791 1003 2101 1043; x_wconf 77' lang='lat' dir='ltr'>modosexcedere,</span> 
     </span>
     <span class='ocr_line' id='line_1_80' title="bbox 1215 1053 2098 1099; baseline 0 -13"><span class='ocrx_word' id='word_1_535' title='bbox 1215 1053 1249 1086; x_wconf 87' lang='lat'>&amp;</span> <span class='ocrx_word' id='word_1_536' title='bbox 1262 1056 1355 1087; x_wconf 85' lang='lat' dir='ltr'>variis</span> <span class='ocrx_word' id='word_1_537' title='bbox 1367 1055 1474 1088; x_wconf 82' lang='lat' dir='ltr'>modis</span> <span class='ocrx_word' id='word_1_538' title='bbox 1487 1057 1683 1099; x_wconf 75' lang='lat' dir='ltr'>praevaricari</span> <span class='ocrx_word' id='word_1_539' title='bbox 1701 1066 1853 1098; x_wconf 84' lang='lat' dir='ltr'>poterant</span> <span class='ocrx_word' id='word_1_540' title='bbox 1879 1053 1913 1087; x_wconf 90' lang='lat'>&amp;</span> <span class='ocrx_word' id='word_1_541' title='bbox 1928 1054 1983 1096; x_wconf 83' lang='lat' dir='ltr'>ipfi</span> <span class='ocrx_word' id='word_1_542' title='bbox 1994 1053 2098 1097; x_wconf 83' lang='lat' dir='ltr'>Lega-</span> 
     </span>
     <span class='ocr_line' id='line_1_81' title="bbox 1217 1102 2102 1149; baseline -0.002 -12"><span class='ocrx_word' id='word_1_543' title='bbox 1217 1104 1242 1138; x_wconf 87' lang='lat' dir='ltr'>ti</span> <span class='ocrx_word' id='word_1_544' title='bbox 1269 1103 1303 1136; x_wconf 71' lang='lat' dir='ltr'>dc</span> <span class='ocrx_word' id='word_1_545' title='bbox 1325 1105 1505 1144; x_wconf 81' lang='lat' dir='ltr'>synodales</span> <span class='ocrx_word' id='word_1_546' title='bbox 1532 1106 1708 1149; x_wconf 86' lang='lat' dir='ltr'>Episcopi:</span> <span class='ocrx_word' id='word_1_547' title='bbox 1738 1105 1831 1139; x_wconf 90' lang='lat' dir='ltr'>Hinc</span> <span class='ocrx_word' id='word_1_548' title='bbox 1856 1114 1989 1138; x_wconf 88' lang='lat' dir='ltr'>omnem</span> <span class='ocrx_word' id='word_1_549' title='bbox 2004 1102 2102 1136; x_wconf 71' lang='lat' dir='ltr'>Asto-</span> 
     </span>
     <span class='ocr_line' id='line_1_82' title="bbox 1219 1152 2105 1198; baseline -0.001 -12"><span class='ocrx_word' id='word_1_550' title='bbox 1219 1164 1289 1186; x_wconf 88' lang='lat' dir='ltr'>rum</span> <span class='ocrx_word' id='word_1_551' title='bbox 1305 1153 1415 1186; x_wconf 83' lang='lat' dir='ltr'>seriem</span> <span class='ocrx_word' id='word_1_552' title='bbox 1427 1152 1582 1186; x_wconf 85' lang='lat' dir='ltr'>Pontifici</span> <span class='ocrx_word' id='word_1_553' title='bbox 1594 1157 1708 1188; x_wconf 85' lang='lat' dir='ltr'>referre</span> <span class='ocrx_word' id='word_1_554' title='bbox 1734 1153 2012 1198; x_wconf 85' lang='lat' dir='ltr'>&amp;inspiciendam</span> <span class='ocrx_word' id='word_1_555' title='bbox 2028 1153 2105 1186; x_wconf 90' lang='lat' dir='ltr'>mit-</span> 
     </span>
     <span class='ocr_line' id='line_1_83' title="bbox 1218 1202 2103 1248; baseline 0.001 -13"><span class='ocrx_word' id='word_1_556' title='bbox 1218 1211 1284 1236; x_wconf 88' lang='lat' dir='ltr'>tere</span> <span class='ocrx_word' id='word_1_557' title='bbox 1297 1213 1351 1243; x_wconf 87' lang='lat' dir='ltr'>per</span> <span class='ocrx_word' id='word_1_558' title='bbox 1364 1202 1533 1236; x_wconf 81' lang='lat' dir='ltr'>redeuntes</span> <span class='ocrx_word' id='word_1_559' title='bbox 1544 1203 1691 1248; x_wconf 84' lang='lat' dir='ltr'>Legatos</span> <span class='ocrx_word' id='word_1_560' title='bbox 1702 1203 1840 1236; x_wconf 85' lang='lat' dir='ltr'>debebat</span> <span class='ocrx_word' id='word_1_561' title='bbox 1864 1202 2016 1244; x_wconf 86' lang='lat' dir='ltr'>Synodus</span> <span class='ocrx_word' id='word_1_562' title='bbox 2028 1227 2038 1242; x_wconf 92' lang='lat'>‚</span> <span class='ocrx_word' id='word_1_563' title='bbox 2069 1202 2103 1235; x_wconf 73' lang='grc' dir='ltr'>ὅ(</span> 
     </span>
     <span class='ocr_line' id='line_1_84' title="bbox 1219 1250 2103 1294; baseline 0 -9"><span class='ocrx_word' id='word_1_564' title='bbox 1219 1252 1284 1294; x_wconf 88' lang='lat' dir='ltr'>ipsa</span> <span class='ocrx_word' id='word_1_565' title='bbox 1298 1250 1454 1284; x_wconf 85' lang='lat' dir='ltr'>Pontifex</span> <span class='ocrx_word' id='word_1_566' title='bbox 1468 1252 1629 1286; x_wconf 89' lang='lat' dir='ltr'>discutere</span> <span class='ocrx_word' id='word_1_567' title='bbox 1639 1264 1694 1294; x_wconf 90' lang='lat' dir='ltr'>per</span> <span class='ocrx_word' id='word_1_568' title='bbox 1710 1252 1823 1287; x_wconf 89' lang='lat' dir='ltr'>omnia</span> <span class='ocrx_word' id='word_1_569' title='bbox 1836 1276 1847 1293; x_wconf 93' lang='lat'>,</span> <span class='ocrx_word' id='word_1_570' title='bbox 1873 1251 1908 1285; x_wconf 88' lang='lat'>&amp;</span> <span class='ocrx_word' id='word_1_571' title='bbox 1922 1260 2000 1284; x_wconf 90' lang='lat' dir='ltr'>tunc</span> <span class='ocrx_word' id='word_1_572' title='bbox 2013 1261 2103 1285; x_wconf 90' lang='lat' dir='ltr'>novo</span> 
     </span>
     <span class='ocr_line' id='line_1_85' title="bbox 1220 1300 2105 1345; baseline -0.002 -10"><span class='ocrx_word' id='word_1_573' title='bbox 1220 1303 1281 1335; x_wconf 83' lang='lat' dir='ltr'>suae</span> <span class='ocrx_word' id='word_1_574' title='bbox 1291 1301 1488 1335; x_wconf 65' lang='lat' dir='ltr'>auctoritatis</span> <span class='ocrx_word' id='word_1_575' title='bbox 1510 1302 1663 1345; x_wconf 85' lang='lat' dir='ltr'>suffragio</span> <span class='ocrx_word' id='word_1_576' title='bbox 1673 1302 1819 1335; x_wconf 84' lang='lat' dir='ltr'>firmare.</span> <span class='ocrx_word' id='word_1_577' title='bbox 1848 1301 1944 1334; x_wconf 67' lang='lat' dir='ltr'>Facta</span> <span class='ocrx_word' id='word_1_578' title='bbox 1967 1300 2008 1334; x_wconf 88' lang='lat' dir='ltr'>ad</span> <span class='ocrx_word' id='word_1_579' title='bbox 2029 1311 2105 1333; x_wconf 87' lang='lat' dir='ltr'>exa·</span> 
     </span>
     <span class='ocr_line' id='line_1_86' title="bbox 1222 1349 2107 1394; baseline -0.003 -9"><span class='ocrx_word' id='word_1_580' title='bbox 1222 1352 1421 1385; x_wconf 83' lang='lat' dir='ltr'>minaturum</span> <span class='ocrx_word' id='word_1_581' title='bbox 1445 1351 1632 1394; x_wconf 87' lang='lat' dir='ltr'>Principem</span> <span class='ocrx_word' id='word_1_582' title='bbox 1658 1350 1791 1385; x_wconf 89' lang='lat' dir='ltr'>Relatio</span> <span class='ocrx_word' id='word_1_583' title='bbox 1814 1349 1960 1383; x_wconf 90' lang='lat' dir='ltr'>devolvit</span> <span class='ocrx_word' id='word_1_584' title='bbox 1986 1362 2023 1384; x_wconf 87' lang='lat' dir='ltr'>ac</span> <span class='ocrx_word' id='word_1_585' title='bbox 2045 1350 2107 1383; x_wconf 90' lang='lat' dir='ltr'>sus-</span> 
     </span>
     <span class='ocr_line' id='line_1_87' title="bbox 1223 1400 2106 1446; baseline -0.003 -11"><span class='ocrx_word' id='word_1_586' title='bbox 1223 1401 1336 1446; x_wconf 85' lang='lat' dir='ltr'>pendit</span> <span class='ocrx_word' id='word_1_587' title='bbox 1359 1400 1472 1435; x_wconf 85' lang='lat' dir='ltr'>omnia</span> <span class='ocrx_word' id='word_1_588' title='bbox 1495 1425 1506 1440; x_wconf 93' lang='lat'>,</span> <span class='ocrx_word' id='word_1_589' title='bbox 1541 1401 1575 1434; x_wconf 90' lang='lat'>&amp;</span> <span class='ocrx_word' id='word_1_590' title='bbox 1597 1402 1695 1444; x_wconf 88' lang='lat' dir='ltr'>usque</span> <span class='ocrx_word' id='word_1_591' title='bbox 1719 1401 1759 1435; x_wconf 90' lang='lat' dir='ltr'>ad</span> <span class='ocrx_word' id='word_1_592' title='bbox 1783 1400 1877 1444; x_wconf 87' lang='lat' dir='ltr'>ipsius</span> <span class='ocrx_word' id='word_1_593' title='bbox 1900 1400 2106 1442; x_wconf 83' lang='lat' dir='ltr'>Rescriptum</span> 
     </span>
     <span class='ocr_line' id='line_1_88' title="bbox 1225 1450 2106 1494; baseline -0.002 -9"><span class='ocrx_word' id='word_1_594' title='bbox 1225 1451 1311 1485; x_wconf 88' lang='lat' dir='ltr'>nulla</span> <span class='ocrx_word' id='word_1_595' title='bbox 1323 1451 1368 1485; x_wconf 87' lang='lat' dir='ltr'>est</span> <span class='ocrx_word' id='word_1_596' title='bbox 1388 1452 1547 1484; x_wconf 67' lang='lat' dir='ltr'>Astorum</span> <span class='ocrx_word' id='word_1_597' title='bbox 1567 1451 1718 1485; x_wconf 87' lang='lat' dir='ltr'>firmitas.</span> <span class='ocrx_word' id='word_1_598' title='bbox 1746 1450 1919 1492; x_wconf 84' lang='lat' dir='ltr'>Synodalis</span> <span class='ocrx_word' id='word_1_599' title='bbox 1947 1450 2046 1494; x_wconf 85' lang='lat' dir='ltr'>igitur</span> <span class='ocrx_word' id='word_1_600' title='bbox 2059 1461 2106 1483; x_wconf 85' lang='lat' dir='ltr'>re-</span> 
     </span>
     <span class='ocr_line' id='line_1_89' title="bbox 1225 1499 2107 1544; baseline -0.003 -10"><span class='ocrx_word' id='word_1_601' title='bbox 1225 1502 1303 1535; x_wconf 90' lang='lat' dir='ltr'>latio</span> <span class='ocrx_word' id='word_1_602' title='bbox 1316 1500 1577 1534; x_wconf 79' lang='lat' dir='ltr'>confirmationis</span> <span class='ocrx_word' id='word_1_603' title='bbox 1589 1501 1787 1543; x_wconf 75' lang='lat' dir='ltr'>accipienda:</span> <span class='ocrx_word' id='word_1_604' title='bbox 1799 1511 1906 1544; x_wconf 89' lang='lat' dir='ltr'>preces</span> <span class='ocrx_word' id='word_1_605' title='bbox 1916 1522 1926 1538; x_wconf 91' lang='lat'>,</span> <span class='ocrx_word' id='word_1_606' title='bbox 1941 1499 2018 1533; x_wconf 89' lang='lat' dir='ltr'>licet</span> <span class='ocrx_word' id='word_1_607' title='bbox 2038 1511 2107 1532; x_wconf 89' lang='lat' dir='ltr'>non</span> 
     </span>
     <span class='ocr_line' id='line_1_90' title="bbox 1224 1548 2109 1592; baseline -0.002 -9"><span class='ocrx_word' id='word_1_608' title='bbox 1224 1552 1406 1591; x_wconf 86' lang='lat' dir='ltr'>exprimat,</span> <span class='ocrx_word' id='word_1_609' title='bbox 1433 1550 1575 1581; x_wconf 81' lang='lat' dir='ltr'>omnino</span> <span class='ocrx_word' id='word_1_610' title='bbox 1597 1548 1845 1592; x_wconf 85' lang='lat' dir='ltr'>comprehendit</span> <span class='ocrx_word' id='word_1_611' title='bbox 1872 1559 1970 1592; x_wconf 87' lang='lat' dir='ltr'>atque</span> <span class='ocrx_word' id='word_1_612' title='bbox 1994 1551 2109 1592; x_wconf 88' lang='lat' dir='ltr'>suppo-</span> 
     </span>
     <span class='ocr_line' id='line_1_91' title="bbox 1225 1597 1957 1632; baseline 0.001 -2"><span class='ocrx_word' id='word_1_613' title='bbox 1225 1599 1292 1631; x_wconf 90' lang='lat' dir='ltr'>nit.</span> <span class='ocrx_word' id='word_1_614' title='bbox 1321 1599 1404 1631; x_wconf 89' lang='lat' dir='ltr'>Sunt</span> <span class='ocrx_word' id='word_1_615' title='bbox 1426 1597 1578 1631; x_wconf 88' lang='lat' dir='ltr'>relationi</span> <span class='ocrx_word' id='word_1_616' title='bbox 1601 1599 1935 1632; x_wconf 89' lang='lat' dir='ltr'>conditiointrinseca</span> <span class='ocrx_word' id='word_1_617' title='bbox 1950 1623 1957 1631; x_wconf 88' lang='lat'><strong>.</strong></span> 
     </span>
    </p>

    <p class='ocr_par' dir='ltr' id='par_1_16' title="bbox 1222 1646 2112 2985">
     <span class='ocr_line' id='line_1_92' title="bbox 1274 1646 2111 1689; baseline 0.004 -9"><span class='ocrx_word' id='word_1_618' title='bbox 1274 1646 1378 1680; x_wconf 79' lang='lat' dir='ltr'>Porro</span> <span class='ocrx_word' id='word_1_619' title='bbox 1393 1647 1669 1682; x_wconf 76' lang='lat' dir='ltr'>Chalcedonensis</span> <span class='ocrx_word' id='word_1_620' title='bbox 1682 1648 1834 1689; x_wconf 79' lang='lat' dir='ltr'>synodus</span> <span class='ocrx_word' id='word_1_621' title='bbox 1846 1648 1938 1682; x_wconf 88' lang='lat' dir='ltr'>aliter</span> <span class='ocrx_word' id='word_1_622' title='bbox 1953 1647 2028 1683; x_wconf 85' lang='lat' dir='ltr'>fidei</span> <span class='ocrx_word' id='word_1_623' title='bbox 2042 1648 2111 1683; x_wconf 85' lang='lat' dir='ltr'>De-</span> 
     </span>
     <span class='ocr_line' id='line_1_93' title="bbox 1223 1697 2107 1741; baseline 0 -11"><span class='ocrx_word' id='word_1_624' title='bbox 1223 1707 1349 1730; x_wconf 88' lang='lat' dir='ltr'>cretum</span> <span class='ocrx_word' id='word_1_625' title='bbox 1376 1708 1414 1730; x_wconf 86' lang='lat' dir='ltr'>ac</span> <span class='ocrx_word' id='word_1_626' title='bbox 1425 1697 1581 1730; x_wconf 90' lang='lat' dir='ltr'>Dioscori</span> <span class='ocrx_word' id='word_1_627' title='bbox 1595 1697 1885 1741; x_wconf 77' lang='lat' dir='ltr'>degradationem,</span> <span class='ocrx_word' id='word_1_628' title='bbox 1914 1698 2008 1732; x_wconf 85' lang='lat' dir='ltr'>aliter</span> <span class='ocrx_word' id='word_1_629' title='bbox 2023 1699 2107 1738; x_wconf 84' lang='lat' dir='ltr'>suos,</span> 
     </span>
     <span class='ocr_line' id='line_1_94' title="bbox 1222 1746 2107 1791; baseline 0.001 -12"><span class='ocrx_word' id='word_1_630' title='bbox 1222 1746 1390 1789; x_wconf 84' lang='lat' dir='ltr'>praesertim</span> <span class='ocrx_word' id='word_1_631' title='bbox 1405 1748 1592 1791; x_wconf 77' lang='lat' dir='ltr'>vigesimum</span> <span class='ocrx_word' id='word_1_632' title='bbox 1608 1750 1758 1784; x_wconf 68' lang='lat' dir='ltr'>ostavum</span> <span class='ocrx_word' id='word_1_633' title='bbox 1770 1773 1780 1789; x_wconf 90' lang='lat'>,</span> <span class='ocrx_word' id='word_1_634' title='bbox 1808 1748 1964 1782; x_wconf 80' lang='lat' dir='ltr'>canones</span> <span class='ocrx_word' id='word_1_635' title='bbox 1988 1747 2107 1782; x_wconf 78' lang='lat' dir='ltr'>merito</span> 
     </span>
     <span class='ocr_line' id='line_1_95' title="bbox 1223 1797 2110 1836; baseline 0.002 -7"><span class='ocrx_word' id='word_1_636' title='bbox 1223 1797 1353 1836; x_wconf 88' lang='lat' dir='ltr'>retulit,</span> <span class='ocrx_word' id='word_1_637' title='bbox 1382 1797 1415 1830; x_wconf 88' lang='lat'>&amp;</span> <span class='ocrx_word' id='word_1_638' title='bbox 1435 1797 1526 1830; x_wconf 83' lang='lat' dir='ltr'>istius</span> <span class='ocrx_word' id='word_1_639' title='bbox 1548 1797 1719 1835; x_wconf 85' lang='lat' dir='ltr'>dumtaxat</span> <span class='ocrx_word' id='word_1_640' title='bbox 1741 1798 2029 1833; x_wconf 82' lang='lat' dir='ltr'>confirmationem</span> <span class='ocrx_word' id='word_1_641' title='bbox 2055 1809 2110 1831; x_wconf 84' lang='lat' dir='ltr'>ex-</span> 
     </span>
     <span class='ocr_line' id='line_1_96' title="bbox 1224 1846 2108 1896; baseline 0 -16"><span class='ocrx_word' id='word_1_642' title='bbox 1224 1846 1329 1890; x_wconf 85' lang='lat' dir='ltr'>preffis</span> <span class='ocrx_word' id='word_1_643' title='bbox 1353 1846 1457 1880; x_wconf 87' lang='lat' dir='ltr'>verbis</span> <span class='ocrx_word' id='word_1_644' title='bbox 1480 1847 1690 1891; x_wconf 87' lang='lat' dir='ltr'>supplicavit.</span> <span class='ocrx_word' id='word_1_645' title='bbox 1720 1849 1823 1896; x_wconf 81' lang='lat' dir='ltr'>Qod</span> <span class='ocrx_word' id='word_1_646' title='bbox 1849 1848 1964 1891; x_wconf 73' lang='lat' dir='ltr'>nempe</span> <span class='ocrx_word' id='word_1_647' title='bbox 1990 1848 2015 1881; x_wconf 89' lang='lat' dir='ltr'>is</span> <span class='ocrx_word' id='word_1_648' title='bbox 2027 1848 2108 1881; x_wconf 79' lang='lat' dir='ltr'>citra</span> 
     </span>
     <span class='ocr_line' id='line_1_97' title="bbox 1223 1896 2112 1940; baseline 0.002 -11"><span class='ocrx_word' id='word_1_649' title='bbox 1223 1896 1423 1940; x_wconf 86' lang='lat' dir='ltr'>Apostolicae</span> <span class='ocrx_word' id='word_1_650' title='bbox 1445 1899 1535 1932; x_wconf 86' lang='lat' dir='ltr'>Sedis</span> <span class='ocrx_word' id='word_1_651' title='bbox 1557 1900 1747 1934; x_wconf 85' lang='lat' dir='ltr'>mandatum</span> <span class='ocrx_word' id='word_1_652' title='bbox 1766 1925 1775 1940; x_wconf 90' lang='lat'>‚</span> <span class='ocrx_word' id='word_1_653' title='bbox 1802 1899 1997 1933; x_wconf 87' lang='lat' dir='ltr'>relationem</span> <span class='ocrx_word' id='word_1_654' title='bbox 2023 1923 2034 1938; x_wconf 90' lang='lat'>,</span> <span class='ocrx_word' id='word_1_655' title='bbox 2060 1906 2112 1931; x_wconf 83' lang='lat' dir='ltr'>at-</span> 
     </span>
     <span class='ocr_line' id='line_1_98' title="bbox 1223 1946 2108 1994; baseline 0.005 -18"><span class='ocrx_word' id='word_1_656' title='bbox 1223 1956 1286 1986; x_wconf 88' lang='lat' dir='ltr'>que</span> <span class='ocrx_word' id='word_1_657' title='bbox 1307 1946 1495 1991; x_wconf 85' lang='lat' dir='ltr'>suffragium</span> <span class='ocrx_word' id='word_1_658' title='bbox 1515 1974 1525 1989; x_wconf 94' lang='lat'>‚</span> <span class='ocrx_word' id='word_1_659' title='bbox 1551 1950 1585 1983; x_wconf 92' lang='lat'>&amp;</span> <span class='ocrx_word' id='word_1_660' title='bbox 1607 1950 1686 1984; x_wconf 81' lang='lat' dir='ltr'>citra</span> <span class='ocrx_word' id='word_1_661' title='bbox 1714 1950 1913 1994; x_wconf 87' lang='lat' dir='ltr'>Legatorum</span> <span class='ocrx_word' id='word_1_662' title='bbox 1936 1947 2108 1982; x_wconf 89' lang='lat' dir='ltr'>scientiam</span> 
     </span>
     <span class='ocr_line' id='line_1_99' title="bbox 1223 1991 2109 2043; baseline 0.005 -17"><span class='ocrx_word' id='word_1_663' title='bbox 1223 1991 1369 2028; x_wconf 88' lang='lat' dir='ltr'>decretus</span> <span class='ocrx_word' id='word_1_664' title='bbox 1380 1998 1475 2034; x_wconf 79' lang='lat' dir='ltr'>esset,</span> <span class='ocrx_word' id='word_1_665' title='bbox 1504 2001 1658 2040; x_wconf 87' lang='lat' dir='ltr'>atqueita</span> <span class='ocrx_word' id='word_1_666' title='bbox 1685 2010 1753 2032; x_wconf 90' lang='lat' dir='ltr'>non</span> <span class='ocrx_word' id='word_1_667' title='bbox 1765 2009 1930 2043; x_wconf 88' lang='lat' dir='ltr'>tamquam</span> <span class='ocrx_word' id='word_1_668' title='bbox 1955 2000 2048 2031; x_wconf 90' lang='lat' dir='ltr'>sanus</span> <span class='ocrx_word' id='word_1_669' title='bbox 2075 1998 2109 2030; x_wconf 74' lang='grc' dir='ltr'>ὃς</span> 
     </span>
     <span class='ocr_line' id='line_1_100' title="bbox 1225 2042 2110 2090; baseline 0.008 -18"><span class='ocrx_word' id='word_1_670' title='bbox 1225 2042 1349 2084; x_wconf 87' lang='lat' dir='ltr'>integer</span> <span class='ocrx_word' id='word_1_671' title='bbox 1367 2045 1554 2080; x_wconf 87' lang='lat' dir='ltr'>confirmari</span> <span class='ocrx_word' id='word_1_672' title='bbox 1575 2070 1586 2085; x_wconf 90' lang='lat'>,</span> <span class='ocrx_word' id='word_1_673' title='bbox 1632 2048 1682 2080; x_wconf 86' lang='lat' dir='ltr'>sed</span> <span class='ocrx_word' id='word_1_674' title='bbox 1707 2059 1872 2090; x_wconf 86' lang='lat' dir='ltr'>tamquam</span> <span class='ocrx_word' id='word_1_675' title='bbox 1900 2048 2041 2081; x_wconf 87' lang='lat' dir='ltr'>caducus</span> <span class='ocrx_word' id='word_1_676' title='bbox 2075 2046 2110 2079; x_wconf 86' lang='lat'>&amp;</span> 
     </span>
     <span class='ocr_line' id='line_1_101' title="bbox 1224 2089 2111 2140; baseline 0.008 -18"><span class='ocrx_word' id='word_1_677' title='bbox 1224 2089 1358 2123; x_wconf 87' lang='lat' dir='ltr'>claudus</span> <span class='ocrx_word' id='word_1_678' title='bbox 1369 2102 1422 2133; x_wconf 91' lang='lat' dir='ltr'>per</span> <span class='ocrx_word' id='word_1_679' title='bbox 1435 2091 1634 2126; x_wconf 84' lang='lat' dir='ltr'>Pontificem</span> <span class='ocrx_word' id='word_1_680' title='bbox 1652 2095 1783 2129; x_wconf 84' lang='lat' dir='ltr'>deberet</span> <span class='ocrx_word' id='word_1_681' title='bbox 1795 2096 1900 2131; x_wconf 83' lang='lat' dir='ltr'>sanari</span> <span class='ocrx_word' id='word_1_682' title='bbox 1926 2097 1961 2130; x_wconf 69' lang='grc' dir='ltr'>ὃς</span> <span class='ocrx_word' id='word_1_683' title='bbox 1985 2096 2111 2140; x_wconf 83' lang='lat' dir='ltr'>supple=·</span> 
     </span>
     <span class='ocr_line' id='line_1_102' title="bbox 1225 2139 2111 2185; baseline 0.009 -13"><span class='ocrx_word' id='word_1_684' title='bbox 1225 2140 1269 2172; x_wconf 84' lang='lat' dir='ltr'>ri.</span> <span class='ocrx_word' id='word_1_685' title='bbox 1297 2139 1487 2182; x_wconf 86' lang='lat' dir='ltr'>Eademque</span> <span class='ocrx_word' id='word_1_686' title='bbox 1498 2141 1559 2174; x_wconf 89' lang='lat' dir='ltr'>fuit</span> <span class='ocrx_word' id='word_1_687' title='bbox 1579 2142 1662 2174; x_wconf 86' lang='lat' dir='ltr'>ratio</span> <span class='ocrx_word' id='word_1_688' title='bbox 1674 2144 1782 2185; x_wconf 85' lang='lat' dir='ltr'>primae</span> <span class='ocrx_word' id='word_1_689' title='bbox 1807 2145 1996 2178; x_wconf 82' lang='lat' dir='ltr'>&amp;secundae</span> <span class='ocrx_word' id='word_1_690' title='bbox 2020 2148 2111 2181; x_wconf 90' lang='lat' dir='ltr'>Con-</span> 
     </span>
     <span class='ocr_line' id='line_1_103' title="bbox 1226 2189 2109 2232; baseline 0.008 -10"><span class='ocrx_word' id='word_1_691' title='bbox 1226 2189 1526 2232; x_wconf 81' lang='lat' dir='ltr'>stantinopolitanae</span> <span class='ocrx_word' id='word_1_692' title='bbox 1561 2190 1688 2232; x_wconf 90' lang='lat' dir='ltr'>Synodi</span> <span class='ocrx_word' id='word_1_693' title='bbox 1719 2216 1727 2224; x_wconf 90' lang='lat'><strong>.</strong></span> <span class='ocrx_word' id='word_1_694' title='bbox 1762 2191 2013 2227; x_wconf 81' lang='lat' dir='ltr'>provinciarum</span> <span class='ocrx_word' id='word_1_695' title='bbox 2051 2206 2109 2230; x_wconf 83' lang='lat' dir='ltr'>aut</span> 
     </span>
     <span class='ocr_line' id='line_1_104' title="bbox 1224 2238 2109 2287; baseline 0.008 -15"><span class='ocrx_word' id='word_1_696' title='bbox 1224 2238 1419 2273; x_wconf 85' lang='lat' dir='ltr'>Dioecefium</span> <span class='ocrx_word' id='word_1_697' title='bbox 1442 2239 1586 2283; x_wconf 83' lang='lat' dir='ltr'>synodis</span> <span class='ocrx_word' id='word_1_698' title='bbox 1606 2264 1617 2280; x_wconf 83' lang='lat'>,</span> <span class='ocrx_word' id='word_1_699' title='bbox 1645 2239 1721 2275; x_wconf 88' lang='lat' dir='ltr'>dum</span> <span class='ocrx_word' id='word_1_700' title='bbox 1746 2241 1787 2276; x_wconf 93' lang='lat' dir='ltr'>de</span> <span class='ocrx_word' id='word_1_701' title='bbox 1810 2242 1937 2277; x_wconf 88' lang='lat' dir='ltr'>turbata</span> <span class='ocrx_word' id='word_1_702' title='bbox 1963 2244 2048 2287; x_wconf 88' lang='lat' dir='ltr'>apud</span> <span class='ocrx_word' id='word_1_703' title='bbox 2076 2247 2109 2279; x_wconf 88' lang='lat' dir='ltr'>se</span> 
     </span>
     <span class='ocr_line' id='line_1_105' title="bbox 1225 2289 2106 2337; baseline 0.008 -15"><span class='ocrx_word' id='word_1_704' title='bbox 1225 2289 1289 2322; x_wconf 88' lang='lat' dir='ltr'>fide</span> <span class='ocrx_word' id='word_1_705' title='bbox 1312 2289 1459 2331; x_wconf 84' lang='lat' dir='ltr'>judicant</span> <span class='ocrx_word' id='word_1_706' title='bbox 1477 2314 1488 2331; x_wconf 92' lang='lat'>‚</span> <span class='ocrx_word' id='word_1_707' title='bbox 1528 2291 1637 2333; x_wconf 85' lang='lat' dir='ltr'>paffim</span> <span class='ocrx_word' id='word_1_708' title='bbox 1677 2303 1744 2326; x_wconf 89' lang='lat' dir='ltr'>non</span> <span class='ocrx_word' id='word_1_709' title='bbox 1769 2291 1885 2326; x_wconf 89' lang='lat' dir='ltr'>adsunt</span> <span class='ocrx_word' id='word_1_710' title='bbox 1910 2291 2106 2337; x_wconf 85' lang='lat' dir='ltr'>Apostolica</span> 
     </span>
     <span class='ocr_line' id='line_1_106' title="bbox 1226 2338 2107 2383; baseline 0.009 -12"><span class='ocrx_word' id='word_1_711' title='bbox 1226 2339 1389 2382; x_wconf 86' lang='lat' dir='ltr'>Legatio‚</span> <span class='ocrx_word' id='word_1_712' title='bbox 1415 2348 1471 2373; x_wconf 88' lang='lat' dir='ltr'>aut</span> <span class='ocrx_word' id='word_1_713' title='bbox 1484 2338 1713 2383; x_wconf 87' lang='lat' dir='ltr'>Apostolicum</span> <span class='ocrx_word' id='word_1_714' title='bbox 1725 2353 1800 2375; x_wconf 91' lang='lat' dir='ltr'>cum</span> <span class='ocrx_word' id='word_1_715' title='bbox 1819 2342 1974 2377; x_wconf 85' lang='lat' dir='ltr'>mandato</span> <span class='ocrx_word' id='word_1_716' title='bbox 1997 2345 2107 2379; x_wconf 83' lang='lat' dir='ltr'>suffra·</span> 
     </span>
     <span class='ocr_line' id='line_1_107' title="bbox 1223 2388 2104 2433; baseline 0.008 -12"><span class='ocrx_word' id='word_1_717' title='bbox 1223 2389 1315 2432; x_wconf 89' lang='lat' dir='ltr'>gium</span> <span class='ocrx_word' id='word_1_718' title='bbox 1341 2413 1348 2420; x_wconf 90' lang='lat'><strong>.</strong></span> <span class='ocrx_word' id='word_1_719' title='bbox 1383 2388 1494 2424; x_wconf 88' lang='lat' dir='ltr'>Etiam</span> <span class='ocrx_word' id='word_1_720' title='bbox 1512 2390 1649 2433; x_wconf 89' lang='lat' dir='ltr'>ipsarum</span> <span class='ocrx_word' id='word_1_721' title='bbox 1671 2392 1711 2426; x_wconf 90' lang='lat' dir='ltr'>de</span> <span class='ocrx_word' id='word_1_722' title='bbox 1740 2402 1830 2427; x_wconf 88' lang='lat' dir='ltr'>tanta</span> <span class='ocrx_word' id='word_1_723' title='bbox 1852 2393 1893 2427; x_wconf 86' lang='lat' dir='ltr'>ad</span> <span class='ocrx_word' id='word_1_724' title='bbox 1918 2395 2104 2429; x_wconf 84' lang='lat' dir='ltr'>universam</span> 
     </span>
     <span class='ocr_line' id='line_1_108' title="bbox 1226 2438 2104 2484; baseline 0.008 -13"><span class='ocrx_word' id='word_1_725' title='bbox 1226 2438 1399 2473; x_wconf 79' lang='lat' dir='ltr'>Ecclesiam</span> <span class='ocrx_word' id='word_1_726' title='bbox 1414 2441 1572 2483; x_wconf 64' lang='lat' dir='ltr'>spectante</span> <span class='ocrx_word' id='word_1_727' title='bbox 1584 2443 1680 2476; x_wconf 88' lang='lat' dir='ltr'>causa</span> <span class='ocrx_word' id='word_1_728' title='bbox 1693 2441 1851 2484; x_wconf 87' lang='lat' dir='ltr'>judicium</span> <span class='ocrx_word' id='word_1_729' title='bbox 1875 2443 1920 2477; x_wconf 87' lang='lat' dir='ltr'>est</span> <span class='ocrx_word' id='word_1_730' title='bbox 1937 2444 2104 2479; x_wconf 86' lang='lat' dir='ltr'>infirmum</span> 
     </span>
     <span class='ocr_line' id='line_1_109' title="bbox 1223 2488 2105 2536; baseline 0.006 -13"><span class='ocrx_word' id='word_1_731' title='bbox 1223 2501 1261 2523; x_wconf 88' lang='lat' dir='ltr'>ac</span> <span class='ocrx_word' id='word_1_732' title='bbox 1270 2488 1395 2523; x_wconf 88' lang='lat' dir='ltr'>debile.</span> <span class='ocrx_word' id='word_1_733' title='bbox 1426 2489 1482 2522; x_wconf 92' lang='lat' dir='ltr'>Est</span> <span class='ocrx_word' id='word_1_734' title='bbox 1496 2490 1667 2526; x_wconf 82' lang='lat' dir='ltr'>dumtaxat</span> <span class='ocrx_word' id='word_1_735' title='bbox 1689 2493 1969 2528; x_wconf 74' lang='lat' dir='ltr'>interlocutoriam</span> <span class='ocrx_word' id='word_1_736' title='bbox 1987 2520 1998 2536; x_wconf 90' lang='lat'>,</span> <span class='ocrx_word' id='word_1_737' title='bbox 2026 2494 2105 2529; x_wconf 91' lang='lat' dir='ltr'>sola-</span> 
     </span>
     <span class='ocr_line' id='line_1_110' title="bbox 1224 2537 2103 2586; baseline 0.007 -14"><span class='ocrx_word' id='word_1_738' title='bbox 1224 2550 1287 2582; x_wconf 91' lang='lat' dir='ltr'>que</span> <span class='ocrx_word' id='word_1_739' title='bbox 1299 2537 1339 2573; x_wconf 87' lang='lat' dir='ltr'>ad</span> <span class='ocrx_word' id='word_1_740' title='bbox 1355 2539 1544 2575; x_wconf 89' lang='lat' dir='ltr'>Romanum</span> <span class='ocrx_word' id='word_1_741' title='bbox 1558 2543 1759 2586; x_wconf 87' lang='lat' dir='ltr'>Episcopum</span> <span class='ocrx_word' id='word_1_742' title='bbox 1770 2544 1850 2578; x_wconf 72' lang='lat' dir='ltr'>fasta</span> <span class='ocrx_word' id='word_1_743' title='bbox 1863 2544 2019 2578; x_wconf 89' lang='lat' dir='ltr'>relatione</span> <span class='ocrx_word' id='word_1_744' title='bbox 2030 2569 2041 2584; x_wconf 95' lang='lat'>,</span> <span class='ocrx_word' id='word_1_745' title='bbox 2067 2545 2103 2578; x_wconf 77' lang='grc' dir='ltr'>δε</span> 
     </span>
     <span class='ocr_line' id='line_1_111' title="bbox 1222 2592 2102 2637; baseline 0.007 -15"><span class='ocrx_word' id='word_1_746' title='bbox 1222 2599 1357 2633; x_wconf 87' lang='lat' dir='ltr'>accepto</span> <span class='ocrx_word' id='word_1_747' title='bbox 1378 2600 1431 2634; x_wconf 90' lang='lat' dir='ltr'>per</span> <span class='ocrx_word' id='word_1_748' title='bbox 1450 2592 1555 2634; x_wconf 86' lang='lat' dir='ltr'>ipsum</span> <span class='ocrx_word' id='word_1_749' title='bbox 1589 2594 1848 2628; x_wconf 77' lang='lat' dir='ltr'>confirmationis</span> <span class='ocrx_word' id='word_1_750' title='bbox 1858 2594 2102 2637; x_wconf 88' lang='lat' dir='ltr'>complemento</span> 
     </span>
     <span class='ocr_line' id='line_1_112' title="bbox 1223 2639 2106 2682; baseline 0.006 -10"><span class='ocrx_word' id='word_1_751' title='bbox 1223 2640 1351 2682; x_wconf 85' lang='lat' dir='ltr'>proficit</span> <span class='ocrx_word' id='word_1_752' title='bbox 1362 2639 1397 2673; x_wconf 90' lang='lat' dir='ltr'>in</span> <span class='ocrx_word' id='word_1_753' title='bbox 1408 2640 1614 2676; x_wconf 88' lang='lat' dir='ltr'>definitivum</span> <span class='ocrx_word' id='word_1_754' title='bbox 1625 2668 1632 2675; x_wconf 90' lang='lat'><em>.</em></span> <span class='ocrx_word' id='word_1_755' title='bbox 1660 2643 1752 2677; x_wconf 89' lang='lat' dir='ltr'>Hinc</span> <span class='ocrx_word' id='word_1_756' title='bbox 1765 2642 2018 2677; x_wconf 86' lang='lat' dir='ltr'>Eminentiffimi</span> <span class='ocrx_word' id='word_1_757' title='bbox 2031 2643 2106 2678; x_wconf 93' lang='lat' dir='ltr'>Do-</span> 
     </span>
     <span class='ocr_line' id='line_1_113' title="bbox 1223 2689 2102 2741; baseline 0.005 -19"><span class='ocrx_word' id='word_1_758' title='bbox 1223 2690 1305 2722; x_wconf 89' lang='lat' dir='ltr'>mini</span> <span class='ocrx_word' id='word_1_759' title='bbox 1319 2689 1510 2741; x_wconf 83' lang='lat' dir='ltr'>Cardinales</span> <span class='ocrx_word' id='word_1_760' title='bbox 1521 2690 1603 2725; x_wconf 67' lang='lat' dir='ltr'>reste</span> <span class='ocrx_word' id='word_1_761' title='bbox 1613 2693 1806 2736; x_wconf 86' lang='lat' dir='ltr'>scripserunt</span> <span class='ocrx_word' id='word_1_762' title='bbox 1818 2692 1892 2727; x_wconf 89' lang='lat' dir='ltr'>fidei</span> <span class='ocrx_word' id='word_1_763' title='bbox 1906 2692 2102 2727; x_wconf 69' lang='lat' dir='ltr'>Christiane</span> 
     </span>
     <span class='ocr_line' id='line_1_114' title="bbox 1222 2739 2102 2786; baseline 0.005 -14"><span class='ocrx_word' id='word_1_764' title='bbox 1222 2749 1277 2772; x_wconf 88' lang='lat' dir='ltr'>aut</span> <span class='ocrx_word' id='word_1_765' title='bbox 1287 2739 1421 2774; x_wconf 87' lang='lat' dir='ltr'>aliarum</span> <span class='ocrx_word' id='word_1_766' title='bbox 1433 2741 1473 2775; x_wconf 89' lang='lat' dir='ltr'>ad</span> <span class='ocrx_word' id='word_1_767' title='bbox 1487 2741 1696 2776; x_wconf 86' lang='lat' dir='ltr'>universalem</span> <span class='ocrx_word' id='word_1_768' title='bbox 1710 2743 1858 2778; x_wconf 78' lang='lat' dir='ltr'>Ecclefiae</span> <span class='ocrx_word' id='word_1_769' title='bbox 1882 2743 2102 2786; x_wconf 88' lang='lat' dir='ltr'>Disciplinam</span> 
     </span>
     <span class='ocr_line' id='line_1_115' title="bbox 1222 2789 2104 2832; baseline 0.005 -10"><span class='ocrx_word' id='word_1_770' title='bbox 1222 2789 1431 2832; x_wconf 63' lang='lat' dir='ltr'>spectantium</span> <span class='ocrx_word' id='word_1_771' title='bbox 1444 2792 1606 2825; x_wconf 86' lang='lat' dir='ltr'>causarum</span> <span class='ocrx_word' id='word_1_772' title='bbox 1619 2791 1848 2828; x_wconf 87' lang='lat' dir='ltr'>definitionem</span> <span class='ocrx_word' id='word_1_773' title='bbox 1858 2793 1899 2827; x_wconf 85' lang='lat' dir='ltr'>ad</span> <span class='ocrx_word' id='word_1_774' title='bbox 1913 2793 2018 2827; x_wconf 90' lang='lat' dir='ltr'>solum</span> <span class='ocrx_word' id='word_1_775' title='bbox 2033 2791 2104 2827; x_wconf 89' lang='lat' dir='ltr'>Ro-</span> 
     </span>
     <span class='ocr_line' id='line_1_116' title="bbox 1222 2840 2102 2885; baseline 0.003 -13"><span class='ocrx_word' id='word_1_776' title='bbox 1222 2849 1356 2874; x_wconf 89' lang='lat' dir='ltr'>manum</span> <span class='ocrx_word' id='word_1_777' title='bbox 1367 2840 1564 2876; x_wconf 86' lang='lat' dir='ltr'>Pontificem</span> <span class='ocrx_word' id='word_1_778' title='bbox 1574 2843 1711 2885; x_wconf 70' lang='lat' dir='ltr'>spestare</span> <span class='ocrx_word' id='word_1_779' title='bbox 1721 2867 1728 2875; x_wconf 89' lang='lat'><strong><em>.</em></strong></span> <span class='ocrx_word' id='word_1_780' title='bbox 1755 2842 1846 2877; x_wconf 87' lang='lat' dir='ltr'>Ante</span> <span class='ocrx_word' id='word_1_781' title='bbox 1860 2842 1969 2876; x_wconf 83' lang='lat' dir='ltr'>datam</span> <span class='ocrx_word' id='word_1_782' title='bbox 1981 2841 2102 2885; x_wconf 89' lang='lat' dir='ltr'>abipso</span> 
     </span>
     <span class='ocr_line' id='line_1_117' title="bbox 1222 2889 2100 2937; baseline 0.002 -15"><span class='ocrx_word' id='word_1_783' title='bbox 1222 2889 1408 2926; x_wconf 83' lang='lat' dir='ltr'>firmitatem</span> <span class='ocrx_word' id='word_1_784' title='bbox 1434 2902 1495 2926; x_wconf 90' lang='lat' dir='ltr'>nec</span> <span class='ocrx_word' id='word_1_785' title='bbox 1515 2893 1675 2937; x_wconf 89' lang='lat' dir='ltr'>generalis</span> <span class='ocrx_word' id='word_1_786' title='bbox 1705 2893 1832 2935; x_wconf 88' lang='lat' dir='ltr'>Synodi</span> <span class='ocrx_word' id='word_1_787' title='bbox 1855 2892 2014 2935; x_wconf 85' lang='lat' dir='ltr'>judicium</span> <span class='ocrx_word' id='word_1_788' title='bbox 2052 2889 2100 2924; x_wconf 87' lang='lat' dir='ltr'>est</span> 
     </span>
     <span class='ocr_line' id='line_1_118' title="bbox 1222 2938 2101 2985; baseline 0.002 -13"><span class='ocrx_word' id='word_1_789' title='bbox 1222 2939 1452 2984; x_wconf 88' lang='lat' dir='ltr'>definitivum,</span> <span class='ocrx_word' id='word_1_790' title='bbox 1476 2952 1534 2981; x_wconf 84' lang='lat' dir='ltr'>aut</span> <span class='ocrx_word' id='word_1_791' title='bbox 1552 2941 1639 2977; x_wconf 76' lang='lat' dir='ltr'>certe</span> <span class='ocrx_word' id='word_1_792' title='bbox 1661 2954 1731 2978; x_wconf 90' lang='lat' dir='ltr'>non</span> <span class='ocrx_word' id='word_1_793' title='bbox 1743 2943 1852 2978; x_wconf 77' lang='lat' dir='ltr'>tr‘ansit</span> <span class='ocrx_word' id='word_1_794' title='bbox 1867 2940 1904 2976; x_wconf 88' lang='lat' dir='ltr'>in</span> <span class='ocrx_word' id='word_1_795' title='bbox 1923 2950 1991 2975; x_wconf 87' lang='lat' dir='ltr'>rem</span> <span class='ocrx_word' id='word_1_796' title='bbox 2017 2938 2101 2985; x_wconf 50' lang='lat' dir='ltr'>judis</span> 
     </span>
    </p>
   </div>
   <div class='ocr_carea' id='block_1_15' title="bbox 1568 3095 1761 3289">
    <p class='ocr_par' dir='ltr' id='par_1_17' title="bbox 1568 3095 1761 3289">
     <span class='ocr_line' id='line_1_119' title="bbox 1570 3095 1761 3214; baseline -0.016 0"><span class='ocrx_word' id='word_1_797' title='bbox 1570 3095 1761 3214; x_wconf 44' lang='lat' dir='ltr'>&amp;iffi</span> 
     </span>
     <span class='ocr_line' id='line_1_120' title="bbox 1568 3194 1748 3289; baseline -0.022 -13"><span class='ocrx_word' id='word_1_798' title='bbox 1568 3194 1748 3289; x_wconf 50' lang='lat' dir='ltr'>legia</span> 
     </span>
    </p>
   </div>
   <div class='ocr_carea' id='block_1_16' title="bbox 1737 3274 1756 3286">
    <p class='ocr_par' dir='ltr' id='par_1_18' title="bbox 1737 3274 1756 3286">
     <span class='ocr_line' id='line_1_121' title="bbox 1737 3274 1756 3286; baseline 0 0"><span class='ocrx_word' id='word_1_799' title='bbox 1737 3274 1756 3286; x_wconf 59' lang='grc' dir='ltr'><em>Ὁ</em></span> 
     </span>
    </p>
   </div>
   <div class='ocr_carea' id='block_1_17' title="bbox 1737 3199 1758 3270">
    <p class='ocr_par' dir='ltr' id='par_1_19' title="bbox 1737 3199 1758 3270">
     <span class='ocr_line' id='line_1_122' title="bbox 1737 3199 1758 3270; baseline 0 486"><span class='ocrx_word' id='word_1_800' title='bbox 1737 3199 1758 3270; x_wconf 95' lang='lat' dir='ltr'> </span> 
     </span>
    </p>
   </div>
   <div class='ocr_carea' id='block_1_18' title="bbox 1640 3390 2050 3436">
    <p class='ocr_par' dir='ltr' id='par_1_20' title="bbox 1640 3390 2050 3436">
     <span class='ocr_line' id='line_1_123' title="bbox 1640 3390 2050 3436; baseline -0.007 -11"><span class='ocrx_word' id='word_1_801' title='bbox 1640 3390 1674 3425; x_wconf 88' lang='lat' dir='ltr'>G</span> <span class='ocrx_word' id='word_1_802' title='bbox 1701 3402 1724 3436; x_wconf 85' lang='lat' dir='ltr'>g</span> <span class='ocrx_word' id='word_1_803' title='bbox 1983 3393 2050 3423; x_wconf 75' lang='lat' dir='ltr'>Ex-</span> 
     </span>
    </p>
   </div>
  </div>
 </body>
</html>
