2366 3756
883 103 1365 155 Dici-Aros-

213 203 288 230 τες.
316 186 508 227 Maculosos
532 190 713 226 Pontifices
738 201 794 235 per
820 189 955 224 Laicam
973 188 1098 223 Princi-

221 255 300 290 pum
318 240 512 276 violentiam
541 242 693 276 sustinuit
719 250 798 274 tunc
824 239 1018 284 Apostolica
1044 240 1098 273 Se-

221 294 301 334 des,
324 290 461 335 ideoque
480 291 514 325 &
537 292 674 326 increvit
695 290 780 325 istud
793 290 915 336 mal-um
929 313 936 321 .
963 289 1054 322 Nam
1066 288 1100 321 &

217 341 381 378 Clemens
406 341 585 382 secundus,
612 341 652 376 ad
679 341 781 385 ipsam
792 339 1029 383 repurgandum
1045 338 1100 372 da·

222 401 276 427 tus
299 391 343 426 ab
363 392 515 426 Henrico
534 394 632 426 tertio
644 391 861 436 Imperatore,
888 399 983 423 antea
995 390 1100 423 fuerat

221 441 400 486 Suigderus
422 442 600 486 Episcopus
622 436 864 484 Bambeigenfis
879 463 886 470 .
904 437 907 440 ’
923 438 995 483 Ipse
1020 437 1101 473 inte-

222 490 288 526 rim
306 491 348 526 ad
371 491 532 535 Ioannem
551 491 731 526 Paestanum
755 489 955 533 Episcopum
966 489 1104 524 Sale-rni-

223 549 311 576 tanae
329 540 517 585 Metropoli
539 539 810 576 incardinandum
822 540 930 583 potuit
941 537 1104 584 aegerrime

222 591 359 632 induci,
375 590 748 634 -nullarnquefdeinceps
779 589 1026 624 translationem
1049 599 1103 623 vo-

222 641 288 675 luit
306 639 399 679 fieri,
426 640 486 674 nifi
512 641 558 674 ob
572 640 961 680 —causammeceffariam3
984 651 1025 673 ex
1036 650 1095 681 qua

221 696 341 725 oriatur
363 691 459 732 major
478 693 595 727 utilitas
605 715 617 733 ‚
636 687 813 733 ffiamajor
824 689 1077 733 affamitueScdos
1096 713 1103 721 .

221 742 386 774 Attamen
407 740 476 784 ejus
505 743 608 785 usque
629 740 872 784 adroseptimum
901 739 1102 785 Gregorium

221 789 371 835 plerique
391 790 734 826 succefforessfuemnt
755 789 924 831 translati,
949 801 1047 834 atque
1056 790 1104 824 ita

217 839 349 874 ⁴malum
369 839 450 874 adeo
472 840 573 874 crevit
584 860 606 882 ,v
623 841 756 885 utquali
769 852 837 875 non
852 842 993 884 potuerit
1003 839 1092 873 eradi

222 890 291 923 cari
303 915 311 922 .
324 889 514 933 ›Gregorius-
522 890 682 933 pot‘estate'
689 891 749 925 ista
761 892 806 925 est
818 890 996 934 parciffime
1007 890 1078 923 usus

223 938 368 973 Nullum
389 950 548 984 umquam
571 938 766 976 transtulifle
785 940 929 985 legitur-3·
950 940 1013 974 nisi
1033 939 1105 972 Hu-

216 999 347 1034 gonem
367 989 462 1023 suum
483 990 519 1023 in
545 989 655 1024 Gallia
676 990 839 1034 Legatum
860 1001 902 1024 ex
916 988 1105 1024 DienfiEc-

221 1039 318 1074 elesia
339 1037 380 1073 ad
399 1039 675 1084 Lugdunensem.
701 1039 891 1083 Nequidem
917 1038 1105 1073 &Cardina-

214 1088 249 1122 -li
269 1088 433 1124 Benuone
455 1090 518 1124 fuit
538 1088 603 1124 hac
626 1090 663 1132 in
690 1099 779 1133 parte
800 1098 932 1124 notatus
946 1114 953 1121 .
991 1089 1104 1136 Qare

216 1138 340 1174 ‘videns
357 1150 484 1175 morem
507 1140 625 1175 auferri
648 1152 718 1175 non
744 1140 834 1183 poffe
856 1163 867 1180 ,
906 1138 1036 1172 reduxit
1064 1138 1104 1171 ad

221 1187 577 1232 antiquos-canones,
602 1190 747 1225 sanciens
772 1188 965 1233 poffefiffl,
995 1186 1105 1221 verum

221 1249 265 1273 ex
286 1238 355 1273 sola
386 1240 592 1280 necestitate,
618 1241 653 1274 &
675 1251 730 1283 per
748 1240 851 1273 solam
875 1238 1104 1282 Apostolicam

221 1287 339 1323 Sedem
351 1312 358 1320 .
386 1289 432 1322 Et
447 1288 532 1322 hinc
545 1288 699 1322 Henrico
718 1289 826 1333 primo
841 1287 1031 1333 Anglorum
1042 1288 1107 1322 Re-

220 1338 258 1383 gi
271 1362 284 1378 ‚
309 1337 434 1372 volenti
454 1338 623 1373 Herveum
646 1340 887 1373 Bancorensem
902 1339 1105 1382 Episcopum

222 1387 387 1422 transferri
410 1388 451 1423 ad
465 1389 637 1423 Ecclesiam
652 1390 892 1424 Lexoviensem
904 1412 915 1428 ‚
941 1388 1105 1431 respondit

221 1439 357 1472 San-stus
376 1437 574 1474 Anselmus:
603 1438 769 1482 Hocsfacili
787 1439 854 1481 fieri
868 1451 925 1472 non
952 1440 1104 1482 intelligo.

225 1486 287 1522 Ait
303 1499 386 1532 opus
408 1491 470 1523 esie
482 1500 604 1535 magna
614 1490 707 1524 causa
719 1515 730 1532 ,
757 1490 923 1534 utriusque
939 1490 1105 1533 Metropo-

225 1538 292 1572 litae
313 1539 348 1573 ὅ(
369 1540 522 1574 omnium
536 1539 796 1581 Provincialium
811 1541 958 1580 assensu»,
984 1540 1018 1574 &
1033 1542 1105 1581 Apo-

45 1611 133 1651 'pist’
160 1611 194 1648 6.
219 1587 530 1629 βοῐὶιπααᾶονὶεαεε.
556 1591 680 1628 Faciles
694 1592 832 1628 nimium
847 1616 856 1631 ‚
886 1591 963 1625 fice't
982 1590 1022 1623 ad
1037 1600 1105 1632 9¹⁶⁶·

221 1647 276 1672 ces
287 1638 409 1683 Regias
419 1663 430 1678 ,
444 1641 651 1674 Polonorum
662 1640 890 1675 translationes
901 1639 1042 1683 graviter
1058 1649 1104 1673 ar-

222 1687 298 1733 guit
308 1687 386 1722 item
407 1688 582 1723 Paschalis-
596 1688 772 1726 secundus.
801 1690 911 1723 Etiam
926 1687 1104 1724 Guitberto

221 1737 418 1780 Anti-Papae
429 1739 491 1773 fnit
512 1740 596 1774 inter
608 1740 670 1775 alia
688 1741 853 1783 objectum
866 1765 876 1780 ,
903 1740 999 1784 quod·
1009 1739 1104 1774 antea

221 1787 333 1822 fuisset
359 1787 590 1823 Ravennatum
613 1790 794 1833 Episcopus
817 1816 823 1822 .
852 1789 1104 1824 Translationes

223 1838 365 1882 graviter
376 1837 460 1881 apud
472 1839 645 1874 Othonem
656 1841 683 1873 F
685 1841 822 1886 rifingen
828 1842 892 1874 sem
906 1840 1103 1883 Episcopum

223 1887 333 1932 arguit
355 1889 454 1922 etiam
477 1889 646 1934 Eugenius
666 1891 780 1924 tertius
803 1913 814 1929 ‚
839 1888 1014 1924 asseverans
1034 1890 1103 1923 fieri

223 1949 295 1972 non
308 1938 394 1981 posse
406 1937 474 1972 sine
487 1941 681 1983 gravissimis
693 1942 793 1975 causis
803 1965 812 1980 ,
842 1942 875 1974 e&
887 1941 944 1974 suo
957 1940 1079 1973 assensu
1094 1965 1102 1974 .

270 1986 436 2034 Qiocirca
448 1988 577 2032 Papalis
597 1992 774 2024 consensus
798 1990 1012 2024 necessitatem
1041 1990 1104 2023 effe

221 2047 349 2072 novum
361 2037 402 2072 ab
411 2029 611 2074 Innoceniio
634 2041 732 2074 tertio
752 2040 920 2076 induetum
941 2040 1012 2083 jus,
1040 2051 1104 2073 ma-

51 2077 81 2108 1‘·
93 2080 120 2107 ⁶·
136 2086 163 2110 c·
179 2082 207 2110 3·
219 2087 256 2122 *le
267 2087 388 2132 scripsit
401 2088 626 2125 parisiensium
646 2090 921 2133 Archiepiscopus
936 2090 1104 2122 Dominus

224 2138 343 2172 Petrus
351 2138 394 2171 de
407 2139 519 2171 Marca
533 2162 541 2169 .
570 2138 651 2171 Non
668 2139 772 2171 solum
787 2138 920 2169 laudaro
942 2137 1103 2169 Innocen-

49 1458 82 1488 L.
116 1466 143 1495 3.
173 1456 208 1485 E-

49 1495 112 1535 pist.
145 1500 210 1527 126.

48 1882 84 1911 L·
93 1891 119 1910 2.
135 1891 165 1914 c·
179 1887 205 1914 6.

48 1931 79 1957 ⁹0

225 2188 278 2221 tio
291 2210 303 2226 ,
324 2186 379 2219 sed
391 2187 492 2219 etiam
504 2186 615 2220 nostro
628 2187 792 2231 Gregorio
802 2185 848 2227 jus
860 2184 943 2218 istud
959 2185 1003 2218 est
1032 2185 1105 2218 lon-

224 2235 269 2280 ge
280 2235 462 2276 antiquius:
494 2235 608 2269 Ambo
621 2237 726 2279 ipsum
737 2235 887 2270 adversus
911 2235 1107 2278 Metropoli-

223 2294 334 2318 tarum
347 2284 520 2318 Attentata
539 2286 711 2320 dumtaxat
724 2287 940 2319 innovarunt.
969 2285 1102 2319 Etenim

226 2333 403 2368 Ebbonem
431 2333 631 2369 Remensem
655 2335 949 2378 Archiepiscopum
973 2334 1067 2368 fuiffe
1086 2334 1105 2366 a

222 2384 389 2428 Gregorio
409 2394 525 2428 quarto
538 2385 728 2419 translatum
740 2385 780 2419 ad
795 2384 1104 2419 Hildeshernensem

227 2433 425 2475 Ecclefiam‚
452 2434 585 2469 testatur
600 2434 635 2468 in
650 2435 764 2468 litteris
775 2435 816 2468 ad
843 2434 1023 2468 Nicolaum
1044 2435 1106 2478 pri-

226 2494 322 2518 mum
333 2483 532 2519 Pontificem
544 2484 696 2528 Synodus
706 2484 890 2518 Tricaffina
903 2509 910 2516 .
937 2484 1023 2530 Qis
1050 2496 1104 2517 ne-

226 2534 308 2567 sciat
319 2532 502 2567 duriffimos
511 2533 625 2568 obices
635 2559 645 2575 ,
671 2545 753 2578 quos
767 2535 850 2577 passa
862 2533 908 2567 est
921 2533 1028 2567 Sancti
1044 2535 1104 2567 Ar-

225 2583 304 2617 stari
317 2582 546 2616 Namnetensis
561 2583 714 2626 Episcopi
726 2583 897 2617 translatio
917 2583 958 2617 ad
980 2583 1106 2617 Metro-

226 2632 336 2676 polim
358 2632 589 2666 Turonensem
611 2633 625 2666 ?
652 2633 736 2667 Eam
754 2643 876 2667 tentare
898 2644 1105 2676 nequaquam

230 2683 424 2726 praesumpfit
446 2682 618 2717 Gallicana
642 2682 815 2726 synodus,
843 2683 895 2717 sed
917 2683 1102 2718 faciendam
1167 2685 1289 2728 suisset,
1315 2686 1366 2717 vel
1379 2687 1449 2724 Jam
1469 2685 1534 2728 esset
1556 2683 1719 2728 Episcopus
1741 2713 1751 2728 ,

231 2731 446 2775 supplicavit,
471 2731 665 2776 tandemque
679 2745 732 2776 per
745 2733 868 2777 Regias
882 2743 989 2776 preces
1005 2735 1104 2777 impe-

226 2782 329 2815 travit
342 2779 383 2814 ab
394 2780 543 2815 Adriano
557 2783 699 2817 secundo
711 2807 718 2814 .
747 2783 851 2816 Causa
863 2793 930 2817 erat
958 2783 1103 2818 Namne-

230 2830 475 2866 tenfiscivitatis
489 2843 690 2876 perpaganos
712 2833 941 2867 Nortmannos
964 2844 1103 2877 occupa·

233 2882 284 2915 tio
299 2890 398 2924 atque
408 2880 600 2914 destrustio:
628 2883 708 2917 Eam
722 2894 828 2917 tamen
848 2892 883 2916 ut
897 2883 1007 2917 minus
1019 2884 1102 2917 suffi-

231 2931 375 2965 cientem
393 2931 546 2965 acerrime
568 2931 772 2977 impugnavit
806 2933 1005 2967 Hincmarus
1029 2932 1100 2967 Me-

231 2981 391 3023 tropolita
414 2981 596 3015 Remenfis.
625 2980 719 3017 Pares
729 2984 839 3017 obices
851 2984 934 3027 passa
947 2984 1009 3017 fuit
1023 2984 1099 3018 Fro-

230 3028 581 3073 thariiBurdigalenfis
593 3031 743 3075 Episcopi
755 3034 923 3067 translatio
947 3034 986 3066 ad
1009 3033 1097 3068 Bitu-

228 3080 385 3115 ricensem
409 3079 624 3115 Cathedram:
653 3082 736 3115 Eam
757 3082 908 3127 aJoanne
918 3085 1033 3118 odiavo
1046 3084 1099 3118 fie-

231 3132 258 3165 ri
274 3155 284 3171 ,
311 3130 373 3165 &a
392 3129 527 3164 Marino
543 3132 648 3173 primo
659 3133 843 3167 confirmari
867 3134 1011 3168 obtinuit
1032 3134 1098 3168 lau-

232 3181 309 3215 data
329 3179 502 3222 Synodus,
527 3181 560 3214 &
573 3190 682 3215 tamen
705 3183 914 3225 postmodum
936 3184 980 3218 ob
992 3185 1099 3218 causas

230 3231 368 3265 excuffit
394 3229 575 3273 Stephanus
595 3232 701 3264 sextus
729 3256 736 3263 .
773 3233 885 3267 Habes
911 3233 978 3268 haec
1015 3234 1100 3277 apud

58 3297 125 3332 Lat·
146 3304 171 3327 c,
192 3306 215 3325 1,
234 3279 458 3315 Flodoardum
479 3281 514 3314 in
537 3279 669 3314 historia
681 3281 825 3316 Ecclefiae
835 3284 1016 3318 Remenfis.
1046 3283 1101 3318 Ut

234 3329 477 3371 Herilandum,
502 3330 521 3364 a
541 3329 632 3364 distis
655 3330 871 3367 Nortmannis
892 3336 1006 3368 eversae
1026 3335 1102 3368 Mo-

231 3379 364 3415 rinenfis
388 3380 530 3418 civitatis
552 3380 750 3424 Episcopum
773 3406 783 3423 ‚
810 3383 851 3419 ad
872 3383 968 3420 aliam
988 3384 1102 3420 Sedem

321 3429 522 3475 ,christLupr
531 3436 616 3474 oper.
623 3432 736 3466 TomV.

51 2875 135 2917 Epist·
147 2884 192 2914 45.

1874 124 1972 166 229

1161 192 1329 225 transferre
1339 190 1435 234 poffit
1444 215 1455 232 ,
1481 189 1640 226 Formoso
1651 190 1822 227 Pontifici<
1831 191 1957 228 ibidem
1970 194 2040 238 sup:

1157 239 1253 282 plicat
1271 241 1403 275 sanetus
1415 241 1521 276 Fulco
1542 241 1816 287 Archiepiscopus
1840 244 2030 278 Remensis.

1156 290 1285 334 Nempe
1310 291 1485 326 Gallicana
1502 292 1642 326 Ecclefia
1662 292 1726 335 jam
1747 292 1765 324 a
1789 291 2039 338 RieulphiMo‘·

1156 341 1289 384 guntin}
1313 341 1465 384 Episcopi
1494 340 1697 385 temporibus
1718 340 1888 378 admiserat
1900 343 2039 377 famens

1157 389 1367 433 antiquorum
1391 390 1593 424 Pontificum
1629 392 1818 427 Decretales
1837 393 2040 436 *Epistola-‚-

1160 440 1194 473 in
1215 439 1334 484 quibus
1356 441 1491 474 sanetus
1512 440 1675 474 Evaristus
1699 442 1815 476 diserte
1834 444 1974 477 affirmat
1999 443 2045 476 E.

1160 490 1366 533 piscoporum
1388 490 1617 524 translationes
1630 490 1698 523 fieri
1723 500 1791 524 non
1805 493 1893 534 posse
1908 493 1975 527 fine
1986 503 2043 527 ne·

1160 538 1512 580 ceffimeeioevirabssi,
1538 551 1577 573 ac-
1602 539 1796 583 Apostolica
1819 542 2040 577 authoritate.

1160 589 1380 624 Affertionem
1392 589 1495 630 hanc,
1524 591 1575 623 uti
1599 591 1633 623 ὃς
1665 588 1880 624 Innocentius
1904 593 2042 634 tertius,

1161 639 1277 673 fundat
1291 639 1501 683 inspirituali
1515 640 1599 673 inter
1612 639 1814 685 Episcopum
1825 650 1922 684 atque
1933 640 2045 675 Eccle-

1161 688 1490 728 siam'matrimonio,
1515 689 1605 733 quod
1618 690 1736 723 Divini
1763 690 1803 724 fit
1824 691 1925 734 juris,
1953 690 2044 727 ideo*

1164 750 1226 784 que
1240 749 1308 774 non
1319 740 1375 773 nili
1388 738 1512 773 Divina
1528 738 1685 783 potestate
1697 739 1791 782 poffit
1802 741 1901 775 solvi.
1946 759 1948 762 >

2067 419 2150 462 Epist·
2174 432 2198 450 2.

1188 790 1428 834 Suppofititiae
1454 790 1538 823 fiint'
1566 788 1631 822 istae
1655 789 1841 824 Decretales
1862 790 2017 833 Epistolae
2032 813 2044 831 ‚

1188 850 1226 873 ac
1247 849 1356 874 tamen
1381 840 1415 873 in
1437 839 1527 883 pai-te
1549 850 1617 873 non
1644 838 1778 874 deviant
1800 839 1819 872 ὲ
1833 840 2044 874 Canone‘an-

1163 889 1280 933 tiquo.
1308 889 1443 923 Etenim
1471 888 1666 933 Euphronio
1692 914 1704 930 ,
1741 889 1823 923 olim
1852 889 2044 923 Coloniensi

1164 939 1251 982 apud
1288 938 1466 974 Armenios
1481 935 1679 983 Episcopo,
1707 939 1748 973 ad
1770 939 2046 982 Nicopolitanam

1167 988 1341 1022 Ecclesiam
1354 989 1579 1024 transferendo
1590 991 1658 1024 fola
1672 1001 1739 1023 non
1756 989 1879 1023 suffecit
1906 989 2046 1023 Provin-

1165 1038 1223 1076 ciae
1234 1038 1387 1080 synodus
1401 1064 1411 1079 ‚
1438 1038 1491 1073 sed
1501 1040 1652 1074 accedere
1668 1040 1781 1074 debuit
1793 1039 1965 1074 austeritas
1978 1050 2045 1073 ma*

1165 1087 1224 1134 gni
1237 1088 1347 1122 Basilii
1363 1089 1562 1122 Caesarienfis
1585 1090 1760 1133 Episcopi,
1786 1101 1825 1124 ac
1852 1100 1907 1133 per
1931 1089 2048 1122 Ponti«

1164 1149 1238 1175 cam
1247 1138 1423 1173 Dioecefim
1435 1139 1590 1172 Primatis
1601 1164 1608 1170 .
1629 1140 1677 1172 Ita
1691 1139 1789 1176 habes
1800 1151 1840 1174 ex
1852 1140 1919 1183 ejus
1932 1138 2053 1176 litteris„
2065 1146 2146 1186 Epist.

1163 1189 1205 1223 ad
1216 1190 1373 1223 Senatum
1389 1189 1424 1222 ἃ
1451 1189 1585 1223 Clerum
1608 1188 1859 1222 coloniensem.
1889 1189 2048 1223 Et'Sidee
2063 1198 2127 1224 290·

1166 1240 1250 1273 rium
1265 1238 1440 1275 Palebiscae
1454 1239 1655 1282 Episcopum
1670 1239 1704 1272 in
1728 1238 1902 1282 Pentapoli
1929 1239 2022 1272 fuiffe
2034 1263 2045 1279 ‚
2063 1237 2130 1263 29²·

1168 1300 1237 1323 non
1263 1288 1412 1331 Synodi,
1438 1287 1492 1322 sed
1517 1289 1626 1322 Sansti
1653 1288 1827 1323 Athanasii
1846 1289 2054 1323 patriarchae,

1167 1337 1384 1372 Alexandrini
1411 1339 1601 1372 austeritate
1640 1339 1831 1372 translatum
1858 1339 1899 1373 ad
1926 1340 2045 1373 Sedem

1167 1389 1478 1432 Metropolitanam,
1506 1388 1701 1422 adfirmatin
1728 1388 1843 1422 litteris
1864 1389 1904 1422 ad
1929 1388 2047 1423 Theo-

1168 1438 1293 1483 philum
1308 1436 1531 1480 Patriarcham
1542 1440 1676 1473 Sanctus
1690 1439 1839 1481 Synefius
1861 1437 2054 1473 Ptolomai-·

1167 1487 1216 1522 dis
1229 1489 1408 1532 Episcopus
1421 1512 1432 1528 ,
1445 1488 1534 1522 didiae
1544 1484 1727 1521 Provinciae
1740 1489 1957 1531 Metropolim
1970 1514 1977 1521 .
1999 1489 2054 1522 Sia

1168 1551 1208 1573 ne
1231 1538 1344 1582 praevia
1362 1535 1559 1570 Patriarchae
1581 1536 1832 1571 confirmatione
1861 1538 1969 1571 nullus
1988 1549 2056 1580 per

1166 1600 1301 1623 omnem
1319 1586 1518 1632 AEgyptum
1546 1597 1674 1631 poterat
1701 1588 1800 1620 creari
1831 1586 2010 1635 Episcopus
2034 1612 2048 1627 ‚

1168 1640 1267 1685 longe
1278 1640 1387 1673 minus
1398 1637 1562 1673 transferri
1576 1663 1582 1670 .
1597 1638 1639 1671 Et
1655 1638 1836 1681 Sylvanum
1848 1636 2046 1673 Tarsensem

1168 1691 1368 1734 Episcopum
1383 1714 1392 1729 ‚
1406 1692 1515 1733 primae
1526 1689 1654 1722 Ciliciae
1671 1687 1921 1731 Metropolitam
1932 1714 1942 1729 ‚
1957 1687 2048 1731 quod

1168 1740 1402 1784 Theophilum
1429 1737 1796 1782 Eleutheropolitanum
1827 1739 1860 1771 in
1883 1738 2058 1780 Palestina¹

2063 1415 2147 1455 Epist.
2154 1420 2205 1452 67.

1170 1791 1366 1834 Episcopum
1392 1789 1602 1824 transtulisset
1624 1790 1665 1824 ad
1701 1788 1962 1823 Castabalensem
1984 1789 2061 1822 suae.

1167 1841 1276 1886 gentis
1304 1840 1498 1878 Ecclesiam,
1524 1838 1589 1874 hoc
1615 1839 1661 1874 est
1689 1864 1699 1879 ‚
1725 1839 1815 1882 quod
1841 1837 2050 1873 Antiocheni

1171 1890 1418 1932 Patriarchaejus
1434 1891 1605 1935 usurpasset
1621 1914 1632 1930 ‚
1659 1889 1744 1934 apud
1755 1889 1928 1923 Hermiam
1942 1889 2060 1923 zozoae

1169 1951 1304 1974 menum
1317 1939 1484 1973 damnavit
1496 1940 1652 1982 synodus
1666 1939 1874 1974 Seleucienfis
1885 1965 1892 1972 .
1910 1941 1953 1973 Et
1966 1927 2099 1973 Aea-‘ss'

1173 1991 1261 2023 cium
1276 1989 1687 2032 constantinopolitanum
1703 1991 1902 2033 Episcopum
1928 1990 1973 2024 ob
1987 1990 2060 2024 ‹io-2
2073 1974 2117 2002 '3'

1175 2040 1240 2073 lose
1262 2039 1434 2074 translatos
1459 2037 1663 2074 orthodoxos
1682 2040 1863 2083 Episcopos
1884 2039 2055 2073 damnavit

1175 2088 1292 2121 Felicis
1317 2090 1404 2120 tertii
1419 2089 1595 2122 pontificis
1608 2090 1747 2123 secunda
1771 2090 1924 2124 Romana
1949 2090 2056 2132 Syno-

1172 2136 1247 2170 duS.
1263 2135 1394 2178 Nempe
1405 2135 1502 2168 trium
1512 2137 1593 2168 olim
1608 2136 1909 2180 Autocephalarurn
1923 2141 2054 2174 Dioece-

1172 2188 1249 2218 sium
1267 2183 1524 2218 Patriarchatum
1538 2185 1710 2228 usurpabat
1723 2196 1803 2220 tunc
1816 2187 1930 2231 Regiae
1941 2189 2055 2221 civita-

1170 2237 1209 2270 tis
1224 2235 1372 2269 Antistes
1391 2259 1401 2274 ,
1428 2234 1619 2278 adeoque&
1633 2236 1668 2268 in
1682 2236 1754 2279 ipfis
1769 2237 1857 2271 solus
1871 2238 2052 2280 Episcopos

1170 2284 1404 2318 transferebat.
1435 2285 1477 2317 Et
1490 2284 1531 2318 de
1555 2285 1672 2319 Samsto
1695 2285 1817 2319 Proclo
1841 2285 1859 2319 ὲ
1880 2287 2050 2329 Cyzicena

1168 2333 1406 2376 Metropoliad
1429 2333 1841 2378 constantinopolitanam
1871 2337 2049 2372 Ecclesiam

1169 2384 1325 2418 translato
1349 2383 1457 2418 scribit
1479 2385 1648 2418 Socrates:
1676 2392 1753 2421 Huic
1776 2392 1888 2429 negotio
1907 2386 2054 2431 suffraga-

1170 2435 1278 2468 bantur
1308 2433 1447 2475 Epistolae
1458 2434 1611 2474 calestem
1633 2439 1760 2468 Romani
1787 2436 1946 2480 Episcopi,
1974 2450 2050 2480 quas

1171 2487 1213 2517 ad
1223 2485 1360 2522 cyrillum
1386 2482 1565 2526 Episcopum
1590 2486 1804 2528 Alexandriae,
1831 2489 1865 2520 (⁶2⁸
1893 2489 1935 2519 ad
1949 2492 2052 2532 soan-

1171 2547 1237 2569 nem
1252 2532 1426 2575 Episcopum
1439 2535 1619 2576 Annoclme,
1647 2537 1682 2569 (ν
1702 2538 1745 2569 ad
1762 2537 1878 2579 Rufum
1910 2538 2055 2581 Thessalo·

1174 2591 1245 2618 m'cae
1256 2582 1435 2626 Episcopum
1447 2582 1520 2625 misit
1530 2609 1540 2624 ‚
1565 2597 1621 2628 quo
1632 2597 1677 2618 eos
1691 2589 1803 2622 doceret
1821 2587 1898 2620 m'hll
1922 2589 2050 2628 obstare,
2072 2581 2111 2656 [¹9
2122 2589 2150 2615 ⁷·
2177 2590 2208 2618 ‘22

2122 1934 2152 1963 4·
2180 1931 2206 1957 c.

1172 2647 1227 2678 quo
1249 2639 1344 2667 minus
1362 2640 1413 2676 qui
1444 2641 1532 2667 unius
1546 2637 1618 2675 jam
1643 2641 1780 2671 civitatis
1808 2639 1862 2671 vel
1880 2644 2051 2671 nominatus

1791 2689 1835 2720 ad
1856 2689 1983 2721 alteram
2009 2694 2053 2721 ei-

1174 2741 1300 2769 vitatem
1310 2733 1532 2775 transferretur.
1550 2735 1604 2769 Bis
1616 2746 1738 2771 tentata
1750 2738 1813 2771 fuit
1825 2736 1934 2771 Procli
1950 2739 2050 2771 trans-

1174 2785 1270 2819 latio.
1298 2784 1410 2818 Primo
1432 2785 1502 2827 post
1524 2785 1668 2819 Nestorii
1693 2785 1960 2831 degradationem
1977 2802 1988 2821 .-
2014 2788 2050 2821 δε

1175 2845 1254 2869 tunc
1264 2845 1318 2878 per
1329 2835 1492 2878 obje6ium
1503 2833 1669 2869 decimum
1684 2838 1835 2870 odiavum
1864 2836 2051 2871 Antioche-

1178 2896 1257 2919 num
1270 2884 1444 2919 Canonem
1456 2886 1518 2918 fuit
1532 2884 1687 2928 impedita
1702 2911 1712 2927 ,
1739 2889 1972 2930 promotusque
1984 2888 2048 2922 fuit

1177 2935 1400 2969 Maximianus
1423 2962 1430 2968 .
1468 2935 1547 2969 Post
1571 2935 1666 2979 hujus
1690 2948 1831 2972 mortem
1856 2938 2048 2971 Caelestinus

1177 2984 1334 3020 Pontifex
1345 2985 1425 3019 favit
1439 2985 1581 3025 Proclo,
1607 2997 1703 3030 atque
1725 2988 1768 3020 ira
1791 2987 1960 3020 translatio
1983 2988 2052 3021 suc-

1178 3034 1266 3069 ceffit
1279 3059 1286 3066 .
1312 3034 1427 3069 Latius
1440 3035 1507 3070 haec
1526 3035 1619 3070 refert
1640 3036 1850 3078 Nicephorus
1872 3036 2026 3071 Calixtus
2040 3062 2051 3078 ,

1179 3085 1292 3119 multis
1301 3084 1475 3119 ostendens
1492 3086 1737 3120 translationem
1764 3097 1806 3120 ex
1826 3086 1982 3131 legitima
1997 3098 2050 3120 au·
2099 3124 2101 3126 ,

1180 3135 1328 3168 &oritate
1339 3135 1373 3167 ὃς
1384 3137 1477 3170 causa
1491 3135 1632 3169 omnino
1643 3134 1740 3169 licere
1750 3161 1757 3169 .
1770 3137 1851 3179 Ejus
1861 3137 1958 3180 porro
1972 3137 2049 3179 legi·
2069 3121 2100 3148 L·

1180 3185 1260 3219 tima
1272 3184 1443 3220 auctoritas
1453 3186 1497 3220 est
1511 3186 1682 3220 auctoritas
1705 3186 1951 3220 patriarchalis:
1980 3186 2047 3219 Uti
2068 3169 2116 3196 37·
2138 3170 2187 3196 39-

1181 3233 1451 3276 fineejuspraevio
1472 3236 1590 3269 assensu
1617 3237 1723 3270 nullus
1742 3237 1840 3271 etiam
1863 3234 2049 3268 Provincia-

1183 3285 1222 3317 lis
1234 3283 1410 3328 Episcopus
1430 3285 1534 3329 potest
1556 3285 1724 3326 ordinari,
1751 3287 1796 3319 ita
1818 3283 1919 3330 longe
1940 3285 2049 3318 minus

1184 3334 1348 3367 transferri
1370 3359 1376 3367 .
1404 3336 1531 3378 Aliquo
1554 3337 1641 3370 enim
1665 3335 1813 3371 Canonis
1836 3335 1971 3369 vulnere
1995 3334 2050 3367 hic

1183 3385 1245 3419 fuit
1255 3394 1336 3429 opus
1345 3408 1353 3418 .
1376 3383 1569 3422 Patriarchae
1578 3397 1693 3426 omnes
1705 3387 1739 3423 δε
1750 3384 1919 3433 dignitatis
1930 3386 1987 3417 suae
1997 3383 2050 3417 fir·

1576 3435 1610 3470 V
1909 3434 2001 3470 mita.-
