2366 3756
341 216 412 254 26
713 205 1180 250 ,VICTORIS

275 295 418 336 adimplet
431 318 440 333 ,
465 298 515 334 qux·
540 294 574 327 er
587 301 727 326 curarum
737 287 913 323 tumultibus
927 291 1076 328 premitur
1090 309 1101 326 ‚
1126 287 1159 319 ea·

277 349 450 387 negotiorum
478 340 672 385 saecularium
703 335 946 380 perplexionibus
972 336 1160 370 innodatur?

278 396 340 436 ,Qui
351 394 429 425 diem
442 392 604 435 loquendo,
631 392 664 422 &
676 385 797 431 diversa
808 387 967 420 tranando
987 392 1137 421 continuat
1149 412 1159 428 ‚

279 442 389 476 noc'lem
401 442 572 484 confiliando
581 439 723 472 dimidiat
737 463 744 470 .
775 440 844 482 ‚Qui
856 435 921 471 cum
940 438 1011 470 aliis
1021 439 1160 479 complere

279 504 337 525 non
358 502 442 525 curat
465 516 475 530 ‚
502 500 590 534 atque
615 489 661 522 ad
679 489 858 530 explendum
890 493 1002 530 primae
1028 490 1156 527 synaxis

279 543 397 584 officium
418 565 429 580 ,
455 542 529 574 Solis
549 548 646 573 ortum
662 538 782 583 semper
814 544 965 581 anticipat
985 563 993 570 .
1029 541 1076 571 Et
1096 539 1160 571 ciem

278 596 453 624 Conventus
476 595 624 624 Fratrum
651 588 801 631 silentium
835 594 1024 622 communiter
1047 586 1160 631 solvit,

279 643 326 673 ille
351 647 430 674 inter
457 653 503 674 eos
528 651 690 684 numquam
707 637 842 683 salivam
862 644 1013 683 virginem
1035 646 1157 680 portat.

278 696 345 724 Nec
363 692 407 723 ad
411 692 628 733 proferendum
644 693 715 732 jam
733 690 869 729 coelesiem
875 688 1042 732 sermonem
1056 689 1162 723 idonee

275 741 407 785 suppetit
430 743 553 785 lingua,
579 751 644 784 quae
667 742 752 783 prius
766 740 803 780 est
824 750 889 773 tam
897 741 1024 782 prolixis
1037 746 1161 774 terrenae

279 793 433 824 locutionis
446 791 617 836 ambagibus
629 791 777 835 diffoluta.
807 792 898 822 Porro
921 801 986 823 cum
998 789 1160 823 Monachus

270 841 414 880 jubeatur
429 850 461 876 in
488 842 538 875 hoc
550 843 658 875 mundo
671 840 750 875 nihil
769 848 907 882 appetere
918 864 930 880 ,
957 839 1037 872 nihil
1039 838 1162 882 prorsus

277 892 391 925 ambire
428 918 439 934 ,
477 893 550 935 quid
583 893 620 925 de
647 889 790 925 Monacho
827 890 875 924 ille
913 889 1013 923 abbas
1053 888 1160 930 habet,

277 953 365 984 quem
388 944 525 977 videmus
548 944 632 976 velut
659 940 822 975 AEthnaets
854 946 1054 982 irruptantem
1075 940 1165 982 flam-

276 998 336 1024 mis
351 1016 362 1032 ‚
388 1000 533 1028 avaritiae
539 992 660 1036 facibus
677 990 859 1034 inardescere
869 1015 880 1031 ‚
904 992 1089 1033 praediorum
1099 1002 1164 1024 con-

272 1042 351 1084 finia
376 1046 532 1084 dilatare,
554 1048 698 1087 pecunias
719 1041 788 1075 hinc
807 1043 879 1075 inde
897 1052 961 1074 cum
984 1049 1073 1076 tanta
1098 1046 1163 1074 avi-

274 1092 375 1128 ditate
399 1098 530 1138 colligere
542 1119 552 1134 ,
577 1096 621 1127 ad
641 1093 741 1126 aliena
760 1093 962 1135 conquirenda
983 1092 1108 1135 confinia
1120 1099 1163 1124 to-

274 1147 314 1172 tis
343 1143 493 1185 defideriis
513 1144 655 1177 anhelare
669 1168 676 1175 .
704 1148 762 1176 cui
786 1143 934 1186 quidquid
951 1142 990 1182 est
1011 1141 1091 1175 nihil
1100 1140 1137 1181 est
1151 1165 1161 1182 ,

276 1190 333 1232 m‘fi
352 1196 386 1228 (tt
403 1196 453 1228 boc
473 1195 622 1235 studuerit
642 1199 778 1227 invenire
798 1195 878 1236 quod
899 1192 990 1232 deest.
1019 1196 1077 1224 Cui
1102 1195 1162 1223 Mo·

275 1241 434 1279 nasterium
452 1245 491 1287 fit
515 1243 673 1288 hospitium
689 1268 700 1284 ,
725 1250 866 1287 equinum
886 1246 957 1276 vero
982 1240 1100 1284 dorsum
1123 1241 1161 1282 cst

275 1296 479 1333 quotidianum
501 1294 702 1329 habitaculum
730 1320 737 1326 .
765 1293 952 1332 chyrotheca·
973 1316 984 1333 ,
1011 1293 1160 1331 calcaria,

270 1341 385 1384 scutica
399 1372 409 1388 ‚
432 1344 639 1389 pidrifi‘gulae,
666 1343 736 1384 &fi
754 1355 815 1386 qua
838 1345 901 1376 alia
924 1343 1081 1384 equitandi
1086 1340 1160 1383 sunt

275 1395 408 1436 utenfilia
424 1420 434 1435 ,
462 1405 626 1435 numquam
637 1392 724 1434 otioso
730 1392 786 1431 fitu
808 1392 941 1433 negledia
955 1389 1136 1431 marcescunt
1151 1413 1161 1429 ,

260 1443 337 1475 *ciem
359 1444 562 1479 sacerdotalia
585 1450 763 1475 ornamenta
777 1464 787 1479 ,
813 1440 921 1481 quibus
940 1437 1037 1481 sacris
1050 1440 1160 1471 Altari-

273 1492 327 1525 bus
353 1494 521 1536 deservitur
540 1515 551 1530 ,
572 1489 787 1531 saepeatineis
809 1486 928 1525 comesta
951 1493 1158 1526 reperiantur.

273 1545 355 1584 ‚Quae
371 1548 449 1576 enim
469 1540 539 1582 fora
564 1564 574 1578 ,
599 1549 666 1581 quae
693 1536 872 1569 Tribunalia
898 1540 1031 1568 inveniri
1049 1535 1159 1576 poffunt

274 1592 436 1626 abbatibus
454 1591 575 1624 vacua?
601 1591 684 1631 ,ραι
706 1591 801 1619 Curia
819 1610 830 1626 ‚
858 1596 924 1628 quae
944 1584 1049 1618 cubilia
1072 1586 1156 1616 Prin-

273 1649 370 1688 cipum
400 1643 534 1685 ferratis
565 1640 714 1673 abbatum
741 1641 839 1679 virgis
866 1647 923 1668 non
948 1634 1155 1678 adspiciuntur

274 1695 370 1737 effoffa
394 1695 407 1728 ?
435 1693 568 1726 Aulicum
592 1690 684 1723 limen
703 1689 818 1732 jugiter
844 1684 995 1719 abbatum
1022 1683 1153 1727 vestigiis

273 1751 380 1778 teritur
391 1768 402 1784 ,
430 1745 464 1777 Θ
476 1752 574 1776 eorum
593 1740 719 1783 querelae
738 1738 790 1770 vel
801 1738 910 1780 jurgia
927 1736 1091 1782 importune*
1101 1738 1156 1768 Re-

269 1807 341 1840 gum
354 1794 477 1827 auribus
502 1795 695 1835 ingeruntur.
723 1792 796 1821 Non
820 1798 866 1819 eos
888 1784 1031 1830 effiagiunt
1052 1783 1158 1824 Castra

274 1846 451 1879 bellantium
470 1866 480 1882 ,
505 1838 562 1885 sed
587 1838 644 1883 sub
663 1837 820 1883 sequestrae
848 1842 935 1878 pacis
955 1834 1052 1879 specie
1080 1840 1159 1868 inter

274 1894 352 1939 ipsos
378 1894 569 1928 Galeatorum
591 1901 692 1924 cuneos
714 1885 837 1930 discerpi
859 1888 1058 1928 &comprimi
1075 1883 1157 1928 sape*

275 1946 384 1981 videas
410 1944 566 1977 cucullatos
590 1966 597 1974 .
625 1942 688 1984 ‚Qui
711 1939 777 1971 vult
803 1938 874 1980 noffe
900 1937 977 1979 quid
1000 1936 1099 1968 ac‘lum
1118 1934 1158 1977 sit

276 1986 510 2037 apud-Fateris}
531 1998 678 2035 negotium
703 2014 714 2030 ,
739 1999 796 2022 non
818 1989 966 2021 Praetoria
983 1987 1157 2032 judicum,

274 2045 330 2090 sed
355 2043 519 2088 diversorIa
543 2043 643 2085 potius
666 2045 826 2083 perquirat
852 2037 1003 2071 Abbatum
1028 2062 1035 2068 .
1062 2037 1156 2080 ‚Quid-

278 2096 354 2140 quid
369 2101 402 2128 in
431 2093 535 2138 saeculo
559 2100 662 2136 agitur
682 2116 693 2131 ,
720 2089 759 2122 ab
780 2095 823 2122 eis
850 2089 932 2121 velut
958 2088 978 2118 ἃ
1005 2086 1155 2130 Magistris

279 2151 456 2190 negotiorum
477 2142 668 2187 saecularium
697 2145 862 2181 requiratur
889 2161 896 2169 .
934 2137 1087 2180 Legenda
1113 2136 1158 2168 est

279 2197 405 2239 integra
429 2192 597 2236 Epistola.-
624 2188 793 2223 Abbatum
809 2210 819 2225 ‚
839 2185 896 2229 qui
919 2195 974 2227 per
999 2184 1159 2217 ambitum

280 2246 395 2279 ineunt
414 2242 612 2286 dignitatem
634 2262 644 2277 ‚
671 2248 778 2270 mores
801 2237 834 2268 δε
860 2234 940 2266 vitia
961 2233 1098 2265 exhibet
1120 2233 1159 2266 ad

280 2296 415 2328 vivum.
438 2290 562 2324 Eadem
586 2297 642 2329 per
665 2285 768 2318 varias
795 2306 805 2321 ‚
832 2280 949 2323 quibus
973 2281 1092 2322 lapsam
1116 2280 1162 2313 di-

282 2331 456 2386 sciplinam
479 2344 685 2381 repararunt,
712 2330 867 2376 Synodos
889 2329 986 2364 evelli
1004 2339 1157 2363 curarunt

283 2395 494 2436 Imperatores
516 2387 664 2430 Magnus
687 2382 828 2417 Carolus
853 2381 887 2414 &
915 2378 993 2413 Pius
1014 2378 1161 2413 Ludovi-

283 2454 359 2477 cus.
388 2437 558 2484 Ejusmodi
579 2434 749 2468 Abbatum
771 2430 959 2468 noviffima,
988 2428 1058 2462 imo
1073 2428 1162 2463 nulla

281 2504 359 2530 cura
380 2491 424 2525 est
436 2490 478 2524 de
491 2480 696 2522 Monastedo
719 2495 757 2517 ac
767 2480 954 2515 Monastica
968 2479 1141 2523 disciplina
1155 2491 1162 2511 :

1251 216 1641 247 SECUNDI

1223 285 1436 322 Antiochena
1451 288 1588 327 civitas,
1613 297 1649 321 ut
1668 285 1799 321 haberet
1812 287 1874 323 fere
1882 300 2013 325 centum
2026 291 2099 325 mil-

1222 338 1264 372 lia
1277 349 1453 382 pauperum
1468 352 1475 371 ι
1498 338 1599 382 Ipsam
1614 337 1834 372 nihilominus
1843 341 2100 376 commodiffime

1220 388 1307 431 poffe
1318 389 1354 422 in
1365 387 1539 423 communi
1554 391 1662 423 vivere
1671 413 1682 429 ‚
1697 388 1809 423 multis
1820 398 1956 424 conatur
1964 391 2100 426 demon-

1219 437 1300 472 stare
1311 464 1318 470 .
1346 439 1399 472 Ex
1415 439 1533 473 eodem
1547 438 1709 483 principio
1732 438 1765 471 in
1778 440 1923 473 sermone
1935 438 1975 474 de
1983 441 2099 478 Sansto

1220 487 1413 533 Philogono
1435 489 1544 523 scribit
1566 489 1684 523 Meum
1695 500 1732 523 ac
1743 488 1860 524 Tuum
1871 490 1932 523 effe
1943 489 2099 534 frigidum

1222 539 1356 573 verbum
1368 563 1380 579 ,
1406 539 1440 573 &
1453 541 1569 574 cunsta
1593 537 1731 574 humani
1741 540 1869 584 generis
1880 538 1964 573 mala
1977 551 2018 573 ex
2028 541 2100 585 ipso

1222 589 1401 634 pullulare.
1428 589 1473 624 Et
1492 587 1558 624 hoc
1581 589 1628 624 est
1649 588 1789 624 omnino
1811 589 2024 625 veriffimum:
2052 591 2101 624 At

1222 639 1324 674 nimia
1335 637 1495 674 malorum
1506 651 1582 674 cum
1606 638 1702 675 bonis
1712 640 1746 674 in
1760 638 1824 674 hoc
1845 639 1973 675 mundo
1983 641 2101 675 mixtu-

1222 701 1253 724 ta
1265 701 1392 724 tantam
1404 690 1636 734 perfectionem
1651 701 1718 725 non
1731 690 1839 725 suffert
1852 714 1858 721 .
1873 689 1961 723 Nam
1971 690 2004 724 &
2017 691 2101 734 post·

1222 752 1321 785 quam
1343 740 1585 786 Evangelicum
1603 750 1669 775 rete
1692 740 1788 775 bonis
1807 752 1843 774 ac
1855 739 1950 774 malis
1963 741 2100 783 piscibus

1225 790 1397 834 impletum
1411 815 1422 831 ,
1448 791 1482 824 ἃς
1494 790 1680 825 Christiana
1692 790 1842 834 profeffio
1851 789 1895 824 est
1906 789 2100 833 multiplica-

1223 851 1255 875 ta
1267 842 1359 884 supra
1374 852 1546 876 numerum
1558 866 1569 883 ‚
1595 839 1685 876 defiit
1697 841 1902 885 magnificari
1914 839 2100 874 universalis

1224 891 1398 926 sanctitatis
1421 891 1533 926 laetitia
1554 904 1561 924 :
1589 891 1699 927 Etiam
1730 891 2035 934 Hierosolymitana
2060 901 2098 924 ac

1224 941 1450 976 Alexandrina
1475 942 1618 976 Ecclesia
1639 942 1856 986 deposuerunt
1877 942 1998 975 avitam
2024 940 2099 974 vitae

1222 993 1495 1028 communionem
1507 1018 1514 1024 .
1542 993 1626 1026 Eam
1636 1003 1710 1026 cum
1724 992 1833 1036 paucis
1846 992 1879 1025 in
1892 991 2098 1025 Monasterio

1224 1043 1318 1078 sociis
1338 1043 1503 1086 resumpfit
1516 1043 1650 1077 Sanctus
1673 1040 1844 1076 Antonius
1858 1065 1868 1081 ,
1894 1040 2098 1084 &juffiteffe

1224 1092 1442 1127 Coenobiticae
1455 1094 1527 1127 vitae
1536 1093 1788 1127 fundamentum
1801 1116 1808 1123 .
1835 1090 1968 1125 Etenim
1980 1091 2102 1124 Mona-

1223 1142 1334 1178 nicam
1351 1143 1451 1176 vitam
1475 1153 1543 1176 non
1563 1144 1626 1176 effe
1646 1142 1735 1177 aliud
1755 1166 1767 1183 ‚
1793 1142 1893 1186 quarn
1914 1140 1956 1175 ad
1978 1151 2099 1184 paucos

1221 1195 1422 1227 contrastam
1445 1190 1671 1236 Apostolicam
1681 1192 1886 1236 disciplinam
1897 1215 1908 1231 ‚
1934 1191 2033 1225 docet
2044 1202 2100 1224 an-

1222 1243 1311 1286 tiqua
1325 1243 1573 1277 Monachorum
1585 1242 1714 1287 Regula
1731 1255 1738 1275 :
1767 1247 1865 1276 Nemo
1873 1243 2039 1284 quidquam
2041 1239 2099 1282 fib!
2119 1259 2272 1292 [tegam.

1221 1295 1359 1327 vendicet
1372 1316 1382 1332 ‚
1401 1292 1462 1336 sed
1473 1292 1548 1334 ficut
1566 1290 1711 1336 scriptum
1727 1292 1764 1334 ost
1775 1298 1808 1325 in
1820 1291 1941 1324 Ac‘i‘ibus
1964 1289 2102 1332 Apostolo-

1223 1355 1289 1376 rum
1301 1367 1311 1383 ,
1339 1343 1472 1377 habeant
1482 1349 1580 1376 omnia
1591 1349 1756 1376 communia
1768 1367 1776 1375 .
1806 1342 1871 1376 Cui
1884 1343 2033 1384 exemplo
2046 1342 2101 1374 sua

1222 1392 1424 1425 Monasteria
1446 1393 1740 1432 superaedificatum
1761 1393 1862 1427 etiam
1873 1391 2021 1436 Magnus
2041 1389 2102 1424 Ba-

1222 1441 1315 1474 filius
1333 1465 1344 1480 ‚
1373 1440 1508 1473 Sanetus
1537 1436 1744 1482 Augustinus
1764 1461 1775 1477 ,
1802 1439 1935 1471 Sanctus
1966 1438 2105 1471 Benedi-

1221 1492 1314 1526 stus,
1339 1489 1440 1519 &alii
1468 1488 1717 1520 Monachorum
1738 1487 1896 1520 Austores
1917 1512 1924 1519 .
1952 1487 1996 1519 Et
2023 1484 2102 1520 hinc

1221 1537 1252 1570 in
1276 1533 1447 1568 undecima
1474 1536 1570 1577 supet
1606 1533 1818 1577 Apostolicos
1839 1534 1942 1567 Astus
1962 1533 2100 1569 homilia

1221 1586 1331 1620 scribit
1344 1585 1491 1619 laudatus
1503 1583 1759 1626 Chrysostomus
1772 1595 1779 1617 2
1805 1586 1853 1617 Sic
1865 1589 1898 1616 in
1909 1583 2098 1625 monasterus

1220 1646 1296 1669 nunc
1307 1640 1420 1669 vivunt
1432 1658 1443 1675 ‚
1470 1636 1720 1677 quemadmodum
1733 1634 1802 1668 olim
1809 1633 1932 1676 fideles.

1267 1685 1460 1720 Monasticae
1485 1686 1559 1718 vitae
1584 1684 1723 1728 primum
1758 1684 2010 1722 fundamentum
2035 1687 2101 1723 effe

1219 1735 1347 1780 plenam
1369 1735 1404 1770 ἀ
1417 1734 1587 1780 perfectam
1599 1735 1760 1781 omnium
1769 1736 2000 1778 temporalium
2012 1749 2100 1772 com-

1219 1786 1437 1826 munionem,
1464 1786 1499 1819 &
1516 1786 1620 1830 ipsam
1645 1785 1687 1820 ab
1699 1782 1875 1831 AEgyptiis
1898 1786 2005 1827 Sanffl
2028 1786 2100 1822 An-

1219 1836 1305 1870 tonii
1344 1833 1524 1870 Monachis
1544 1838 1546 1840 ’
1563 1834 1754 1881 rigidiffime
1790 1836 1883 1870 fuiffe
1917 1837 2074 1873 servatam
2086 1863 2106 1880 ,.

1218 1885 1395 1921 ostendunt
1406 1885 1439 1919 in
1453 1886 1539 1920 libro
1547 1885 1588 1920 de
1599 1885 1780 1920 Catholicae
1793 1885 1941 1919 Ecclefiae
1953 1888 2098 1923 moribus
2114 1904 2151 1934 C*
2162 1912 2209 1940 30·
2222 1912 2236 1940 3
2246 1912 2269 1933 ι,

1219 1936 1367 1971 laudatus
1388 1935 1616 1982 Augustinus,
1644 1935 1678 1969 &
1700 1935 1735 1970 in
1757 1934 1891 1979 epistola
1917 1937 1959 1971 ad
1981 1937 2100 1973 Eusto-

1218 1986 1330 2021 chium
1359 1987 1493 2021 Santius
1516 1987 1764 2030 Hieronymus,
1791 1984 1992 2021 addensistic
2003 1987 2096 2023 fuist-2

1217 2038 1250 2071 &
1262 2034 1617 2083 aliudaMonachorum
1629 2047 1731 2081 genus
1745 2060 1755 2076 ,
1781 2035 1989 2071 deterrimum
2004 2062 2013 2077 ‚
2042 2050 2096 2073 ne·

1217 2088 1357 2132 gleecum
1373 2111 1384 2127 ,
1411 2088 1444 2121 &
1455 2086 1662 2131 instarpestis
1677 2086 1918 2121 eliminandum
1931 2101 1942 2122 .·
1964 2086 2097 2131 Utpote

1218 2138 1324 2181 quiex
1337 2137 1484 2171 collectis
1497 2137 1656 2179 symbolis
1670 2136 1770 2172 solam
1783 2138 1925 2171 mensam
1941 2135 2096 2173 haberent

1218 2196 1450 2219 communem.
1479 2189 1569 2227 Apud
1589 2185 1641 2220 hoc
1663 2210 1674 2226 ,
1701 2187 1809 2230 inquit
1829 2212 1839 2228 ‚
1865 2187 2008 2229 affec‘lata
2023 2187 2097 2232 sunt

1221 2239 1340 2273 omnia,
1369 2234 1454 2267 Iaxae
1475 2239 1601 2267 manicae
1627 2258 1638 2273 ‚
1662 2238 1764 2278 caligae
1779 2236 1952 2276 follicantes
1973 2261 1983 2277 ,
2008 2238 2096 2277 veliis

1218 2283 1354 2321 crassior,
1378 2282 1480 2314 crebra
1500 2282 1655 2324 suspiria,
1683 2284 1813 2324 viſsiatia
1834 2288 1989 2327 Virginum
2010 2310 2020 2325 ,
2049 2287 2099 2320 de·

1220 2331 1330 2364 trac‘iio
1340 2331 1520 2363 Clericorum
1535 2342 1542 2362 ε
1570 2333 1615 2361 Et
1619 2329 1649 2370 fi
1653 2332 1771 2371 quando
1782 2333 1847 2363 dies
1853 2333 1950 2372 festus
1962 2341 2077 2367 venerit
2085 2359 2096 2374 ,

1220 2379 1395 2421 saturantur
1419 2380 1462 2412 ad
1482 2384 1644 2412 vomitum.
1671 2377 1884 2414 Hidicuntur
1905 2381 2097 2418 Rebomoth

1223 2442 1260 2464 ac
1282 2428 1472 2469 Sarabaitae,
1501 2440 1583 2472 quos
1603 2428 1636 2461 &
1658 2428 1836 2472 primorum
1857 2430 1890 2464 δε
1912 2433 2098 2467 mediorum

1225 2481 1413 2515 saeculorum
1438 2479 1549 2513 Patres
1569 2477 1756 2514 constanter
1776 2480 1938 2516 affirmant
1958 2484 2020 2518 effe
2029 2483 2101 2527 spu-

285 2542 452 2585 Apossatae
478 2539 568 2573 enim
594 2536 668 2569 sunt
694 2558 705 2574 ,
732 2533 765 2567 &
791 2531 963 2564 dumtaxat
990 2529 1178 2573 personataea
1223 2531 1310 2570 rios,
1337 2542 1375 2564 ac
1387 2529 1453 2564 veri
1473 2527 1963 2575 Monachinomineindignos.
1990 2531 2097 2567 Anto-

284 2590 532 2626 Monachorum
563 2587 679 2625 larvae,
705 2583 761 2626 qui
784 2580 906 2615 Curios
929 2580 1080 2614 simulant
1096 2604 1106 2621 ‚
1132 2580 1165 2613 δε

1226 2582 1359 2616 nianam
1378 2581 1652 2613 communionem
1674 2580 1813 2623 exponit
1834 2591 1871 2614 ac
1893 2581 2039 2625 praedicat
2060 2584 2095 2618 in

285 2641 503 2677 Bacchanalia
532 2639 647 2671 vivunt
671 2659 678 2665 .
704 2634 748 2666 Et
774 2632 835 2665 isto
866 2641 1012 2672 tempore
1031 2630 1164 2673 quidam
1228 2629 1484 2664 Monasticarum
1510 2628 1761 2664 Institutionum
1783 2629 1875 2664 libris
1894 2632 1992 2666 etiam
2003 2633 2098 2676 Joan-

286 2705 347 2727 nec
369 2692 489 2726 Curios
516 2685 709 2722 simulabant
735 2707 742 2713 .

287 2743 419 2777 mandat
443 2741 527 2782 ipsos
550 2737 592 2771 ad
611 2734 757 2770 officium
779 2733 990 2776 &paternam
1010 2729 1165 2765 sollicitu-

287 2794 400 2826 dinem
422 2786 596 2831 compelli.

782 2681 875 2714 Hinc
901 2680 1008 2713 noster
1045 2681 1165 2714 Canon
1227 2693 1283 2715 nes
1307 2680 1496 2716 Caffianus:
1523 2680 1612 2713 Nulli
1634 2679 1770 2720 cistellam
1791 2705 1803 2721 ‚
1829 2682 1903 2714 nulli
1918 2684 2098 2724 peculiarem
2119 2704 2271 2742 L“rc-13·

1220 2730 1387 2775 sportulam
1398 2731 1463 2764 luet
1479 2731 1613 2772 poffldere
1624 2753 1634 2769 ,
1663 2740 1715 2763 nec
1726 2731 1784 2763 tale
1794 2731 1914 2773 aliquid
1930 2734 2007 2776 quod
2016 2734 2098 2766 velut

1223 2786 1374 2824 proprium
1392 2787 1523 2814 retinens
1542 2779 1596 2824 fico
1618 2779 1724 2814 debeat
1746 2788 1920 2825 communire
1933 2778 2095 2827 signaculo.

340 2840 431 2873 Ante
452 2837 565 2873 omnia
576 2833 730 2873 mandat,
756 2842 790 2866 ut
810 2832 872 2865 suis
884 2829 1062 2865 Monachis
1078 2831 1181 2880 nullag
1222 2832 1326 2866 *Hanc
1345 2831 1493 2876 regulam
1519 2831 1553 2865 ὅ(
1574 2830 1661 2873 apud
1684 2829 1897 2867 Antonianos
1916 2856 1926 2871 ‚
1953 2834 1985 2867 ὃ(
2012 2833 2100 2877 apud

292 2892 418 2927 ratione
444 2887 634 2931 permittant
656 2882 839 2927 proprium.
868 2882 1004 2915 Plenam
1016 2883 1181 2915 omnium*

291 2938 519 2984 temporalium
539 2933 809 2970 communionem
829 2931 940 2974 primis
950 2931 1036 2974 apud
1050 2932 1168 2965 Hiero.

292 2992 455 3034 solymam
483 2984 679 3021 Christianis
706 2981 858 3024 Apostoli
879 3005 890 3022 ,
916 2981 1001 3024 apud
1029 2981 1168 3014 Alexan-

295 3043 402 3076 driam
413 3040 546 3072 Sannus
558 3036 692 3069 Marcus
703 3058 712 3073 ‚
724 3033 867 3075 aliquam
878 3030 945 3074 ejus
960 3042 1081 3074 partem
1093 3033 1169 3067 San-

291 3095 360 3127 clus
373 3089 492 3123 Paulus
505 3086 658 3130 imposuit
670 3081 856 3117 Corinthiis
867 3106 874 3113 .
900 3080 944 3114 Et
957 3081 1044 3114 illius
1057 3093 1170 3124 praeva-

295 3142 489 3177 ricationem
511 3135 672 3170 horrendo
698 3133 733 3166 in
745 3132 911 3166 Ananiam
930 3131 963 3165 ἀ
979 3130 1167 3174 sapphiram

298 3191 459 3233 supplicio
472 3187 605 3221 Sanstus
616 3184 728 3217 Petrus
740 3181 921 3215 vindicavit
935 3205 942 3211 .
972 3180 1069 3215 Hanc
1082 3192 1167 3215 com.

298 3242 492 3276 munionem
514 3234 596 3270 adeo
606 3233 722 3267 dilexit
734 3233 864 3266 Sanetus
875 3231 1016 3274 Joannes
1027 3231 1170 3275 Chryso-

298 3292 422 3325 stomus
436 3313 445 3328 ,
460 3298 495 3324 ,ut
509 3287 542 3319 in
558 3283 729 3318 undecima
744 3283 834 3324 super
846 3279 1056 3322 Apostolicos
1068 3281 1168 3316 Astus

299 3339 437 3375 homilia
449 3336 581 3370 scribat:
610 3330 713 3372 Haecsi
732 3333 765 3371 β’
776 3342 851 3364 nunc
859 3330 947 3372 fieret
960 3354 971 3370 ‚
999 3337 1096 3373 mique
1107 3344 1167 3364 ma.

293 3395 354 3432 jort
377 3400 439 3429 cum
450 3387 603 3427 voluptate
615 3389 786 3416 viveremus
800 3405 810 3420 ,
836 3382 870 3414 (π
880 3382 990 3413 divites
1015 3383 1048 3415 (⁶7
1056 3390 1169 3423 paupe.

301 3452 348 3472 res
360 3465 366 3471 .
394 3442 466 3471 Non
478 3437 617 3476 majorem
627 3441 726 3466 autem
731 3430 912 3473 pauperibus
924 3432 1013 3472 quam
1023 3431 1168 3465 divitibus

302 3490 351 3522 boc
364 3490 541 3529 voluptatem
552 3483 684 3528 adferret
696 3507 703 3515 .
729 3480 827 3517 Adeo
848 3481 1000 3526 populosa
1013 3491 1091 3517 tunc
1101 3491 1169 3517 erat

1225 2881 1501 2916 Thabennifiotas
1513 2882 1564 2914 seu
1579 2879 1822 2915 pachomianos
1839 2883 1950 2917 servari
1963 2884 2099 2919 affirmat

1228 2942 1320 2967 tanto
1343 2933 1450 2976 rigore
1462 2955 1472 2971 ‚
1499 2941 1532 2964 ut
1552 2942 1588 2964 ne
1600 2932 1653 2964 vel
1671 2931 1760 2964 verbo
1772 2934 1890 2973 quidem
1909 2935 2017 2966 audeat
2026 2940 2094 2975 quis

1228 2984 1320 3016 dicere
1341 2982 1455 3023 aliquid
1475 2980 1560 3024 suum
1570 3004 1582 3021 ,
1610 2992 1805 3023 magnumque
1820 2982 1860 3024 fit
1871 2989 1977 3017 crimen
1999 2995 2035 3016 ex
2048 2994 2097 3017 ore

1227 3031 1364 3064 Monachi
1373 3031 1518 3074 proteffiffe
1530 3056 1540 3072 ,
1567 3032 1700 3064 Codicem
1721 3043 1815 3065 meum
1826 3057 1836 3073 ,
1863 3033 1983 3066 tabulas
1995 3044 2074 3066 meat
2087 3057 2098 3074 ‚

1224 3079 1385 3127 graphium
1411 3092 1505 3114 meum
1515 3107 1526 3123 ‚
1557 3087 1688 3114 tunicam
1706 3094 1804 3114 meam
1825 3105 1835 3120 ,
1861 3083 1971 3125 caligas
1993 3094 2074 3115 meas
2088 3107 2099 3122 ‚

1226 3137 1334 3175 proque
1345 3131 1396 3166 boc
1406 3133 1499 3175 digna
1507 3137 1684 3173 poenitentia
1691 3130 1908 3175 satisfac‘lurus
1914 3132 1952 3174 fit
1965 3157 1976 3172 ‚
1995 3131 2025 3172 fi
2031 3131 2099 3174 casu

1229 3183 1326 3224 aliquo
1342 3190 1399 3224 per
1418 3181 1633 3226 subreptionem
1653 3182 1705 3215 vel
1713 3187 1910 3225 ignorantiam
1932 3181 2099 3223 hujusmodi

1229 3232 1353 3267 verbum
1366 3234 1403 3266 de
1414 3244 1460 3265 ore
1474 3234 1537 3273 ejus
1549 3232 1683 3275 effugerit
1695 3256 1702 3264 .
1730 3231 1772 3264 Et
1784 3231 1863 3266 hinc
1875 3231 2037 3264 exclamat
2048 3231 2102 3264 ad-

1227 3282 1357 3316 versum
1369 3283 1480 3316 Galliae
1491 3282 1553 3315 Mo
1560 3282 1681 3316 nachos
1694 3294 1701 3314 ε
1729 3283 1778 3314 Ad
1785 3281 1846 3314 baec
1857 3291 1908 3312 nos
1919 3277 2100 3323 miserabiles

1229 3333 1304 3374 quid
1314 3333 1452 3373 dicemus,
1462 3337 1556 3375 quiin
1568 3332 1711 3365 canobiis
1722 3332 2100 3371 commorames‚peculiares

1229 3381 1455 3423 circumferimus
1466 3383 1714 3424 claves‚omnique
1720 3378 1894 3422 profesfionis
1905 3392 1940 3412 no
1937 3380 2008 3420 strae
2021 3392 2102 3414 vere·

1229 3431 1526 3474 cundia&confi1fione
1536 3433 1752 3471 calcata‚etiam
1760 3430 1998 3474 annulos,qu1·hus
2007 3441 2102 3463 recon-

1231 3484 1295 3517 dita
1302 3481 1506 3529 praestgnemus
1519 3507 1529 3526 ,
1542 3489 1573 3516 in
1585 3484 1687 3525 digitis
1694 3480 1800 3523 palam
1808 3479 1920 3525 gestare
1929 3490 1986 3513 non
1994 3481 2101 3522 pudet,

1947 3529 2054 3573 quibus

2118 3409 2152 3439 C.
2177 3416 2221 3443 15.
