2366 3756
109 1181 166 1212 An.
197 1183 262 1216 844.

108 1604 183 1644 eap-
205 1613 231 1640 ς.

109 2025 170 2060 Lib.
196 2034 224 2066 3,

109 2141 172 2175 Lib.
198 2144 228 2172 6.

111 2186 162 2221 Ep.
184 2190 230 2220 ις,

112 2415 176 2447 Lib.
200 2423 226 2451 5.

111 2457 162 2494 Ep.
183 2458 230 2488 28.

380 181 396 210 1
415 178 470 222 50

307 247 436 282 Natalis
449 241 706 283 Dominifaclunt,
737 242 871 284 Utique
883 242 924 278 ad
939 242 1073 276 Missam
1087 240 1194 277 Auro-

305 307 346 331 rae
357 322 364 328 .
394 294 437 326 Et
449 292 515 326 huc
528 293 634 327 forsan
648 293 789 337 respexit
799 291 966 334 sylvester
977 291 1192 336 Sguropulus,

304 353 443 388 arguens
463 353 525 377 nos
541 343 631 386 quod
653 342 688 375 in
713 342 898 377 Dominico
924 343 1036 377 Natali
1059 343 1193 387 quisque

303 392 460 429 Sacerdos
472 402 534 427 tres
549 393 597 427 vel
610 402 750 436 quatuor
765 391 880 427 Missas
892 392 933 426 ad
959 392 1091 427 libitum
1113 391 1192 427 cele·

302 443 418 479 litaret,
446 442 548 489 rol
572 442 593 478 si
619 452 732 476 vetum
753 442 811 481 fit,
841 443 1012 481 Romanus
1037 445 1095 477 iste
1118 454 1190 479 mos

299 504 380 531 tunc
393 491 501 530 adhuc
514 492 708 536 perdurabat
718 518 725 525 .
754 493 903 530 Plurium
919 494 1033 528 eadem
1044 493 1098 532 die
1112 505 1189 527 con-

297 543 496 579 currentium
508 543 701 577 Sanctorum
712 542 903 578 festivitates
914 543 1048 587 quidam
1062 568 1072 585 ,
1099 544 1188 588 quod

295 593 411 628 eadem
422 593 457 627 in
470 593 568 627 Missa
580 593 687 640 plures
698 593 860 631 Colledtas
873 594 927 629 seu
941 595 1107 632 orationes
1121 605 1187 632 non

296 643 507 680 admitterent
527 655 569 677 ex
593 642 775 677 rationibus
797 667 808 683 ‚
852 643 980 679 duabus
1006 655 1062 681 aut
1086 644 1189 679 tribus

295 693 424 735 Miffis,
452 692 586 737 quidam
609 694 706 728 unica
719 694 760 730 de
771 694 945 739 principali
960 694 1187 734 SanCloMiffa

295 754 372 781 cum
383 742 544 787 adjunctis
564 743 707 782 aliorum
730 746 1106 784 commemorationibus
1130 743 1187 782 ho·

294 791 456 833 notandas
468 793 644 829 censebant
657 809 669 833 .-
696 794 740 829 Et
753 805 970 841 utrorumque
979 807 1104 834 morem
1115 807 1188 839 pro·

295 844 375 882 bant
395 843 583 882 Amalatius
603 853 699 890 atque
720 846 896 881 Honorius
917 841 928 889 ¹,
964 847 999 885 δι,
1022 857 1187 894 quemque

292 894 524 942 permittebant
536 895 570 932 in
583 896 644 933 suo
653 897 745 934 sensu
756 895 921 934 abundare
934 921 942 933 .

342 945 567 981 promiscuam
579 943 667 985 hanc
675 945 790 991 saepius
800 947 919 986 eodem
931 947 986 983 die
997 946 1182 983 celebrandi

290 993 461 1032 licentiam
482 995 676 1033 contrahere
700 997 798 1041 coepit
823 997 894 1033 Leo
916 1009 1047 1040 quartus
1070 998 1183 1036 Ponti·

290 1045 343 1083 fex
356 1070 368 1086 ,
393 1046 435 1083 de
446 1058 513 1090 quo
526 1047 663 1091 antiqua
677 1047 846 1093 incogniti
866 1047 1021 1087 Auctoris
1038 1049 1180 1083 Histori-

292 1107 331 1130 ca
357 1097 573 1140 compilatio:
601 1101 662 1135 Leo.
683 1101 773 1141 Papa
798 1098 945 1138 constituit
976 1123 986 1140 ,
1012 1109 1046 1132 ut
1081 1100 1180 1135 nullus

291 1146 448 1186 Presbyter
456 1149 560 1190 plures
581 1149 682 1192 Missas
704 1154 737 1181 tn
761 1150 811 1183 die
831 1149 953 1183 celebret
976 1152 1067 1192 quam
1089 1161 1182 1182 unam

289 1198 430 1239 tantam,
456 1207 573 1241 excepto
584 1200 633 1232 die
647 1202 839 1235 Nativitatis
863 1202 985 1236 Domini
996 1224 1007 1243 ,
1033 1202 1067 1235 (τ
1079 1205 1111 1232 ln
1124 1203 1179 1232 Do·

288 1252 402 1282 minica
415 1272 425 1288 ,
447 1248 598 1292 prasente
604 1249 731 1294 funere.
759 1251 939 1287 Decretum
961 1249 1054 1293 periit
1067 1260 1124 1283 aut
1136 1249 1181 1283 lae

286 1305 352 1332 tet.
381 1297 636 1343 Admirariquis
649 1299 744 1341 poffit
758 1323 769 1342 ‚
793 1311 851 1335 cur
873 1299 1060 1336 Dominicae
1080 1300 1178 1333 etiam

285 1346 547 1384 Resurrectionis
573 1347 660 1383 diem
686 1359 755 1382 non
778 1348 943 1391 exceperit
963 1374 970 1383 .
1006 1347 1176 1395 Quidquid

286 1395 344 1436 sit,
372 1407 440 1430 non
452 1397 594 1441 quovis,
620 1395 674 1432 sed
688 1397 778 1438 solo,
806 1397 840 1435 in
856 1408 922 1441 quo
945 1398 1116 1443 contingit
1135 1399 1179 1432 se·

286 1447 380 1490 peliri
395 1445 555 1487 cadaver,
581 1446 635 1483 die
647 1446 804 1490 permittit
818 1447 923 1485 binari
936 1474 943 1482 .
972 1449 1025 1486 Ex
1048 1460 1116 1492 quo
1132 1449 1178 1482 lu-

287 1507 337 1531 cet
354 1497 630 1533 Decretumissud
643 1498 662 1530 a
682 1497 793 1532 multis
819 1497 970 1532 Ecclesiis
995 1510 1061 1532 non
1084 1499 1177 1533 fuisIe

286 1546 477 1583 admissum,
509 1547 550 1580 Et
561 1543 640 1583 hinc
653 1545 711 1580 sub
735 1545 900 1581 Benediffi
922 1548 1030 1581 octavi
1052 1547 1176 1590 Papam

287 1597 447 1633 celebrata
462 1595 746 1641 Salegustadienfis
760 1595 912 1638 Synodus.
925 1597 1058 1631 statuit:
1086 1597 1176 1643 Unus?

286 1646 408 1690 quisque
421 1647 576 1688 Presbyter
591 1658 648 1679 non
656 1647 725 1687 plus
738 1648 830 1688 qua‘m
839 1654 901 1681 tres
913 1647 1014 1690 Missas
1027 1653 1059 1680 in
1071 1650 1119 1681 die
1132 1659 1178 1682 ce·

285 1695 572 1740 lebrarepraesumat
582 1720 590 1728 .
618 1697 662 1730 Et
674 1695 803 1739 antiqui
817 1696 1013 1741 Anglicanae
1028 1697 1174 1730 Ecclesia:

285 1745 343 1780 sub
355 1746 488 1790 Edgaro
512 1746 607 1790 Rege
626 1744 708 1782 editi
732 1745 910 1782 Canones:
938 1746 1052 1782 Nullus
1077 1748 1175 1781 sacer·

285 1799 340 1831 dos
353 1797 468 1840 Missam
475 1794 586 1839 saepius
598 1800 630 1828 in
640 1807 696 1830 uno
705 1796 755 1831 dic
785 1796 927 1835 celebret,
954 1797 1044 1839 quam
1066 1804 1113 1830 ter
1133 1797 1178 1831 ad

281 1846 431 1894 summum
452 1871 461 1879 .
489 1846 533 1881 Et
558 1845 785 1889 Luidulphum
809 1846 1043 1881 Corbeiensem
1068 1847 1102 1881 in
1123 1846 1174 1880 Sa-

284 1899 388 1934 xonia
400 1896 588 1938 Abbatern,
615 1896 704 1939 quod
727 1895 836 1939 paffim
861 1895 1011 1941 quotidie
1033 1897 1102 1938 bis,
1131 1898 1173 1930 se-

284 1949 348 1984 mel
369 1946 409 1982 de
420 1946 603 1982 occurrenti
614 1946 727 1981 officio
739 1971 750 1987 ,
777 1947 876 1982 semel
889 1958 946 1990 pro
955 1947 1115 1984 defunctis
1126 1959 1175 1980 ce-

284 1998 441 2038 lebraret,
466 1997 577 2033 laudat
601 1998 773 2033 Ditmarus
793 1996 974 2041 Episcopus
995 1997 1173 2031 Mersebur·

284 2050 389 2095 gensis
414 2074 420 2080 .
450 2050 494 2082 Et
520 2048 553 2083 in
575 2047 692 2084 litteris
715 2048 755 2081 ad
777 2046 939 2089 Joannem
963 2046 1173 2082 Monachum

286 2099 382 2134 scibit
404 2100 437 2132 in
452 2098 582 2133 laudem
596 2098 764 2141 cujusdam
777 2096 922 2132 Perusini
934 2096 1077 2132 Abbatis.
1097 2098 1174 2131 San-

286 2153 355 2187 {lus
366 2149 481 2182 Petrus
493 2149 651 2183 Damiani
664 2161 676 2182 .-
703 2149 845 2190 ,Quottdie
866 2147 969 2188 Missas
985 2152 1105 2189 gemino
1132 2157 1174 2179 ce-

284 2199 421 2235 lebrabat
432 2198 534 2239 officio.
562 2197 607 2230 Et
618 2196 652 2229 in
668 2196 783 2230 litteris
805 2195 846 2230 ad
869 2195 1060 2231 Hubertum
1084 2196 1175 2230 Pres-

286 2249 438 2293 byterum
458 2260 466 2279 ι
501 2249 546 2283 De
568 2247 750 2279 celebrandis
772 2246 926 2288 Missarum
944 2244 1092 2290 solemnlls
1120 2259 1172 2279 nos

288 2300 364 2334 banc
375 2296 591 2340 consuetudinis
602 2298 750 2339 Regulam
763 2300 795 2328 in
808 2293 1010 2340 disciplinatis
1035 2295 1171 2337 Ecclefit's

288 2350 494 2385 &didicimus
510 2347 544 2380 (9
564 2355 721 2386 tenemus,
747 2353 781 2378 ut
802 2346 920 2380 calicem
943 2344 1118 2386 dfferamus
1139 2350 1173 2378 in

287 2400 444 2443 Miffarum
461 2397 522 2439 fine
528 2395 731 2438 perfundere,
748 2393 976 2439 finosmetipsbs
1002 2396 1101 2431 eodem
1124 2396 1173 2431 die

283 2448 460 2497 sacrificium
471 2448 564 2481 denuo
570 2445 729 2492 speramus
739 2444 839 2485 offerre
851 2471 858 2478 .
886 2445 1018 2490 Nempe
1030 2446 1171 2482 Alexan·

289 2501 344 2534 der
356 2497 518 2534 secundus
531 2508 599 2531 non
622 2497 740 2542 quovis
760 2495 863 2530 modo
886 2521 897 2537 ,
924 2497 977 2532 sed
999 2496 1171 2531 dumtaxat

290 2562 332 2585 ex
345 2546 535 2593 recipiendae
555 2545 736 2584 oblationis
760 2546 939 2589 cupiditate
961 2545 1040 2581 duas
1055 2547 1171 2581 eodem

290 2601 344 2635 die
365 2597 516 2636 celebrari
543 2596 712 2631 abeodem
724 2596 899 2632 Sacerdote
912 2597 1026 2633 Missas
1046 2596 1174 2633 videtur

290 2650 505 2685 interdixisse.
533 2646 604 2682 Alii
618 2656 726 2682 tamen
751 2647 868 2683 volunt
885 2646 1031 2682 laudatas
1052 2648 1172 2685 litteras

290 2701 353 2735 effe
365 2698 508 2745 pnaesenti
521 2698 667 2734 Dect-eto
678 2697 871 2739 anteriores,
898 2696 933 2731 δε
956 2697 1060 2733 Missa:
1081 2698 1172 2733 itera-

291 2752 420 2788 tionem
430 2749 523 2785 fuiffe
531 2747 572 2782 ab
582 2747 653 2791 ipso
665 2746 811 2782 absolute
821 2746 1032 2792 proscriptam
1045 2772 1051 2781 .
1078 2749 1174 2784 Hinc

118 2816 180 2850 1:01,
211 2819 275 2850 162.
290 2801 382 2838 enim
392 2800 433 2835 de
444 2797 613 2835 Alberone
625 2797 798 2833 Leodiensi
813 2797 978 2841 Episcopo
990 2798 1099 2833 scribit
1110 2809 1175 2835 ma-

119 3201 194 3239 cap.
214 3207 242 3235 s·

291 2862 399 2897 gnum
411 2848 519 2895 Belgii
530 2846 727 2883 Chronicon
743 2861 755 2882 :
779 2846 840 2882 Sub
861 2846 914 2881 boc
937 2848 1077 2883 alberone
1089 2854 1176 2891 coepit

293 2912 360 2935 rure
370 2898 528 2944 difhipltna
537 2899 690 2933 Clericalis
703 2924 710 2931 .
739 2897 903 2933 Presbtteri
912 2897 958 2931 bis
971 2903 1003 2931 tn
1022 2900 1072 2933 die
1105 2897 1175 2942 Mss-

287 2951 358 2997 sam
378 2949 545 2986 cantabant
559 2973 566 2981 .
589 2949 634 2983 Et
654 2948 689 2983 in
714 2947 937 2991 synodalibus
959 2946 1023 2982 suis
1043 2949 1177 2984 Statutis

293 3002 393 3037 habet
415 3000 496 3035 Odo
517 2998 702 3036 Parifienfis
722 2998 920 3044 Episcopus.-
948 2999 1062 3033 Nullus
1083 2999 1129 3032 bis
1146 3004 1177 3033 in

292 3053 342 3088 die
354 3051 470 3094 Mtffam
481 3050 594 3084 audeat
604 3048 768 3088 celebrare,
793 3058 846 3082 aut
866 3059 932 3083 cum
952 3050 1179 3091 dupltcsrntrot-

293 3113 347 3143 tu,
376 3099 475 3144 ntfiin
494 3111 605 3144 magna
626 3100 801 3140 neceffitate.
830 3099 873 3133 Et
894 3099 929 3132 in
951 3099 1178 3135 additionibus

291 3151 332 3188 ad
345 3148 510 3185 Gualonis
521 3150 674 3194 Episcopi
685 3148 839 3194 Capitula
849 3149 1006 3184 successor
1018 3148 1086 3192 ejus
1097 3150 1178 3184 Gui-

293 3202 442 3238 lielmus:
473 3199 641 3241 Presbyteri
660 3212 716 3233 uno
740 3202 789 3234 die
808 3199 910 3241 Mtffas
932 3200 1010 3233 duas
1033 3211 1089 3233 non
1111 3202 1177 3234 cele-

294 3253 404 3293 brent,
429 3248 524 3292 ntfiin
536 3249 710 3292 neceffitate.
739 3249 829 3284 Etin
841 3248 1040 3284 Londinensr
1052 3251 1104 3284 sua
1120 3251 1177 3293 Sy·
1206 3288 1208 3290 ¹

296 3300 387 3338 nodo
407 3325 419 3341 ‚
455 3299 603 3336 exstante
620 3299 707 3344 apud
729 3301 897 3344 Rogetum
921 3298 1152 3335 Hovedenfem
1166 3324 1177 3341 ,

296 3353 405 3387 sanxit
425 3350 593 3386 Hubertus
613 3349 856 3384 Cantuarienfis
883 3348 1176 3395 Archiepiscopus:

298 3407 370 3436 Non
389 3404 477 3436 liceat
502 3399 675 3442 Presbytero
710 3399 756 3432 bis
778 3404 812 3432 in
843 3400 892 3432 die
916 3400 1059 3435 celebrare
1080 3426 1092 3441 ‚
1127 3399 1184 3442 nisi

300 3454 455 3494 neceffitate
473 3459 595 3496 urgente
611 3475 620 3486 .
647 3452 694 3484 Et
715 3450 895 3494 tantidem,
923 3450 987 3486 ciam
1006 3456 1039 3485 in
1063 3452 1111 3486 dte
1132 3450 1178 3486 bis

677 165 1044 208 ALuxANDRI
1081 162 1346 206 securior
1382 160 1755 205 Pourrrrcrs

1254 242 1383 277 celebrat
1405 266 1416 282 ,
1438 240 1503 283 post
1522 247 1659 282 primam
1683 239 1903 275 celebrationem
1931 243 1966 276 (9
1979 242 2139 289 sanguinis

1251 291 1452 336 sumptionem
1470 291 1553 325 nibil
1571 290 1755 335 infundatur
1775 291 1875 324 callet.
1902 294 1980 328 Sane*
1996 296 2058 336 post
2074 300 2143 337 pri-

1254 355 1335 375 mam
1347 341 1568 377 celebrationem
1582 341 1793 389 diligentssime‘
1803 340 2011 383 abfhrbeamur
2017 345 2140 386 stillulae

1254 395 1290 427 de
1302 393 1390 426 calice
1402 417 1412 432 ,
1439 394 1473 427 (θ’
1485 393 1574 436 digiti
1580 390 1731 436 sugantur
1742 416 1752 434 ‚
1776 392 1826 426 vel
1833 393 1935 434 lingua
1945 393 2119 429 lambantur
2128 418 2139 433 ,

1253 444 1438 480 &laventur
1452 467 1463 482 ,
1488 441 1641 486 reservata
1652 444 1750 477 lotura
1760 447 1793 474 in
1814 440 1886 484 vase
1907 444 2017 476 mundo
2039 447 2084 478 ad
2103 445 2141 478 td

1247 492 1420 536 specialiter
1430 494 1589 535 deputato.
1617 495 1697 537 ,Quat
1708 494 1805 526 lotura
1823 490 1963 536 sumatur
1967 492 2032 535 post
2038 493 2139 538 sicun-

1251 545 1323 580 dam
1342 543 1561 578 celebrationem
1575 568 1583 576 .
1612 551 1685 581 Haec
1708 549 1753 577 t'ta
1767 540 1832 586 [ψ
1852 542 2002 584 babeant,
2031 543 2088 587 nist
2104 551 2142 578 m

1247 599 1350 636 prima
1372 593 1563 631 celebratione
1583 592 1658 635 adfit
1679 597 1826 631 Dtaconus
1839 617 1851 633 ,
1877 594 1930 628 vel
1948 594 2025 628 alius
2047 597 2140 629 Mini-

1245 645 1305 689 ster
1328 643 1458 684 bonellus
1478 669 1490 687 ,
1515 649 1566 690 qui
1592 646 1720 682 loturam
1734 643 1850 689 sumere
1870 646 1951 687 poffit
1971 670 1978 678 .
2007 643 2139 688 Nempe

1252 705 1320 730 non
1331 694 1436 729 solnm
1449 695 1485 733 in
1498 695 1591 730 ltalia
1602 718 1613 734 ,
1638 694 1692 729 sed
1706 695 1804 728 etiam
1817 694 1851 727 in
1866 694 1991 742 Anglia
2005 693 2136 740 vigebat

1249 745 1367 783 abusus
1379 743 1540 784 sumendae
1550 745 1730 783 ablutionis
1750 745 1851 780 etiam
1873 744 1908 778 in
1931 745 2034 787 prima
2056 745 2137 778 Mis-

1251 797 1301 838 sa,
1327 797 1480 839 atqueita
1502 796 1674 834 secundam
1687 793 1871 831 celebrandi
1895 792 1966 840 post
1992 794 2138 829 solutum

1247 846 1427 889 jejunium.=
1455 845 1619 884 Adversus
1640 857 1740 893 quem
1760 845 1895 883 abusum
1919 846 2055 881 sanstus
2078 843 2138 880 Pe-

1248 907 1315 934 trus
1332 896 1492 934 Damiani
1504 896 1622 941 scripsit
1633 894 1776 935 laudatas
1796 895 1919 932 litteras
1938 895 1979 930 ad
2007 893 2140 930 Huber-

1247 957 1318 982 tum
1341 946 1589 990 Presbyterum„
1619 947 1662 983 Et
1686 947 1721 984 in
1744 945 1946 982 exstantibus
1957 946 2043 989 apud
2058 946 2144 982 Grem

1246 998 1377 1045 gotium
1398 1008 1525 1035 nonum
1546 997 1664 1034 litteris
1689 995 1730 1034 ad
1743 996 1985 1041 Vigornensem
2000 995 2138 1039 Episco-
2155 1015 2221 1048 Lib·
2234 1025 2265 1055 3·

1246 1059 1325 1091 pum
1338 1049 1555 1084 Innocentius
1571 1049 1684 1086 tertius
1699 1061 1710 1081 .·
1739 1050 1873 1089 Excepto
1884 1047 1933 1080 die
1942 1050 2135 1082 Nativitatls
2153 1058 2199 1087 tit,
2221 1066 2271 1091 4¹·

1246 1101 1408 1135 Dominicae
1420 1122 1431 1138 ‚
1458 1097 1514 1140 nifi
1519 1096 1609 1141 eausa
1620 1099 1791 1140 neceffitatis
1798 1095 1928 1143 suadeat
1940 1120 1951 1136 ,
1966 1094 2071 1141 sufficit
2080 1098 2100 1130 5
2102 1108 2136 1129 a·
2152 1106 2215 1138 cap.
2238 1105 2267 1132 3·

1242 1149 1355 1182 cerdati
1362 1147 1458 1191 semel
1468 1154 1500 1182 in
1512 1149 1561 1184 dle
1572 1159 1664 1183 unam
1670 1145 1852 1194 solummodo
1875 1146 1991 1190 Missam
2012 1146 2136 1180 celebra-

1242 1210 1288 1235 η,
1318 1197 1443 1232 Verum
1470 1209 1561 1242 quae,
1588 1198 1695 1242 qualis
1719 1222 1731 1239 ,
1758 1199 1792 1232 ὃς
1812 1207 1934 1240 quanta
1953 1196 2050 1231 debet
2070 1196 2135 1232 esse

1242 1248 1300 1282 ista
1321 1247 1488 1283 neceffitas
1514 1248 1527 1285 ἓ
1555 1248 1707 1291 Exponit
1727 1248 1915 1284 Gloffator:
1942 1244 2134 1289 Respondeo,

1234 1297 1266 1339 fi
1273 1298 1435 1332 celebravit
1449 1300 1486 1332 de
1497 1301 1547 1334 dte
1557 1323 1568 1339 ‚
1595 1299 1630 1334 θ
1636 1297 1734 1342 postea
1745 1302 1838 1329 etiam
1850 1301 1995 1327 moriatur
2004 1296 2111 1338 aliquis
2121 1320 2135 1337 ,

1241 1349 1294 1381 vel
1303 1355 1394 1381 ettam
1403 1347 1492 1390 causa
1514 1347 1672 1387 honestans
1695 1347 1748 1382 vel
1772 1346 1930 1379 uttlttatts.
1956 1348 1996 1378 Ut
2009 1344 2038 1387 fi
2052 1344 2135 1380 «lma

1241 1398 1327 1442 Mtffa
1355 1399 1393 1431 a'e
1420 1399 1469 1429 die
1482 1421 1491 1436 ‚
1513 1396 1710 1440 supervenlat
1732 1397 1837 1438 aliqua
1857 1407 1968 1439 magna
1983 1394 2133 1439 persona,

1239 1459 1306 1491 quae
1318 1449 1393 1483 velit
1405 1447 1521 1491 Mtffam
1532 1449 1637 1481 audire
1650 1473 1656 1480 .
1682 1447 1724 1484 Et
1737 1445 1808 1491 post
1822 1446 1990 1483 laudatum
2002 1447 2133 1489 praesen·

1239 1509 1305 1533 tem
1319 1498 1501 1531 Alexandri
1513 1498 1688 1533 Canonem
1700 1496 1792 1533 addit
1805 1494 1944 1538 Jacobus
1971 1494 2131 1532 Cardian-

1237 1547 1278 1581 lis
1288 1547 1329 1580 de
1342 1546 1514 1581 Vitriaco:
1543 1549 1640 1583 Valde
1658 1546 1740 1589 felix
1751 1545 1811 1586 est,
1837 1553 1890 1589 qul
1911 1557 2003 1579 unam
2025 1550 2058 1578 in
2084 1546 2133 1579 die

1240 1597 1357 1640 Missam
1366 1597 1456 1639 potest
1466 1597 1612 1630 celebrare
1624 1623 1629 1629 .
1660 1601 1691 1631 51
1702 1606 1803 1630 tamen
1814 1595 2021 1640 necessefuerit
2033 1620 2053 1635 „
2068 1607 2131 1630 una

1237 1649 1275 1682 de
1288 1649 1336 1681 die
1349 1671 1359 1687 ,
1386 1647 1544 1688 alterapro
1555 1646 1704 1688 defunffls
1711 1644 1804 1688 potest
1819 1646 1960 1679 celebrari
1972 1670 1978 1677 .
2006 1646 2050 1682 Et
2070 1645 2131 1680 sub

1237 1697 1422 1730 Clementis
1445 1696 1554 1742 quinti
1580 1695 1707 1741 Papatu
1730 1696 1811 1731 fana
1834 1695 2002 1731 Ravennae
2024 1696 2131 1738 Syno—

1238 1745 1297 1779 dus
1309 1758 1316 1777 ε
1343 1750 1378 1778 N
1381 1757 1396 1780 e
1407 1752 1474 1789 quis
1490 1747 1527 1779 de
1536 1755 1642 1779 caetero
1653 1745 1709 1786 nisi
1715 1757 1806 1779 unam
1818 1756 1936 1778 tantum
1947 1751 1979 1778 in
1989 1746 2037 1779 die
2058 1742 2133 1787 Mtfi
2147 1743 2220 1784 Cap.
2242 1754 2262 1781 9
2270 1765 2277 1774 .

1232 1793 1301 1838 sam
1313 1795 1435 1831 celebret
1449 1819 1460 1837 ,
1487 1794 1544 1837 nist
1551 1801 1584 1828 in
1597 1794 1706 1838 casibus
1717 1797 1817 1835 aJ‘ure
1823 1795 1966 1836 permiffis
1979 1818 1986 1826 .
2016 1794 2061 1830 Et
2072 1792 2131 1829 sub

1238 1845 1375 1891 Joannis
1398 1845 1546 1890 vigesimi
1569 1845 1710 1881 secundi
1736 1843 1862 1887 Papam
1885 1843 1998 1878 habita
2021 1843 2131 1890 Syno-

1237 1895 1298 1929 dus
1323 1895 1515 1931 Toletana:
1556 1896 1670 1929 Nullus
1692 1893 1803 1938 absque
1829 1892 1914 1938 causa
1936 1894 2104 1934 neceffitatis
2117 1918 2130 1935 ,

1236 1954 1355 1987 excepto
1381 1948 1431 1980 die
1454 1951 1649 1981 Nativitatis
1685 1949 1806 1980 Domini
1827 1968 1838 1985 ,
1872 1942 2040 1987 praesumat
2076 1943 2134 1986 ntfi

1236 2007 1328 2031 unam
1351 1999 1469 2039 Missam
1491 1997 1637 2031 celebrare
1655 1996 1771 2028 indie.
1800 1995 1844 2029 Et
1868 1995 1902 2027 in
1916 1994 1979 2029 suis
1988 1994 2029 2027 ad
2050 1994 2130 2028 Ger-

1237 2057 1352 2080 manos
1374 2045 1667 2082 constitutionibus
1691 2044 1832 2088 Joannes
1851 2042 2064 2079 Tusculanus
2086 2043 2130 2078 E-

1238 2095 1417 2139 piscopus,
1455 2108 1493 2132 ac
1516 2095 1655 2132 Martini
1677 2094 1795 2139 quinti
1819 2104 1876 2137 per
1911 2094 2129 2131 Germaniam

1238 2144 1426 2179 Cardinalis
1453 2146 1598 2188 Legatus
1612 2169 1622 2184 ‚
1649 2156 1706 2178 eos
1727 2150 1778 2186 qut·
1800 2150 1832 2177 in
1851 2145 1953 2178 eadem
1975 2143 2127 2186 Ecclesia,

1236 2195 1324 2228 nulla
1347 2194 1503 2234 ncceffitate
1514 2203 1658 2237 urgente,
1672 2192 1736 2237 *sed
1756 2194 1801 2226 ad
1803 2192 1898 2235 solum
1907 2193 2048 2235 questum
2057 2195 2143 2227 celer

1235 2245 1327 2278 brant
1343 2245 1460 2288 Miffam
1471 2244 1517 2277 bis
1541 2250 1573 2279 in
1597 2245 1673 2284 dte‚'
1691 2242 1851 2284 detestatur
1863 2267 1875 2285 ‚
1899 2243 1933 2278 &
1953 2242 2124 2288 adjungit:

1234 2296 1364 2338 singulis
1394 2294 1575 2335 Presbyteris
1593 2293 1784 2332 inhibemus,
1809 2303 1843 2329 ut
1867 2291 1923 2334 nist*
1937 2303 2030 2327 unam
2052 2291 2141 2337 Mlfi

1230 2343 1299 2390 sam
1315 2369 1326 2387 ,
1352 2353 1404 2379 aut
1416 2345 1492 2377 duas
1502 2348 1535 2377 in
1543 2342 1652 2387 cafibus
1664 2344 1683 2377 ἃ
1687 2345 1761 2383 jure
1770 2343 1918 2384 conceffis,
1946 2347 1980 2378 in
2000 2343 2049 2378 die
2057 2352 2126 2378 can·

1234 2402 1299 2427 tare
1312 2404 1364 2427 aut
1378 2394 1471 2440 legere
1476 2391 1680 2436 prasumant.
1712 2392 1754 2427 Et
1765 2392 1800 2426 in
1814 2394 1929 2437 quinta
1948 2392 2005 2428 sua
2017 2393 2123 2437 Syno-

1234 2445 1278 2478 do
1291 2445 1424 2479 Sanetus
1435 2443 1575 2479 Carolus
1586 2443 1790 2479 Borromaeus
1804 2455 1811 2474 ι
1839 2444 1978 2486 ,Quidam
1989 2444 2138 2478 sacerdo-r

1234 2504 1281 2528 tes
1295 2506 1351 2527 non
1359 2491 1452 2538 semel
1461 2494 1602 2533 tamtam,
1625 2492 1685 2539 sed
1702 2494 1816 2534 pluries
1843 2499 1876 2527 in
1901 2492 1950 2526 die
1976 2492 2122 2535 offerunt.

1237 2544 1386 2581 Abusum
1400 2543 1591 2589 rigidissime
1604 2543 1740 2577 damnat
1752 2566 1763 2583 ,
1789 2542 1823 2575 &
1842 2553 1948 2589 neque
1966 2542 2012 2577 ob
2024 2542 2123 2589 Paro}

1234 2594 1349 2629 chialis
1360 2593 1411 2627 vel
1422 2593 1553 2628 alterius
1568 2592 1713 2627 Ecclefiae
1725 2591 1899 2635 egestatem
1911 2616 1921 2632 ‚
1948 2601 2054 2635 neque
2076 2591 2122 2626 ob

1234 2644 1446 2681 Sacerdotum
1471 2643 1640 2688 penuriam
1663 2665 1674 2682 ‚
1710 2651 1815 2686 neque
1837 2639 1882 2675 ob
1904 2641 2052 2678 locorum
2074 2639 2122 2676 di·

1235 2694 1385 2728 stantiam
1409 2717 1420 2735 ,
1459 2703 1565 2736 neque
1585 2691 1630 2728 ob
1653 2691 1754 2727 ullam
1781 2691 1878 2727 aliam
1901 2691 2120 2727 neceffitatetn

1236 2744 1393 2789 permittit
1408 2742 1449 2777 ab
1476 2743 1646 2788 Episcopis
1658 2740 1794 2778 concedi
1806 2741 1992 2777 facultatem
2004 2739 2131 2778 binah--

1235 2795 1290 2836 di,
1317 2796 1351 2829 &
1364 2793 1552 2830 concludit:
1580 2794 1611 2828 Si
1623 2803 1690 2835 quae
1702 2794 1890 2835 ejusgeneris
1905 2791 2044 2835 facultas
2064 2803 2121 2827 an-

1236 2848 1287 2880 tea
1299 2847 1353 2881 vel
1360 2854 1437 2880 cereo
1446 2846 1504 2879 loco
1513 2867 1525 2886 ,
1552 2843 1605 2879 vel
1611 2843 1759 2877 sacerdon
1772 2843 1848 2876 data
1861 2841 1899 2882 est
1913 2866 1923 2884 ,
1942 2841 2120 2883 eamstanm

1233 2896 1328 2941 plane*
1336 2894 1478 2941 resciffam
1491 2917 1502 2936 ,
1529 2898 1706 2936 irritamque
1729 2903 1764 2927 ac
1785 2893 1898 2926 nullam
1923 2895 2042 2927 ommno
2067 2892 2119 2935 ff

1232 2949 1299 2992 jam
1310 2957 1388 2981 nunc
1418 2946 1614 2979 decernimus.
1641 2942 1745 2989 Qod
1756 2943 1935 2976 Decretum
1953 2941 1998 2978 est
2021 2940 2119 2976 nimii

1237 2997 1369 3041 rigoris.
1400 2995 1490 3032 Nam
1512 2993 1557 3028 ob
1579 2993 1790 3028 Sacerdotum
1814 2991 2003 3037 penuriam,
2030 2992 2120 3027 loco-

1238 3059 1309 3083 rum
1320 3046 1526 3087 distantiam,
1554 3052 1610 3078 aut
1632 3042 1877 3078 Patochialiutn
1902 3042 2134 3079 Ecclefiaruma

1237 3097 1410 3142 egestatem
1424 3094 1575 3141 Episcopi
1586 3093 1728 3129 omnino
1739 3093 1871 3138 possunt
1883 3091 1961 3129 dare
1980 3092 2120 3129 faculta-

1238 3157 1306 3183 tem
1317 3146 1473 3182 binaudi.
1501 3144 1555 3178 Ex
1579 3143 1668 3179 nulla
1691 3145 1824 3187 possunt
1841 3143 1906 3179 alia
1925 3143 2039 3176 causa:
2067 3140 2117 3175 Ita

1237 3195 1442 3233 consuetudo
1454 3194 1603 3231 induxit.
1631 3195 1684 3229 Ex
1700 3193 1893 3230 hisimerirn
1901 3190 1990 3228 vides
2003 3191 2121 3227 iteran-

1237 3239 1270 3291 ¹di
1284 3247 1429 3283 sacrificii
1441 3245 1619 3280 libertatem
1630 3244 1712 3291 aegre
1722 3244 1860 3288 potuisse
1879 3241 2015 3277 auferri.
2043 3247 2044 3250 ’

1287 3299 1402 3335 Oritur
1412 3294 1657 3341 hincquaestio,
1684 3294 1741 3328 An
1754 3294 1835 3331 ficut
1856 3292 1941 3326 olim
1962 3302 2046 3329 unus
2064 3291 2119 3327 Sa·

1239 3349 1351 3384 cerdos
1365 3348 1469 3391 plures
1480 3344 1597 3382 eodem
1609 3345 1660 3379 die
1670 3343 1785 3380 Missas
1794 3367 1805 3386 ‚
1826 3342 1875 3376 ita
1887 3342 1988 3378 etiam
2011 3342 2120 3385 quoti-

1239 3399 1293 3434 die
1318 3399 1430 3433 saltem
1456 3407 1555 3431 unam
1580 3394 1780 3430 celebraret?
1805 3392 2002 3436 Respondeo
2026 3391 2120 3426 fuisse

1240 3448 1341 3486 varias
1352 3448 1513 3485 variarum
1523 3445 1739 3483 Ecelefiarum
1761 3443 1852 3479 vario
1874 3453 2027 3526 tempores
2042 3453 2135 3478 con-2.

2023 3503 2075 3528 ue*-
