2366 3756
44 1911 151 1976 Epist-fi
158 1949 180 1972 ι,

41 1988 107 2018 cap.
129 1989 157 2010 2.

215 518 290 562 ficut
312 525 344 552 in
365 522 434 554 aliis
444 518 532 556 Urbis
542 516 676 560 Ecclefiis
691 518 866 560 collegiatis
881 542 888 549 .

604 178 1138 222 Conc1L1uM
1207 176 1675 223 ROMANoM.

214 275 294 305 ctum
320 267 481 311 secundum
505 266 618 301 dil‘lum
631 269 775 302 *ordinem
801 290 813 306 ,
847 266 898 298 ubi
930 268 1096 298 Breviaria

220 319 326 354 babere
331 318 446 361 possunt
462 342 469 349 .
497 320 596 359 Huius
613 326 713 351 autem
737 321 779 350 rei
788 319 892 353 Rome
913 321 1098 351 contrariam

223 370 315 404 didici
324 374 500 403 veritatem.
530 373 615 402 Nam
625 370 694 401 olim
712 367 834 409 quando
853 369 982 403 Romani
996 368 1098 402 Ponti-

217 419 290 464 fices
313 420 397 461 apud
417 423 601 455 Lateranum
618 415 801 459 refidebant,
827 422 861 449 in
880 427 978 452 eorum
989 417 1102 458 Capel-

223 471 255 504 la
275 469 459 514 servabatur
483 472 646 505 Romanum
665 467 785 509 offitium
809 467 922 500 nonita
934 467 1096 509 complete,

916 519 979 550 lmci
991 517 1099 550 Clerici

221 571 397 612 capellare:
422 594 433 610 ‚
451 568 516 611 five
535 570 573 602 de
596 567 737 604 mandato
758 568 873 610 Papae,
890 565 958 608 five
983 578 1021 600 ex
1042 563 1076 610 se
1092 591 1103 609 ,

221 620 342 661 officium
370 624 537 653 Romanum
566 617 682 661 semper
713 615 895 651 breviabant
915 641 926 657 ‚
963 618 998 650 Θ
1017 615 1101 661 saepe'

224 671 419 708 alterabant,
441 677 531 710 prout
553 670 675 701 Domino
699 669 796 709 Papae
823 668 858 701 (9
880 667 1101 702 cardinalibus

219 718 394 764 congruebat
403 717 634 764 observandum.
653 720 697 750 Et
706 716 797 758 buJ’us
810 717 892 759 officii
903 718 1102 754 ordinarium

219 772 292 805 vidi
311 773 414 803 Romae
430 773 453 802 ἃ
475 778 600 811 tempore
623 772 785 803 Innocentii
795 772 880 802 term
900 766 1100 802 recollectum.

225 824 274 854 Et
293 818 370 861 istud
387 820 509 862 offitium
526 819 701 853 breviatum*
726 816 893 863 secutisunt
904 822 1030 851 Fratres
1043 819 1105 848 Mt·

223 863 326 904 nm's.
353 867 565 910 Indefiquod
576 871 740 903 Brevtaria
752 878 851 903 eorum
877 869 912 902 ὑ
936 867 1024 901 libros
1045 867 1104 909 offi-

221 927 263 957 cll
281 919 436 955 intitulant
453 916 614 960 secundum
633 916 865 962 consuetudinem
876 922 1020 952 Romame
1043 920 1103 949 Cu·

222 975 299 1010 riae,
325 979 382 1002 non
391 977 492 1002 autem
509 977 690 1003 curaverunt
711 979 807 1002 mores
819 968 948 1004 altarum
966 965 1104 1008 Ecclefia·

222 1031 293 1054 rum
310 1019 399 1052 Urbis
418 1021 520 1051 Romae
539 1024 666 1060 recipere
690 1020 725 1053 ό·
743 1017 902 1061 observare
914 1042 921 1055 ,
949 1018 1103 1057 Romana

220 1069 368 1104 Ecclefia
397 1066 536 1108 habebat
567 1077 648 1104 tunc
680 1068 802 1113 duplex
820 1067 969 1103 officium
997 1091 1009 1108 ‚

221 1118 386 1164 duplicem
395 1118 564 1154 officiandi
576 1118 712 1154 modum
725 1144 732 1153 .
760 1118 879 1154 Alium
901 1118 937 1152 in
953 1117 1104 1152 Palatina

222 1169 377 1213 Capella,
403 1168 506 1203 alium
531 1169 566 1203 in
585 1167 725 1204 Urbicis
746 1168 910 1202 Bafilicis.
939 1168 983 1202 Et
1006 1166 1101 1202 Prior

219 1221 357 1258 unicam
392 1218 434 1253 de
454 1219 509 1253 die
546 1217 738 1257 admittebat
765 1218 900 1253 Missam
926 1243 933 1250 .
972 1218 1104 1259 Causa,

220 1269 300 1303 licet
325 1270 476 1314 ignorare
501 1279 555 1303 me
580 1270 682 1308 fatear
703 1293 714 1309 ,
752 1268 849 1313 poffit
873 1267 966 1303 suiffe
1006 1267 1104 1302 bina.

221 1319 334 1353 Prima
355 1343 366 1360 ,
403 1317 494 1360 quod
515 1318 648 1362 Papalis
667 1317 803 1363 ,Capella
829 1329 898 1353 non
924 1318 961 1352 fit
988 1318 1105 1353 titulus

222 1367 498 1406 adMinisterium
510 1368 643 1413 populi.
669 1368 820 1405 secunda
835 1392 846 1408 ,
873 1367 962 1413 quod
976 1367 1104 1401 Graeco

221 1427 298 1453 rum
310 1418 464 1466 Episcopi
489 1428 528 1456 ac
545 1416 665 1457 horum
687 1418 808 1463 Legati
829 1417 901 1455 istic
923 1428 1001 1454 cum
1015 1417 1105 1460 Papa

222 1467 334 1511 paffim
344 1467 543 1506 celebrarent
568 1479 607 1503 ac
626 1468 859 1511 procederent,
883 1466 1026 1513 ideoque
1048 1467 1108 1501 sal-

223 1529 292 1552 tem
309 1517 379 1555 illic
392 1516 584 1559 Apostolica
597 1516 694 1551 Sedes
707 1519 739 1555 se
749 1518 818 1553 istis
829 1517 1104 1555 accommodaret.

223 1567 339 1607 Dico,
363 1567 475 1599 saltem
488 1567 567 1605 illim
593 1565 697 1614 Qod
707 1566 799 1601 enim
812 1566 847 1599 in
862 1564 1004 1608 publicis
1021 1563 1107 1598 Basi-

222 1615 296 1650 licis
315 1615 368 1649 isti
381 1616 545 1649 Romanis
566 1615 684 1651 ritibus
698 1640 710 1656 ‚
735 1615 836 1650 etiam
862 1615 985 1647 iteratis
1011 1614 1047 1650 in
1058 1623 1106 1646 ea·

218 1664 295 1700 dem
332 1663 468 1702 Basilica
506 1663 614 1699 Miffis
637 1687 648 1704 ‚
689 1666 722 1702 se
746 1663 999 1702 accommodare
1023 1661 1106 1696 olim

219 1713 393 1749 debuerint
406 1737 418 1754 ,
443 1723 481 1751 ac
503 1713 629 1758 semper
649 1712 992 1753 accommodaverim,
1020 1713 1107 1747 lucet

218 1776 263 1799 ex
276 1762 408 1798 laudato
420 1763 527 1801 Sancti
540 1759 663 1798 Leonis
676 1763 717 1798 ad
739 1763 941 1798 Dioscorum
965 1762 1108 1797 Alexan-

220 1814 297 1849 driae
306 1811 529 1849 Patriareham
542 1813 731 1857 Rescripto.
758 1812 866 1848 Sancti
884 1813 975 1848 Petri
987 1812 1109 1846 Roma·
1133 1844 1137 1851 t,

221 1874 301 1900 nam
326 1874 364 1897 ac
386 1863 495 1898 Sancti
519 1863 629 1897 Marci
662 1863 926 1901 Alexandrinam
952 1860 1109 1899 Ecclefias

219 1923 318 1959 urget
339 1911 457 1948 debete
480 1913 545 1948 effe
565 1913 748 1949 concordes
775 1938 786 1954 ‚
827 1914 862 1951 ,ὃς
881 1911 1107 1958 prosequitur:

221 1967 354 2006 Propter
362 1963 413 1996 boc
422 1968 570 1997 remeanti
577 1962 641 2004 filio
663 1963 754 2005 nostro
766 1964 923 2005 Poffidonio
937 1962 1109 2001 Presbytero

220 2013 301 2048 banc
309 2014 355 2050 ad
363 2016 602 2047 Fraternitatem
611 2022 694 2047 tuam
706 2014 871 2057 epistolam
881 2015 1019 2047 dedimus
1036 2020 1108 2055 per-

211 2059 382 2110 ferendam
393 2089 404 2105 ,
430 2068 483 2106 qut
493 2062 597 2104 nostrie
604 2063 825 2107 proceffionibus
849 2072 939 2107 atque
949 2065 1109 2097 ordinatio-

220 2113 309 2148 nibus
325 2113 500 2156 srequenter
521 2113 682 2155 interfuit,
709 2116 744 2148 (τ’
758 2120 846 2148 toties
856 2116 901 2147 ad
908 2124 960 2147 nos
982 2113 1105 2155 miffus,

221 2165 339 2207 quidin
348 2163 483 2197 omnibus
496 2162 660 2205 Apostolicae
680 2165 766 2196 Sedis
788 2163 975 2195 anemium
1000 2168 1109 2193 tenere-

221 2225 303 2253 mus,
311 2218 454 2256 agnovit.
481 2210 777 2254 Constantinopoli
791 2210 825 2243 in
839 2210 975 2243 Parrum
993 2208 1110 2244 Praedi·

223 2271 376 2295 catorum
397 2261 578 2296 Conventu
610 2269 754 2304 repertus
788 2268 902 2294 contra
921 2260 1108 2293 Graecorum

223 2309 371 2345 Schisma
380 2307 526 2347 eruditus
534 2308 706 2344 Trastatus
713 2308 798 2343 hanc
808 2310 905 2343 refert
917 2310 1060 2353 ipsorum
1074 2310 1108 2342 in

224 2371 288 2395 nos
299 2359 517 2393 calumniam:
545 2361 654 2392 Latini
664 2360 835 2392 Sacerdotes
864 2367 911 2393 ter
930 2367 1037 2402 quater
1053 2370 1110 2395 uno

224 2410 275 2444 die
293 2407 440 2443 celebrant
459 2406 551 2452 super
562 2419 618 2442 uno
641 2409 756 2442 Altari.
784 2408 841 2446 Est
856 2408 990 2443 frivola.
1018 2408 1108 2443 Nam

225 2460 371 2504 ipsorum
389 2458 474 2494 olim
496 2457 654 2502 Episcopi
677 2459 713 2493 δε
740 2457 977 2496 Patriarchales
993 2458 1109 2505 Legati

226 2509 316 2544 idern
328 2509 445 2546 Romae
459 2509 643 2552 frequenter
663 2509 830 2551 fecerunt,
856 2519 913 2544 aut
923 2507 1010 2546 certe
1033 2521 1108 2543 cum

225 2557 421 2593 facientibus
435 2557 605 2601 Episcopis
616 2559 842 2603 procefferunt.
856 2559 988 2595 Sanctus
999 2558 1110 2603 itaque

226 2607 419 2643 Franciscus
430 2631 441 2648 ,
466 2617 533 2651 quo
545 2607 695 2643 ordinem
710 2609 800 2642 suum
811 2608 935 2643 firmius
959 2608 1107 2654 alligaret

224 2657 302 2693 Sodi
313 2655 513 2700 Apostolicae
524 2681 536 2697 ,
561 2666 631 2692 non
646 2668 825 2695 commune
839 2658 1000 2693 Romanae
1017 2659 1108 2692 Civi-

225 2707 322 2748 tatis,
349 2707 399 2741 sed
409 2706 538 2751 papalis
548 2706 691 2751 Capellae
702 2708 869 2752 proprium
896 2708 1044 2743 officium
1057 2708 1105 2742 illi

225 2755 405 2806 imposuit,
429 2767 528 2800 atque
547 2756 631 2792 adeo
654 2768 770 2793 omnes
785 2758 856 2793 suas
869 2757 1029 2793 Ecclefias
1051 2770 1108 2793 vo·

226 2807 289 2843 luit
300 2807 396 2844 unica
406 2816 460 2851 per
471 2805 560 2842 diem
575 2807 671 2842 Miffa
683 2810 746 2843 effe
759 2817 938 2843 contentas.
968 2809 1011 2842 Et
1026 2806 1105 2844 hinc

226 2857 317 2894 ,lucet
346 2855 532 2900 quotidiani
554 2857 702 2893 sacrificii
727 2857 998 2893 consuetudinem
1025 2869 1105 2896 tunc

226 2918 298 2942 non
313 2906 449 2952 viguisse
458 2905 544 2949 apud
554 2917 667 2942 omnes
679 2909 791 2953 paffim
813 2909 1045 2951 presbyteros,
1068 2911 1103 2944 ἀ

225 2957 347 2995 διηξὶο
359 2957 533 2993 Francisco
554 2967 621 2991 non
633 2958 803 3001 placuisse.

276 3006 333 3044 Est
356 3016 467 3043 tamen
485 3007 704 3049 antiquiffiuma
722 3009 807 3053 apud
832 3008 1017 3044 Ecclefias.
1045 3009 1102 3044 Et-

223 3057 317 3093 enim
329 3057 364 3092 in
377 3057 469 3091 sexto
479 3055 738 3094 Monasticarum
750 3059 998 3094 institutionum
1019 3059 1103 3094 libro

227 3107 371 3151 Joannes
395 3105 567 3141 Caffianus
587 3106 697 3144 scribit
717 3110 899 3145 castitatem
922 3121 1016 3144 mum
1028 3110 1103 3145 Mo

223 3155 335 3191 nacho
361 3155 491 3201 penitus
516 3156 754 3200 neceffariam,
788 3170 888 3204 atque
924 3159 1103 3205 adjungit.-

158 3246 164 3254 .
223 3207 317 3251 ,Quid
340 3216 393 3241 nos
412 3210 567 3242 conveniet
580 3204 709 3249 facere,
732 3220 791 3252 qua
805 3217 941 3252 puritate
964 3209 1104 3259 oportebit

220 3256 364 3297 custodire
388 3255 475 3296 nostri
495 3262 623 3301 corporis
648 3265 738 3301 atque
768 3266 878 3294 anirnae
913 3256 1073 3301 castitatem
1094 3286 1104 3301 ,

222 3317 298 3349 quos
320 3306 423 3352 neceffe
442 3304 482 3346 est
502 3306 633 3349 quotidie
646 3304 840 3353 sacrosandis
865 3315 941 3356 Agnt'
966 3311 1103 3346 carnibus

223 3355 325 3399 vesti,
350 3368 429 3400 quas
450 3361 598 3394 neminem
616 3359 802 3394 immamus
822 3368 988 3406 contingere
1013 3367 1105 3396 etiam

221 3411 336 3441 veteris
346 3407 420 3452 legis
427 3411 580 3451 praeopta
587 3413 766 3450 permittunt
777 3409 790 3442 ἓ
816 3410 930 3445 Palam
957 3412 1104 3456 loquitur

221 3453 269 3490 de
280 3455 554 3494 monasteriorum
565 3456 785 3502 presbyteris:
813 3460 857 3496 Et
877 3460 967 3506 quod
989 3462 1103 3499 eadem

1047 1067 1102 1100 seu
1128 1106 1131 1107 ⁷
1159 1116 1266 1161 „byter
1277 1116 1339 1154 fuit
1356 1141 1368 1158 ,
1392 1126 1539 1160 tempore
1550 1116 1689 1162 viguisse
1705 1143 1712 1150 .

1893 192 1982 237 155

1166 265 1368 300 Monasteria
1395 267 1473 302 solis
1486 264 1661 302 Sabbathis
1686 275 1724 299 ac
1735 264 2055 301 diebusDominicis

1166 315 1329 351 Collestas
1366 318 1418 351 seu
1443 317 1588 360 synaxes
1625 325 1758 361 agerent
1784 340 1795 356 ‚
1832 317 1932 352 tradit
1967 317 2057 352 idem

1166 365 1336 400 Caffianus
1358 367 1394 401 in
1416 367 1536 410 quinto
1560 366 1670 405 libro,
1694 366 1843 411 adeoque
1864 367 1924 402 ista
1948 368 2059 412 quoti·

1165 415 1263 449 diana
1287 416 1445 455 sacrificia
1465 426 1556 450 erant
1579 416 1685 453 Miuae
1698 416 1852 461 privatae.
1882 416 1926 453 Et
1948 418 2059 453 adver·

1169 464 1221 500 sus
1242 466 1457 501 Gennadium
1481 465 1739 507 Maffiliensem,
1763 468 1871 510 quiin
1896 468 2058 504 Ecclefia·

1165 515 1322 550 sticorum
1345 516 1541 560 dogmatum
1566 514 1652 549 libro
1672 517 1833 564 populum
1866 529 1936 552 non
1950 518 2061 562 quoti-

1166 565 1240 606 die,
1267 567 1364 601 sedin
1380 566 1455 599 solis
1467 564 1584 599 diebus
1601 564 1790 599 Dominicis
1815 567 2059 604 communicare

1167 614 1322 657 suadet,
1348 615 1457 651 scribit
1479 615 1521 650 ad
1562 616 1673 650 nescio
1707 625 1805 659 quem
1844 616 2059 653 Guntardum

1167 663 1358 702 Amalarius
1381 667 1582 700 Fortunatus
1610 679 1618 698 z
1657 668 1795 707 Compert
1826 673 1855 700 te
1896 667 2059 701 Ani-horam

1168 721 1276 749 mentis
1287 725 1350 751 tuae
1360 714 1452 759 fixisse
1462 721 1494 748 tn
1502 717 1628 759 pelago,
1653 717 1758 749 &non
1769 720 1919 759 inportu
1947 717 2059 759 Fixlflt

1167 767 1251 801 illam
1264 772 1297 799 in
1308 767 1465 804 Gennadio
1476 763 1642 806 Maffllienfi
1650 763 1813 810 Epist-opo.
1847 771 1956 802 Hortor
1968 777 2002 800 ut
2008 769 2063 810 po'·

1169 815 1314 860 tiusftgas
1324 816 1409 852 illam
1418 822 1548 858 inportu
1560 816 1648 856 tutiff
1647 826 1718 856 mo
1745 815 1902 859 Augustino
1915 841 1922 848 .
1950 821 2062 851 Horta-

1167 875 1218 899 tus
1231 867 1269 907 est
1281 876 1310 901 te
1324 867 1498 901 Gennadius
1509 873 1542 899 ut
1554 866 1710 908 precipue
1722 872 1780 907 per
1806 866 1870 898 dies
1892 869 2060 901 Dominicos

1167 922 1380 953 communices:
1408 919 1502 950 Forte
1530 928 1588 950 non
1610 925 1677 950 erat
1698 914 1876 959 consuetudo
1888 917 1975 949 illius
1990 940 2001 957 ,
2027 925 2061 950 ut

1161 973 1218 1013 per
1227 965 1349 1010 fingulos
1362 966 1559 1010 diesMiffam
1571 967 1745 1001 celebraret.
1778 965 1983 1014 Qotidiani
2006 967 2060 1002 Sa-

1167 1016 1283 1051 crificii
1295 1018 1569 1055 consuetudinem
1585 1016 1739 1062 supponit
1750 1016 1850 1051 etiam
1867 1015 2037 1051 Gennadii
2051 1040 2064 1057 ,

1168 1067 1226 1111 qui
1249 1076 1361 1101 tamen
1383 1077 1453 1101 non
1467 1066 1676 1111 Episcopus,
1703 1066 1757 1106 sed
1777 1066 1948 1101 dumtaxat
1968 1066 2065 1101 -Pres-

1741 1116 1856 1151 Exstat
1865 1116 2004 1161 epistola
2024 1117 2061 1151 iu

1168 1167 1342 1212 spicilegio
1354 1167 1453 1201 Lucae
1473 1164 1629 1201 Dacherii
1642 1192 1649 1203 ,.
1678 1166 1723 1203 Et
1747 1165 1965 1204 venerabilem
1986 1167 2065 1202 Cas-

1170 1218 1252 1252 fium
1273 1217 1496 1252 Narniensem
1523 1217 1727 1260 Episcopum
1748 1239 1760 1255 ‚
1795 1216 1889 1260 quod
1913 1215 2064 1260 quotidie

1168 1267 1337 1305 celebrarit
1362 1291 1374 1308 ‚
1399 1267 1524 1301 laudari
1549 1265 1569 1300 ὲ
1594 1266 1728 1311 Magno
1754 1265 1945 1311 Gregori0,
1970 1266 2064 1310 supra

1168 1317 1302 1353 testatus
1325 1316 1371 1352 est
1395 1317 1598 1351 Walastidus
1612 1316 1752 1352 Strabo.
1779 1315 1861 1350 Haec
1886 1316 1921 1350 in
1944 1325 2065 1361 quarto

1171 1367 1393 1411 Dialogomm
1430 1366 1515 1400 libro
1539 1367 1616 1400 sunt
1651 1364 1749 1400 verba
1776 1365 1932 1411 Gregorii
1961 1380 1972 1400 .·
2009 1370 2065 1400 Vir
2083 1374 2159 1412 Cap.
2183 1376 2227 1410 56.

1170 1422 1246 1455 vltae
1280 1415 1465 1452 venerabilli
1526 1415 1637 1456 caffius
1677 1414 1858 1456 Narnienfis
1897 1414 2066 1459 Epist-opus

1168 1466 1301 1509 quotidie
1321 1466 1426 1507 offerre
1450 1464 1642 1509 consueverat
1667 1468 1728 1497 Deo
1745 1463 1924 1508 sacrificium
1937 1490 1948 1507 ,
1972 1464 2066 1509 seque

1168 1521 1201 1551 in
1222 1515 1377 1552 lachrymis
1408 1521 1488 1549 inter
1516 1513 1584 1555 ipsa
1592 1512 1808 1555 sacrificiorum
1818 1526 1931 1548 arcana
1953 1515 2068 1549 maela·

1161 1564 1224 1608 ‚bat
1246 1587 1254 1594 .
1282 1562 1412 1597 Verum
1439 1562 1530 1605 quod
1556 1561 1838 1598 Monasteriorum
1863 1564 1899 1596 in
1926 1565 2066 1599 Oriente

1172 1611 1355 1655 Presbyteri
1370 1623 1439 1645 non
1451 1611 1510 1649 nifi
1522 1622 1577 1655 per
1593 1621 1720 1648 annum
1731 1611 1833 1646 semel
1854 1612 2008 1648 offerrent
2029 1614 2068 1648 in

1171 1661 1275 1696 Coena
1289 1661 1430 1696 Domini
1444 1687 1454 1703 ,
1466 1660 1555 1696 unde
1572 1660 1775 1698 Walafridus
1788 1660 1955 1702 hauserit,
1968 1662 2067 1709 igno·

1170 1723 1208 1746 ro
1226 1737 1234 1744 .
1261 1712 1343 1746 Haec
1369 1713 1445 1746 sunt
1482 1711 1551 1754 ejus
1564 1711 1679 1745 verba:
1708 1713 1791 1752 Alii,
1813 1721 1853 1746 ‘ut
1873 1723 1912 1746 ex
1937 1716 2068 1748 Parrum

1170 1762 1373 1796 collationibus
1392 1760 1548 1806 disemus,
1571 1759 1663 1804 semel
1693 1767 1726 1795 tn
1747 1773 1826 1795 anno
1851 1768 2068 1797 communit-an·
2084 1754 2161 1793 ³0¹9·
2182 1765 2228 1785 ²0·

1173 1812 1246 1845 dum
1255 1811 1413 1856 censebant
1427 1837 1438 1853 ,
1463 1821 1497 1845 ut
1508 1812 1650 1846 videlicet
1673 1812 1817 1846 diuturna
1838 1819 2064 1855 praeparatione

1173 1865 1290 1904 Corpus·
1301 1864 1478 1897 &animam
1484 1861 1680 1904 purificantes
1697 1885 1714 1902 ,γ
1735 1863 1862 1896 tandem
1871 1864 1917 1895 ad
1927 1867 2063 1897 Commu·-

1170 1918 1285 1949 ntonem
1296 1912 1406 1957 Mensae
1419 1912 1549 1954 Caelestis
1571 1912 1663 1956 digne
1681 1917 1900 1956 pertingerent.
1928 1912 2065 1949 Parrum

1171 1962 1380 1998 Collationes
1390 1972 1496 2008 agunt
1510 1962 1552 1997 de
1562 1962 1782 2006 quorumdam
1798 1963 1975 1998 Laicorum
1987 1964 2070 1999 Mo·

1174 2012 1358 2048 nachorum
1384 2012 1654 2054 consuetudine,
1682 2013 1824 2058 ideoque
1848 2012 1889 2048 ad
1917 2014 2065 2058 ipsorum

1172 2062 1384 2106 presbyteros
1394 2061 1595 2103 admodum
1589 2063 1792 2100 inconcinne
1805 2065 2064 2099 transferuntur.

1171 2111 1274 2168 Qod
1299 2111 1334 2145 hi
1362 2113 1614 2160 frequentiffime
1637 2114 1857 2156 celebrarint,
1886 2113 2009 2150 docent
2021 2125 2071 2149 et-

1174 2161 1239 2194 iam
1251 2161 1360 2200 Sancti
1372 2160 1551 2204 Sophronii
1568 2163 1736 2203 spirituale
1749 2164 1905 2205 Pratum,
1933 2166 1967 2198 ὃ(
1980 2165 2067 2198 Lau-

1170 2211 1249 2246 fiaca
1262 2209 1411 2245 Historia
1424 2208 1567 2244 Palladii
1583 2210 1737 2258 Episcopi
1768 2211 2064 2255 Helenopolitani.

1172 2259 1227 2295 Ad
1242 2259 1408 2294 veritatem
1420 2260 1526 2303 magis
1536 2259 1699 2297 accedunt
1710 2258 1774 2298 haec
1785 2261 1959 2296 Walafridi
1998 2274 2068 2298 ver·

1170 2309 1236 2350 ba,
1262 2309 1380 2353 quibus
1403 2308 1633 2352 quotidianam
1658 2310 1913 2346 celebrationem
1927 2311 2035 2348 suadet
2054 2339 2065 2353 ‚

1169 2370 1209 2393 ac
1222 2359 1348 2404 pergit·
1376 2361 1536 2403 ‚Quantum
1545 2363 1657 2395 mentis
1685 2361 1737 2397 vel
1754 2367 1883 2403 corporis
1901 2369 2061 2407 graviores

1171 2410 1296 2445 maculae
1323 2421 1380 2443 non
1394 2408 1545 2453 obsistunt,
1570 2418 1684 2453 panem
1709 2411 1744 2444 ὁ·
1759 2408 1939 2456 sanguinem
1962 2417 2062 2446 Domi-

1169 2465 1305 2500 nicam,
1297 2457 1382 2500 fine
1404 2459 1511 2502 quibus
1535 2465 1642 2496 vivere
1662 2472 1721 2496 non
1737 2462 1924 2505 possumus,
1944 2466 2062 2508 jugiter

1170 2507 1356 2550 ambiantus,
1385 2510 1419 2543 <¹5
1438 2508 1581 2552 defiderio
1602 2512 1684 2546 illius
1695 2517 1828 2546 tuitionis
1846 2515 1945 2555 potius
1967 2517 2059 2556 quam

1167 2558 1400 2603 praesumptione
1413 2560 1518 2600 nostrae
1531 2566 1678 2603 puritatis
1694 2561 1874 2606 sumamus,
1903 2565 2058 2598 imitantes

1165 2615 1337 2653 primitivae
1351 2609 1621 2653 Ecclefiaestudium
1628 2611 1764 2655 salutare
1777 2638 1787 2654 ,
1813 2615 1852 2647 de
1863 2625 1918 2655 quo
1927 2620 1960 2647 in
1983 2615 2062 2647 Affl-

1169 2660 1222 2692 bus
1247 2658 1437 2701 Apostolorum
1463 2665 1508 2693 ita
1519 2659 1667 2704 scriptum
1679 2661 1735 2704 est3
1766 2662 1943 2697 ERANT
1968 2663 2060 2698 AU-

1167 2710 1277 2744 TEM
1303 2709 1721 2747 PERSEVERANTES
1762 2711 1813 2745 ΙΝ
1852 2711 2060 2748 DOCTRI-

1171 2759 1240 2794 NA
1268 2759 1646 2801 APOSTOLORUM
1682 2760 1751 2794 ET
1796 2760 2060 2798 COMMUNI-

1169 2808 1389 2844 CATIONE
1402 2811 1430 2844 F
1432 2810 1698 2850 RACTIONIS
1711 2809 1852 2849 PANis
1866 2837 1873 2845 .
1901 2815 1947 2846 Et
1957 2812 2054 2855 infra:

1166 2859 1416 2907 QJOTIDIE
1437 2860 1662 2910 QUOQUE
1679 2859 2057 2898 PERDURANTES

1169 2910 1498 2953 UNANIMITER
1519 2911 1572 2946 ΙΝ
1593 2910 1825 2953 TEMPLO,
1851 2912 1883 2946 &
1911 2912 2060 2947 FRAN-

1167 2959 1360 2995 GENTES
1387 2961 1535 2996 CLRCA
1564 2962 1734 2996 DOMOS
1752 2961 1950 3002 PANEM,
1976 2963 2059 2997 SU-

1168 3010 1380 3048 MEBANT
1406 3011 1570 3047 CIBUM
1597 3012 1714 3048 CUM
1740 3011 2056 3050 EXULTATm-

1167 3059 1243 3094 NE.
1271 3061 1424 3096 Affirmat
1436 3061 1616 3106 Apostolos
1628 3061 1777 3106 quotidie
1786 3061 1967 3098 celebraffe.
1990 3063 2056 3101 Ve-

1165 3109 1237 3145 rum
1248 3109 1290 3150 ad
1302 3110 1360 3145 ista
1372 3113 1481 3149 >Sancti
1493 3112 1590 3147 Lucae
1600 3111 1643 3146 de
1652 3111 1684 3150 A
1688 3111 1823 3156 postolis
1834 3112 1931 3147 verba
1943 3112 2053 3152 scribit

1170 3161 1205 3195 S.
1218 3160 1360 3203 Joaunes
1373 3160 1650 3208 Chrysostomus:
1679 3164 1796 3199 Panem
1816 3164 1917 3197 dicens
1930 3163 2052 3196 videtur
2070 3165 2186 3199 Hom-7·

1166 3209 1239 3243 mibi
1254 3209 1306 3244 boc
1315 3208 1536 3255 locofignificare
1544 3214 1695 3257 ‚jejunium
1719 3214 1754 3250 rb·
1765 3212 1907 3254 austeram
1928 3218 2028 3246 vitam
2041 3238 2048 3246 .

1165 3259 1267 3308 Qod
1282 3260 1385 3304 ipsum
1397 3264 1573 3300 confirmat
1586 3263 1621 3297 in
1633 3263 1698 3301 alia
1709 3264 1800 3307 super
1811 3262 2050 3306 Apostolorum

1169 3310 1271 3344 Aecus
1285 3310 1436 3349 Homilia
1446 3339 1454 3350 ,
1482 3314 1527 3352 Et
1540 3311 1618 3348 hinc
1636 3311 1677 3350 de
1690 3311 1880 3358 Apostolis‚
1910 3312 2001 3356 quod
2012 3313 2049 3346 in

1164 3359 1235 3395 dies
1245 3359 1436 3400 celebrarint
1449 3388 1460 3409 ,
1488 3362 1607 3398 nullibi
1618 3365 1680 3398 effe
1689 3364 1841 3408 scriptum
1855 3386 1866 3404 ‚
1891 3374 1962 3397 non
1984 3373 2050 3395 ma·
2067 3358 2204 3397 Hom-43·

1172 3411 1201 3445 le
1225 3410 1353 3445 asseruit
1376 3412 1411 3446 in
1438 3413 1552 3448 litteris
1587 3413 1629 3448 ad
1652 3414 1797 3449 Fratrem
1820 3411 2047 3447 Alexandrum

1169 3459 1284 3497 Petrus
1296 3460 1449 3497 Blesenfis
1463 3487 1471 3497 .
1497 3464 1542 3499 Et
1554 3463 1724 3507 adjunxit:
1751 3466 1863 3499 Tamen
1874 3473 1910 3496 ne
1920 3467 1953 3494 in
1965 3461 2047 3495 domo

1942 3518 1996 3545 tua

2075 346 2149 384 Cap.
2166 350 2208 376 26.
