2366 3756
53 753 90 784 C.
113 762 158 791 13·

50 982 115 1018 rol.
141 987 191 1023 38.

53 1177 169 1213 &853-

53 1900 90 1930 C.
111 1902 157 1931 82.

53 2317 85 2347 1..
96 2323 121 2352 3.
132 2323 190 2346 ca.

883 121 1373 167 Ducrnrus.

221 206 338 241 dicum
350 209 382 239 in
393 213 510 238 rantum
518 209 682 247 pit-nituit,
708 211 740 237 ut
758 203 874 248 publice
890 202 924 245 se
945 202 1102 238 verberari

221 256 355 299 facem,
382 257 416 289 <rt
435 254 554 296 capillos
570 253 642 297 suos.
662 279 675 296 ‚
701 266 739 289 ne
757 255 949 290 tonderentur
969 277 982 294 ‚
1006 253 1102 285 multa

223 312 351 350 pamma
380 306 535 338 redimeret
558 330 567 346 ‚
599 303 737 348 sumptus
768 305 813 336 ad
838 301 1101 344 reaedificandam,

225 367 331 399 quam
349 357 505 390 exusserat
519 380 533 395 ‚
557 353 796 389 Virdunensem
816 350 972 393 Ecclefiam
994 354 1101 392 daret,

224 407 263 440 ¹&
274 411 308 438 in
316 413 399 447 opere
408 411 590 439 coementario
596 413 650 446 per
658 401 788 447 seipsum
806 402 978 446 plerumque
990 426 1002 443 ,
1027 403 1102 438 vilis

223 459 369 497 mancipii
383 455 541 497 ministerio
557 454 682 496 fundus
697 478 713 495 „
737 450 898 495 deserviret
921 477 930 489 .,
975 452 1102 500 Nempe

225 515 333 549 neque
346 505 472 549 publica
482 504 669 550 fustigatio‘,
695 513 800 546 neque
811 503 1018 538 coementaria
1044 502 1100 537 hu·

226 555 351 590 militas
362 579 373 595 ,
399 555 453 589 sed
465 555 532 588 sola.
543 555 676 590 tonsura
688 552 842 590 reddebat
856 552 1040 589 inhabilem
1060 551 1100 587 ad

226 605 436 640 retinendum
446 603 616 639 Ducatum
627 628 634 635 .
662 604 705 638 Et
717 602 938 646 Hildericum‚
948 603 1103 637 ultimum

225 653 247 689 ὲ
267 653 477 699 Merovingia
501 653 624 689 familia
644 654 864 698 Regem,-ne
884 653 924 687 ad
946 653 1103 698 Regnum

225 704 378 747 respirare
401 705 501 748 poffet
512 725 523 745 ⁵
548 706 624 749 quis
643 704 766 740 nesciat
784 703 878 738 fuiffe
899 703 1071 741 detonsum
1088 703 1104 735 ,ἓ

225 753 334 789 Fuisse
350 754 633 791 inAudomarenfi
643 752 811 792 Coenobio
830 751 1003 789 detonsum
1025 753 1105 787 affir-

226 802 512 847 mat‘Chronicon
536 803 733 843 Monastetii
751 803 1007 839 Fontanellenfis
1024 828 1034 840 -,
1061 803 1105 838 Et

226 852 268 889 de
276 853 403 889 ultimo
423 853 720 898 Longobardorum
742 854 836 899 Rege
848 853 1038 896 Desiderio,
1067 864 1105 887 ac

226 903 295 946 ejus
305 902 540 947 triumphatore
552 904 677 939 Carolo
685 904 819 950 Magno
838 902 938 938 habet
948 914 1105 949 magnum

226 953 335 998 Belgii
354 951 575 996 ⁴Chronicon:
601 954 728 988 Carolus
752 952 931 995 Defiderium
954 959 988 987 in
1008 958 1104 988 Fran·

226 1009 305 1039 ciam
316 1002 395 1045 miſs:
408 1027 420 1043 ,
445 1015 566 1046 eumque
576 1005 698 1045 juffitin
709 1002 835 1044 Ecclefia
861 1003 964 1036 sanavi
986 1001 1107 1045 Dionffii

226 1054 357 1088 tardent.
378 1053 429 1086 Et
449 1054 490 1087 de
512 1053 690 1089 Ludovico
709 1053 772 1090 Pio
785 1054 1006 1097 Imperatore,
1032 1053 1108 1096 Pip-

226 1104 345 1147 pinum
367 1103 473 1139 filium
492 1104 590 1139 suum
606 1114 667 1148 per
693 1105 891 1148 Drogonem
923 1104 1106 1137 Metensetn

227 1153 428 1198 Episcopum
439 1164 575 1198 parante
583 1154 712 1189 tonderi
725 1179 736 1195 ,
762 1153 871 1188 scribit
884 1151 1107 1198 AbbaeRegi-

227 1215 294 1237 no:
323 1206 466 1237 Paternis
502 1210 558 1237 otis
574 1205 737 1238 Lotbarius
749 1229 759 1245 ,
781 1203 883 1245 frater
891 1201 1020 1246 ejusdem
1037 1212 1109 1245 pue·

226 1258 277 1294 rt,
304 1263 494 1296 nequaquam
500 1254 634 1295 permisit
657 1266 723 1286 eum
734 1255 903 1294 attonderi,
923 1252 982 1295 sed
1002 1253 1109 1294 abstra-

226 1308 276 1336 xit
299 1304 336 1336 de
355 1313 445 1335 manu
464 1308 586 1344 patris..
612 1306 694 1338 Erat
704 1308 784 1336 enim
799 1311 874 1344 puer
895 1308 1024 1346 ingentis
1042 1305 1107 1345 pul-

226 1351 406 1386 chritudinis
421 1377 430 1386 ,
455 1352 550 1386 Hinc
571 1352 676 1396 ipsum
700 1352 806 1387 noluit
820 1353 888 1386 fieri
908 1352 1030 1397 Regno
1043 1355 1109 1386 ine·

226 1411 342 1446 ptum.
369 1401 413 1438 Et
424 1400 527 1439 tribus
548 1402 611 1439 suis
622 1402 698 1437 filiis
708 1402 823 1447 Regna
843 1401 992 1437 dividens
1007 1402 1106 1436 Caro·

226 1451 279 1485 lus
289 1451 437 1496 Magnus
448 1476 460 1493 ‚
485 1462 622 1494 nepotes
634 1453 650 1485 a
663 1453 783 1495 patruis
797 1464 864 1486 non
885 1452 989 1486 solum
1001 1452 1106 1487 occidi

225 1510 285 1536 aut
306 1500 451 1535 mutilari
469 1525 479 1542 ,
506 1501 561 1535 sed
582 1501 682 1536 etiam
704 1502 832 1536 tonderi
855 1511 997 1535 vetuerat
1010 1526 1022 1542 ,
1048 1503 1106 1535 nifi

226 1559 271 1585 ex
281 1550 428 1594 judiciali
439 1550 575 1594 ordine.
600 1551 677 1590 -Irnd
696 1561 758 1589 nec
770 1551 856 1585 filios
879 1551 897 1584 a
921 1562 1030 1594 patre.
1058 1551 1108 1584 In-

224 1610 363 1634 numera
384 1598 664 1645 sunctiujnsrnbdi
691 1601 777 1644 apud
800 1601 953 1645 antiquos
965 1601 1106 1634 Franco-

223 1660 298 1684 rum
321 1647 469 1683 Annales
491 1651 659 1696 exempla.

275 1697 387 1732 Etiam
408 1697 496 1742 apud
519 1697 674 1738 Gothos,
699 1710 838 1741 quorum
859 1699 993 1734 fastiosa
1019 1699 1109 1743 plebs

223 1746 356 1794 Regem
366 1748 551 1792 frequenter
561 1748 675 1784 invafit
701 1761 738 1783 ac
750 1750 913 1784 violenter
937 1749 1083 1784 totondit
1097 1774 1107 1789 ,

199 1794 614 1842 „viguieltee'sdssciplinaz
640 1793 896 1845 Qreabusum
925 1799 1022 1846 istum
1034 1800 1108 1834 fuis-

229 1848 264 1882 se
284 1843 437 1882 Gothicae
462 1848 570 1893 gentis
582 1849 805 1893 graviffimum
826 1849 998 1889 morbum,
1025 1848 1108 1884 reste

223 1896 366 1936 advertit
390 1895 569 1941 Appendix
591 1899 700 1934 Sancti
714 1899 870 1944 Gregorii
887 1899 1107 1934 Turonensis.

223 1945 328 1990 Apud
340 1946 583 1991 Longobardos
592 1948 671 1983 item
685 1972 698 1990 ,
722 1949 943 1993 Burgundos,
961 1947 1106 1994 Anglos,

223 1996 371 2045 aliosque
388 1995 549 2033 Barbaros
568 1996 660 2032 idem
687 1999 840 2033 vmosfuit
849 1997 1022 2044 grassans.
1050 1999 1107 2033 Et-

224 2046 295 2093 iam
311 2048 357 2082 *in
369 2045 512 2090 Imperio
531 2046 927 2092 Constantinopolitano:
954 2042 1109 2093 Byzanti-

226 2107 272 2140 με
286 2093 428 2145 ‘historia
448 2097 494 2133 est
520 2095 703 2142 pleniffima
725 2099 973 2142 exemplorum.
1000 2098 1110 2141 Ipsum

223 2144 332 2192 hausit
341 2156 395 2183 καί.
404 2145 561 2181 Romano
571 2146 732 2189 Imperio.
758 2147 894 2180 Etenim
916 2146 958 2179 de
969 2145 1108 2188 Impera-

225 2203 301 2231 tore
322 2194 455 2236 Iuliano
477 2217 488 2234 ,
513 2192 621 2230 adhuc
650 2194 857 2230 adolescente
875 2219 888 2236 ‚
912 2194 949 2228 &
972 2194 1108 2230 affectati

227 2243 364 2286 imperii
387 2242 476 2286 apud
498 2243 732 2280 Constantium
752 2244 987 2280 consobrinum
1007 2244 1111 2288 suspe-

227 2293 283 2328 ἂο
295 2315 316 2333 ‚⁴
331 2291 443 2330 scribit
453 2294 625 2329 Socrates:
644 2294 822 2339 Julianus,
846 2306 903 2338 quo
916 2293 1111 2338 suspicionem

226 2347 366 2382 vitaret,
388 2340 498 2385 abrasa
520 2352 587 2377 cura
598 2348 698 2377 vitam
715 2343 907 2384 monasticam
931 2343 1088 2386 fimulaevit
1101 2369 1109 2377 .

227 2390 305 2427 Alii
318 2391 435 2427 volunt
445 2391 551 2436 ipsum
571 2392 760 2428 Constantii
779 2393 862 2436 jussu
883 2394 980 2430 fuisse
995 2393 1114 2430 deton-

226 2442 301 2479 sum
311 2442 348 2477 in
359 2440 528 2480 Clericum
540 2443 687 2478 Ecclesiae
696 2441 977 2480 Nicomedienfis.
998 2442 1050 2479 Bt
1069 2444 1111 2480 de

226 2489 386 2529 Bffirisco
398 2491 543 2533 Caesare,
572 2491 704 2528 Armati
716 2494 823 2529 Ducis
833 2494 905 2529 filio
930 2494 988 2528 sub
1008 2495 1111 2538 Impe-

225 2539 279 2575 rio
289 2540 438 2576 &nonis
449 2565 461 2582 ‚
484 2541 520 2576 in
530 2540 646 2577 Photii
658 2542 977 2579 Bibliothecvhabet
988 2543 1112 2579 Candi-

224 2588 500 2626 dnsHistoricus
518 2604 530 2625 .-
556 2594 638 2626 Puer
657 2603 698 2626 ex
725 2593 846 2636 cesare
874 2598 953 2627 inter
972 2594 1109 2628 Ledam

148 2639 156 2649 ⁸
222 2639 474 2686 profiterer-avit.
501 2640 633 2684 Utique
644 2641 716 2685 post
728 2642 832 2677 Patris
843 2644 968 2678 crimen
992 2643 1030 2679 cc
1056 2656 1113 2679 σε·

226 2689 310 2725 dem·
322 2689 368 2724 ita
379 2689 524 2734 profiteri
534 2691 633 2735 juffus
642 2690 661 2725 a
671 2691 842 2737 Principe.
869 2694 914 2729 Et
925 2692 966 2728 de
976 2693 1110 2729 Martia-

227 2749 278 2773 no
288 2737 454 2782 Tyranno
462 2765 474 2781 ‚
499 2739 673 2776 Anthemii
683 2743 890 2787 imperatoris
902 2743 975 2779 filio
993 2767 1005 2784 ,
1027 2747 1111 2778 Mar-

228 2793 334 2825 cianus
345 2789 502 2823 ordinatus
512 2790 551 2830 est
563 2791 718 2831 Presbyter
732 2818 740 2826 .
765 2794 850 2843 Qae
863 2793 960 2828 latius
970 2795 1109 2838 exponit

229 2838 392 2883 Evagrius
403 2839 465 2882 Epi
470 2838 650 2883 phanienfis
663 2866 670 2875 .
697 2842 850 2887 Dejestos
864 2844 899 2878 ὅ(
910 2854 1023 2888 captos
1033 2867 1044 2884 ,
1070 2856 1108 2879 ac

228 2887 298 2923 vita
318 2888 457 2933 gratiose
476 2889 617 2924 donatos
631 2891 760 2935 Imperii
776 2894 957 2935 invasores,
984 2905 1052 2937 quo
1065 2894 1106 2928 ad

228 2938 437 2981 Maiestatem
449 2940 538 2973 nulla
550 2939 624 2984 ipfis
634 2940 783 2988 deinceps
810 2944 861 2978 vel
881 2944 961 2978 rima
973 2942 1076 2979 hiaret
1095 2970 1107 2986 ,

229 2987 377 3032 Augusti
387 2988 554 3033 Principes
565 3014 575 3030 ,
601 2991 797 3035 quandoque
808 2994 994 3038 simpliciter
1003 2993 1107 3029 decal-

229 3038 298 3072 vari
317 3059 329 3076 ‚
355 3038 552 3083 quandoque
574 3039 609 3074 in
620 3041 830 3086 Monachos,
856 3044 1053 3089 quandoque
1071 3046 1104 3079 in

228 3087 381 3122 Clericos
405 3097 461 3122 aut
475 3089 653 3134 Episcopos
662 3090 814 3134 jubebant
841 3094 1033 3130 detonderi.
1061 3095 1104 3130 Et

230 3137 389 3181 posterior
399 3136 467 3173 haee
476 3139 605 3174 tonsura
615 3151 681 3175 erat
693 3140 873 3180 honorifica
885 3169 897 3186 ,
921 3145 955 3179 &
967 3143 1104 3190 lingula-

229 3188 275 3223 ris
296 3188 398 3232 gratia
411 3214 422 3230 ‚
451 3200 519 3223 non
541 3190 664 3224 servilis
688 3201 743 3227 aut
762 3194 983 3239 ignominiosa
999 3221 1006 3228 .
1034 3196 1103 3243 Qi

229 3247 304 3272 mos
322 3239 341 3273 a
354 3238 565 3274 Constantini
577 3239 718 3285 Imperio
742 3243 776 3278 ἀ
788 3243 972 3280 Christiana
985 3246 1104 3290 pietate

230 3286 355 3323 videtur
365 3299 496 3324 exortus
507 3315 515 3323 .
542 3290 586 3325 Et
606 3291 648 3325 de
659 3291 730 3335 ipso
742 3293 776 3327 in
789 3294 852 3328 suis
866 3296 906 3330 ad
917 3296 1104 3331 Canonicas

229 3336 336 3373 Sancti
372 3339 481 3374 Bafilii
507 3340 670 3384 Epistolas
703 3342 958 3381 Commentariis
993 3346 1103 3381 scribit

148 3404 160 3417 ο
226 3384 430 3426 Theodorus
444 3389 639 3427 Balsamon:
664 3394 733 3437 ,Qui
743 3397 938 3437 Imperatoria
947 3396 1104 3432 auetorita-

1873 134 1971 182 227

1166 209 1195 236 te
1205 202 1387 241 tondentur,
1413 199 1624 243 transformari
1633 202 1812 247 nonpoffunt
1830 212 1885 239 aut
1903 203 2039 240 habitum

1164 262 1280 287 mutare
1292 276 1304 292 ,
1323 251 1382 295 sed
1398 261 1487 286 erunt
1507 253 1660 296 neceffario
1681 253 1819 287 Monache
1840 277 1851 293 ,
1876 253 1988 297 etimnfi
2003 259 2039 288 vl

1165 300 1238 343 tonsi
1239 300 1368 343 fuerunt
1379 325 1389 338 .,
1418 301 1591 339 Violenter
1603 302 1752 350 injectum
1765 301 1950 347 hujufinodi
1965 305 2042 340 Μο-

1166 350 1343 389 nachatum
1367 358 1422 385 aut
1434 350 1633 389 Clericatum
1646 365 1714 390 non
1729 352 1786 388 nisi
1810 365 1852 387 ex
1865 351 2042 396 synodaiis

1163 401 1277 444 judicii
1290 401 1480 436 auctoritate
1492 401 1579 443 posse
1590 403 1698 441 excuti
1710 428 1725 445 ‚
1750 401 2041 451 pluribusostendit

1165 453 1199 485 in
1222 451 1470 487 Commentario
1494 450 1582 488 tertii,
1596 451 1745 489 Canonis
1758 452 1945 497 Ancyrani.
1973 451 2042 488 Uti

1165 501 1399 546 poenitentialis
1412 510 1527 536 manus
1550 500 1590 534 ad
1604 501 1735 535 Clerum
1748 526 1759 541 ,
1786 503 1828 536 ita
1848 504 1937 544 haec,
1965 502 2044 537 licet

1165 550 1305 588 violenta
1318 575 1330 594 ‚
1354 552 1485 591 tonsura
1509 549 1551 586 ad
1571 549 1709 587 Laicum
1732 550 1956 595 principatum
1977 551 2043 587 red-

1164 600 1260 638 debat
1273 601 1439 649 ineptum.
1465 600 1620 646 Regiaein
1634 601 1771 639 Francia
1783 602 1902 640 domus
1927 602 2044 637 Praese«

1165 652 1233 685 &us
1244 650 1410 690 Ebroinus
1430 649 1476 685 ob
1495 651 1596 694 ipsam
1621 652 1751 696 proprio,
1777 663 1874 691 motu
1882 653 2045 691 excussam

1156 701 1276 746 paffim
1293 701 1444 740 titulatur
1454 700 1534 737 alter
1557 701 1703 744 Julianus
1715 700 1873 745 Apostata
1885 727 1893 735 .

1213 750 1317 787 Porro
1351 752 1389 791 ὃς
1408 751 1595 790 Monastica
1619 775 1630 792 ,
1663 751 1697 790 ὃς
1719 751 1889 787 Clericalis
1913 753 2047 787 tonsura

1166 802 1238 836 sunt
1249 800 1354 845 palam
1367 813 1461 846 poena
1474 801 1696 836 Eeclefiastica
1714 826 1725 842 ,
1752 801 1894 844 ideoque
1914 802 1933 834 ὲ
1946 802 2049 845 Regi-

1164 850 1224 889 bus
1250 863 1287 889 ac
1310 852 1439 896 populis
1463 852 1528 894 peti
1553 851 1686 895 quidem
1707 851 1877 886 consuevit
1901 875 1912 891 ,
1938 851 2047 896 infligi

1166 910 1275 935 tamen
1299 912 1477 947 numquam
1506 902 1635 945 potuit,
1664 902 1723 939 nili
1745 913 1802 945 per
1821 901 2047 936 auctoritatem

1167 962 1204 984 ac
1214 961 1348 987 manum
1362 952 1593 997 Episcopalem
1603 977 1610 985 .
1640 950 1745 999 Qod
1757 953 1958 990 Francorum
1973 950 2049 985 Rex

1169 1001 1253 1034 Hild
1259 1002 1361 1035 ericus
1370 1013 1425 1046 per
1437 1000 1466 1034 A
1471 1000 1664 1045 postoIIcam
1674 1000 1841 1037 Zachariae
1856 1001 2050 1046 potestatem

1168 1051 1320 1086 detonsus
1340 1052 1460 1092 fuerit,
1486 1053 1620 1097 Regino
1645 1052 1757 1087 Abbas
1778 1053 1814 1087 in
1838 1050 2050 1092 Annalibus,

1171 1102 1203 1134 in
1226 1101 1341 1138 Caroli
1364 1100 1484 1145 Magni
1508 1103 1572 1136 vita
1586 1102 1794 1146 Egiuudus,
1818 1103 1940 1146 aliique
1952 1103 2052 1141 Fran-
2067 1116 2103 1149 A,
2124 1121 2192 1153 749·

1169 1162 1283 1187 corum
1298 1152 1447 1192 Annales
1458 1150 1614 1185 testantur
1625 1177 1633 1183 .
1660 1152 1705 1186 Et
1734 1153 1776 1186 de
1789 1152 1934 1199 Pippino
1947 1151 2052 1196 Aqui-

1172 1202 1268 1235 taniae
1288 1201 1381 1246 Rege
1401 1226 1413 1243 ,
1438 1200 1605 1239 Ludovici
1626 1200 1679 1239 Pii
1701 1212 1822 1245 nepote
1845 1214 1886 1239 ex
1906 1202 2051 1246 Pippino

1171 1251 1240 1284 silio
1266 1274 1278 1291 ,
1303 1251 1459 1296 Regnum
1485 1249 1570 1287 male
1589 1252 1856 1292 administrante,
1883 1251 1982 1289 habet
2008 1254 2053 1287 se-

1169 1300 1278 1335 cunda
1302 1301 1455 1344 synodus
1477 1300 1727 1336 Sveffionenfis:
1756 1303 1884 1338 Concilio
1905 1306 2053 1336 Reveren-
2070 1307 2104 1340 C.
2135 1315 2163 1342 5.

1170 1352 1342 1391 dtffimorum
1362 1350 1572 1395 Episcoporum
1600 1353 1634 1387 ὑ·
1656 1354 1810 1386 Procerum
1832 1351 1967 1395 attonsus
1981 1377 1993 1393 ,
2018 1354 2053 1388 <5

1169 1406 1201 1433 in
1213 1399 1318 1434 babitu
1331 1400 1487 1445 Monastico
1498 1402 1542 1435 ad
1565 1401 1668 1437 sandix·
1684 1403 1826 1434 Medardi
1845 1402 2053 1443 Monasterium

1168 1450 1367 1490 custodiendus
1394 1453 1428 1489 (ἐν
1449 1451 1594 1487 docendus
1614 1452 1755 1484 deduaeus
1778 1451 1833 1491 est.
1863 1450 1918 1486 Ad
1945 1463 2052 1496 preces

1169 1501 1274 1542 patrui
1287 1500 1399 1533 Caroli
1412 1500 1506 1533 Calvi
1519 1500 1622 1543 Regis
1637 1524 1648 1539 ,
1672 1501 1706 1532 δε
1737 1501 1828 1542 juxta
1852 1502 1972 1546 Magni
1992 1502 2056 1536 Ca-

1169 1549 1230 1582 roli
1243 1549 1444 1588 Decretum,
1469 1548 1525 1591 qui
1543 1558 1681 1590 nepotes
1696 1549 1769 1581 suos
1781 1560 1849 1582 non
1872 1551 1930 1583 nifi
1953 1552 2056 1585 serva·

1169 1603 1204 1631 to
1217 1596 1362 1638 judiciali
1375 1597 1492 1631 ordine
1506 1598 1654 1632 sanxerat
1665 1597 1868 1632 tondendos.
1900 1597 2056 1642 Ejusdem

1168 1646 1303 1692 Pippini
1322 1657 1444 1690 patrem
1457 1647 1638 1691 Pippinum
1662 1648 1679 1680 a
1693 1658 1782 1691 patre
1793 1647 1969 1684 Ludovico
1989 1650 2057 1684 Pio

1167 1696 1374 1734 tondendum
1388 1697 1480 1732 fuine
1488 1697 1643 1732 traditum
1658 1697 1811 1742 Drogoni
1826 1698 1966 1734 Metenfi
1980 1701 2059 1744 Epi·

1169 1749 1266 1790 scopo
1286 1772 1297 1789 ‚
1324 1748 1358 1782 &
1381 1747 1399 1782 a
1422 1746 1584 1783 Lothario
1610 1747 1708 1782 fratre
1730 1747 1901 1783 liberatum
1924 1775 1935 1791 ,
1964 1751 2056 1794 supra

1169 1797 1355 1832 audivimus
1373 1796 1415 1832 ab
1437 1796 1569 1834 Abbate
1594 1797 1794 1844 Reginone.
1825 1798 1870 1833 Et
1890 1798 2053 1836 Michaeli

1168 1847 1344 1892 Augusto,
1370 1857 1508 1885 matrem
1519 1845 1734 1885 Theodoram
1760 1849 1926 1885 &sorores
1944 1850 2058 1886 tonde-

1168 1897 1330 1942 rijubenti
1343 1920 1354 1936 ‚
1379 1898 1463 1942 apud
1477 1899 1634 1933 Nicetam
1650 1897 1904 1946 Paphlagonem
1928 1901 2058 1945 respon-

1168 1946 1217 1982 dit
1227 1947 1361 1981 sanctus
1375 1946 1522 1991 Ignatius
1551 1947 1738 1985 patriarcha
1752 1949 2059 1995 Constantinopoli-

1168 2006 1286 2033 tanus:
1314 1999 1462 2031 Hocame
1470 1998 1539 2041 fieri
1559 1997 1648 2039 nefas
1659 2000 1716 2040 est.
1745 2004 1837 2036 Nam,
1851 1999 1986 2042 Ecclefiae
2005 2012 2058 2044 gu-

1169 2047 1326 2080 bernacula
1350 2072 1363 2089 ,
1385 2045 1562 2092 sacramque
1572 2049 1677 2084 Sedem
1686 2048 1929 2093 cumficsbiperem
1944 2075 1954 2091 ,
1964 2051 2058 2093 fidem

1162 2097 1363 2137 jurejurando
1373 2106 1532 2138 meamper
1539 2098 1685 2140 scrsptum
1708 2099 1844 2139 adstruxi
1858 2125 1870 2141 ,
1896 2112 2057 2144 numquam

1169 2154 1215 2177 me
1236 2147 1363 2185 Imperio
1385 2143 1481 2184 vestro
1496 2145 1657 2187 paefiturum
1672 2147 1794 2186 infidias
1808 2171 1820 2188 ,
1847 2152 1902 2183 vel
1912 2150 2058 2190 confilium

1169 2190 1314 2237 ejusmodi
1323 2197 1506 2237 agitaturum
1518 2219 1527 2227 .
1553 2195 1600 2228 Et
1610 2197 1682 2229 vero
1694 2205 1770 2231 nunc
1787 2198 1868 2240 quod
1875 2201 2058 2242 Reginorum

1171 2241 1357 2285 estfaecinus,
1383 2253 1504 2285 quaeque
1524 2248 1558 2278 in
1586 2245 1649 2279 illis
1658 2243 1770 2288 causa,
1795 2256 1830 2280 ur
1842 2247 1984 2289 Majestas
2006 2259 2059 2284 vo-

1162 2292 1227 2335 stra
1235 2292 1401 2326 adversam
1411 2303 1465 2327 eaes
1478 2295 1556 2327 talia
1565 2293 1771 2330 machinetur?
1797 2296 1891 2331 Hinc
1902 2298 2057 2342 primum,

1168 2354 1209 2378 ex
1219 2353 1287 2386 quo
1307 2342 1488 2378 miseranda
1499 2341 1654 2379 Photiani
1685 2343 1865 2382 schismatis
1889 2348 2058 2384 calamitas

1170 2393 1303 2429 tandem
1314 2392 1419 2437 erupit
1428 2417 1440 2434 2
1465 2393 1578 2431 Bardae
1590 2393 1725 2432 Caesaris
1735 2397 1769 2434 in
1781 2398 1935 2434 sanctum
1960 2398 2057 2444 lgna·

1169 2443 1254 2478 tium
1269 2440 1361 2478 fixisse
1371 2453 1485 2478 natum
1496 2442 1612 2479 odium
1623 2467 1633 2485 ,
1661 2445 1818 2483 testantur
1831 2448 1982 2485 laudatus
1993 2449 2059 2484 Ni»

1170 2503 1276 2534 ceras,
1303 2491 1449 2528 Michael
1461 2493 1652 2532 Monachus
1682 2507 1778 2542 atque
1799 2499 1994 2542 Syncellus,
2020 2500 2056 2534 &

1169 2544 1236 2588 ipse
1256 2544 1404 2588 Ignatius
1428 2543 1463 2577 in
1491 2545 1548 2579 sua
1581 2545 1801 2590 appellatione
1823 2548 1863 2583 ad
1899 2550 2055 2584 Sanctum

1170 2593 1369 2628 Pontificem
1379 2593 1576 2630 Nicolaum.
1606 2595 1724 2632 Errant
1737 2598 1825 2632 enim
1849 2599 1905 2642 qui
1921 2598 2057 2643 Episco-

1171 2655 1229 2689 pos
1238 2643 1347 2688 quoad
1359 2644 1525 2679 tonsuram
1538 2643 1625 2680 hanc
1644 2647 1834 2682 existimant
1859 2648 1952 2683 fuisse
1974 2649 2056 2684 datae

1170 2705 1225 2739 per
1260 2693 1446 2740 Principem
1482 2694 1645 2731 sententiae
1682 2708 1788 2732 meros
1822 2708 2017 2732 executores
2044 2712 2052 2732 :

1170 2745 1272 2779 Erant
1293 2744 1349 2788 ipsi
1372 2744 1527 2789 Iudices,
1552 2747 1586 2781 δε
1608 2757 1685 2780 cum
1710 2748 1805 2792 plena
1818 2750 1919 2783 causae
1932 2749 2054 2783 notitia

1168 2794 1290 2829 dabant
1301 2794 1494 2830 sententiam
1513 2821 1519 2828 .
1546 2797 1643 2831 Hinc
1653 2798 1790 2832 eandem
1801 2799 1967 2833 tonsuram
1982 2810 2054 2833 non

1168 2843 1307 2888 potuiss’e
1317 2845 1381 2879 sine
1391 2845 1550 2888 Synodali
1562 2846 1687 2890 judicio
1697 2850 1808 2884 excuti
1838 2848 1925 2882 dixit
1937 2847 2054 2882 Theo-

1167 2893 1264 2928 dorus
1274 2893 1470 2930 Balsamon:
1495 2895 1598 2944 Qod
1620 2897 1737 2944 nempe
1750 2898 1943 2942 Episcopale
1969 2898 2055 2941 judi·

1167 2945 1257 2978 cium
1279 2956 1347 2980 non
1363 2945 1420 2979 nifi
1434 2957 1491 2990 per
1512 2946 1684 2991 Synodum
1707 2949 1801 2994 poffit
1816 2948 1897 2983 solvi
1914 2973 1920 2979 .
1949 2947 2052 2992 igitur

1167 2994 1227 3029 hac
1250 2995 1348 3031 etiam
1365 2996 1418 3030 via
1438 2995 1594 3041 Episcopi
1629 2999 1795 3042 supremos
1806 2999 1915 3042 Reges
1940 3008 1978 3031 ac
1988 2996 2050 3032 1110

1165 3055 1326 3088 peratores
1336 3047 1520 3089 frequenter
1538 3047 1756 3092 degradarunt
1768 3073 1775 3083 .

1215 3094 1341 3129 Verum
1368 3096 1403 3129 ὅ(
1423 3098 1555 3131 tonsura
1568 3096 1658 3138 haec,
1683 3098 1717 3132 ἀ
1739 3097 1870 3142 publica
1895 3098 1973 3132 item
1986 3108 2050 3141 poe-

1166 3144 1303 3178 nitentia
1325 3145 1388 3188 jam
1410 3146 1533 3188 pridem
1554 3147 1754 3184 abieruntin
1771 3147 2021 3183 dissuetudinem
2035 3170 2046 3187 ,

1166 3205 1264 3238 atque
1284 3194 1327 3229 ita
1350 3194 1452 3229 oritur
1474 3198 1625 3241 quaestio,
1656 3199 1710 3231 An
1737 3197 1796 3232 ista
1810 3199 2048 3241 Episcoporum

1167 3245 1307 3289 potestas
1317 3245 1353 3279 fit
1363 3245 1523 3291 cumiplis
1545 3248 1732 3282 exssinsta?
1759 3248 1955 3291 Respondeo
1978 3257 2047 3280 non

1166 3296 1229 3329 effe
1251 3318 1259 3327 .
1292 3293 1427 3331 Publica
1446 3298 1536 3331 enim
1562 3290 1754 3342 p'oenitentia
1775 3297 1866 3332 aliud
1897 3307 1965 3331 non
1985 3296 2048 3330 fuit

1167 3346 1263 3389 quam
1272 3356 1485 3391 aggregatum
1497 3348 1655 3384 variarum
1669 3349 1911 3383 Canonicarum
1941 3356 2047 3390 poena-

1168 3406 1257 3439 tum,
1283 3397 1411 3442 quaeuti
1431 3398 1515 3431 olim
1528 3398 1728 3441 conjunctim
1740 3423 1753 3442 ‚
1778 3399 1822 3433 ita
1848 3393 2048 3480 hodicsdivi-

1949 3454 1996 3478 rm
