2366 3756
875 88 1397 135 ‘numanis-

234 177 379 214 Colonia
388 176 436 211 est
448 175 484 211 in
498 173 671 210 Provincia
682 172 852 209 Numidiae
863 197 874 214 ,
886 182 984 217 atque
996 173 1041 207 ita
1053 172 1119 207 Pri-

228 227 353 263 -vatusa
365 226 544 261 Numidica
557 225 741 271 nonaginta
756 223 994 267 Episcoporum
1014 225 1120 266 Syno-

233 277 279 313 do
289 278 393 312 fuerat
401 275 593 312 damnatus.
620 272 827 324 Qomodo'
819 272 918 317 igitur
926 274 959 307 δε
970 272 989 306 a
1001 272 1118 307 Dona·

233 336 270 362 ω
281 326 532 373 Carthaginensi
543 326 686 361 Primate
697 325 731 359 ὅ(
742 324 760 356 a
783 322 930 356 Fabiano
955 322 1119 357 Pontifice

232 378 339 412 fuerat
360 376 552 412 severiffime
571 375 727 411 notatus?
756 371 859 420 Quid
883 372 1001 415 nempe
1021 383 1039 406 a
1059 373 1119 406 suae

233 427 420 462 Provincia
438 426 577 470 synodo
585 424 625 461 ad
639 421 861 460 primatialem
875 423 978 457 totius
990 423 1119 457 Dioece-

228 478 303 517 ‘scos
315 476 507 521 Synodum,
532 475 616 511 &ab
628 474 688 509 hac
711 475 829 509 iterum
852 474 1066 516 provocasset
1076 472 1118 507 ad

234 526 466 571 Apostolicam
481 527 597 560 Sedem
607 550 618 567 ,
643 525 677 559 δε
688 521 776 567 qu6d
788 522 856 566 ejus
866 522 1034 557 damuatio
1046 522 1118 556 fuis

229 578 281 617 -set
292 577 413 620 ubique
436 577 647 611 confirmata.
674 574 719 607 Et
744 572 823 607 hinc
841 572 912 615 post
936 572 1063 607 Donati
1086 572 1118 606 ὅτ.

232 626 371 661 Fabiani
383 636 524 661 mortem
535 625 646 660 denu6
657 622 785 659 acceffit
793 623 826 656 &
838 621 982 657 Romam
994 622 1027 657 ἀ
1050 622 1118 656 Pri-

231 676 401 710 matialem
414 676 573 721 Cypriani
585 672 777 719 synodum,
803 674 942 709 tentavit
962 673 1118 715 reparari.

231 725 362 762 Verum
373 726 532 761 Romanae
543 724 691 760 Ecclefiae
700 722 859 766 judicium
870 722 973 759 sciens
990 722 1045 756 ille
1058 722 1075 755 a
1090 724 1119 755 se

233 787 304 812 non
315 777 403 820 posse
412 777 596 816 romani,
608 773 779 809 hominem
790 783 849 806 nec
862 772 902 807 ad
917 772 1118 807 audientiam

234 826 382 861 admisit.
410 828 453 860 Et
462 824 541 860 hinc
549 825 612 859 iste
630 824 725 867 turbo
737 823 842 857 actus
834 835 869 856 ιη
882 823 1005 856 rabiem
1017 833 1118 864 patra-

234 876 283 910 vit
306 886 392 909 nova
412 875 585 917 facinora,
610 875 645 912 δε
656 885 733 915 cum
743 873 816 909 aliis
828 874 964 909 fastiofis
979 873 1039 911 Ex·
1033 871 1120 914 -Epi-

234 924 341 968 scopis
351 925 478 959 intr-usit
489 925 728 961 Fortunarum.

286 974 331 1009 Et
342 973 421 1009 hinc
433 974 522 1009 vides
535 975 704 1010 Romanas
727 954 964 1031 Episcoporum
984 969 1121 1014 appella-

234 1025 344 1059 tiones
362 1034 442 1060 tunc
461 1024 547 1068 apud
570 1024 672 1058 Afros
690 1023 831 1058 omnino
858 1020 1020 1067 viguisse.
1062 1019 1123 1053 Di-

234 1085 276 1110 co
288 1099 299 1116 ,
319 1073 552 1118 -Epifi-oporum
578 1073 682 1122 Quid
695 1074 784 1108 enim
798 1074 935 1107 inferior
945 1069 1059 1106 Clerus
1071 1081 1123 1112 ap—

234 1124 353 1169 pellare
364 1136 431 1161 non
447 1125 547 1169 poffet
571 1123 799 1167 Apostolicam
819 1120 959 1162 Sedem‚
987 1121 1040 1155 sed
1057 1119 1123 1153 Pri—

233 1175 377 1212 matialis
388 1175 514 1218 Synodi
526 1174 650 1218 judicio
676 1172 805 1207 deberet
829 1171 1050 1213 acquiescere,
1077 1170 1122 1205 est

235 1225 478 1268 antiquissimus
498 1225 608 1268 gentis
631 1222 750 1259 Canon
773 1247 783 1263 ,
819 1234 875 1258 aut
897 1221 1122 1256 consuetudo.

235 1275 282 1309 Et
295 1274 375 1308 hinc
385 1275 603 1318 appellantem
616 1273 849 1309 Feliciffimum
860 1273 1046 1307 constanter
1069 1272 1110 1306 ab

236 1323 337 1367 jecit,
364 1325 539 1359 Fortunati
561 1334 670 1359 autem
691 1325 944 1368 appellationem
962 1335 998 1357 ac
1019 1322 1123 1368 Lega-

235 1375 366 1408 tionem
400 1374 570 1410 admittere
614 1374 772 1419 disposuit
810 1374 896 1418 Papa
924 1370 1123 1407 Cornelius.-

237 1424 343 1471 Quod
367 1425 482 1473 nempe
505 1423 558 1460 hic
579 1425 655 1459 esset
674 1426 876 1469 Episcopus.
906 1423 1029 1458 Verum
1058 1422 1123 1466 Cy-

236 1475 370 1518 prianus
389 1476 578 1510 inteweffit:
605 1479 692 1509 Nam
702 1478 736 1510 Θ
748 1480 922 1510 Novariam
932 1483 1008 1516 pars
1024 1477 1123 1507 Maxi-

235 1524 534 1564 muml-'resbyterum
555 1534 649 1568 nuper
666 1528 710 1560 ad
730 1538 782 1560 nos
804 1527 824 1559 ἃ
835 1530 1014 1558 Novatiano
1027 1528 1119 1565 Lega-

234 1582 301 1607 tum
320 1575 434 1618 miffum
456 1601 467 1617 ,
501 1584 593 1618 atque
616 1579 636 1608 ὰ
659 1577 755 1616 nostra
777 1579 1032 1609 communicatione
1052 1573 1122 1611 reJ'e-

235 1622 338 1662 Bam,
355 1636 433 1657 nunc
442 1625 663 1666 isticfibifeciffe
673 1625 798 1666 Pseudo
791 1623 980 1664 Episcopum
993 1622 1120 1654 dicitur

233 1672 320 1706 Non
341 1671 551 1713 Maximum,
582 1671 632 1705 sed
647 1673 750 1715 ipsum
764 1672 1011 1708 Novatianum.
1042 1671 1120 1704 Erat

234 1721 363 1766 infigne
389 1732 618 1766 argumentum
646 1722 687 1755 ad
709 1721 899 1755 hominem.
938 1721 1123 1763 Cyprianus

236 1770 430 1804 Cornelium
454 1782 572 1816 rogat,
599 1782 640 1806 an
663 1770 722 1804 fibi
750 1770 1029 1813 superordinatum
1052 1768 1123 1802 No-

235 1820 405 1856 vatianum
419 1822 544 1856 tractari
557 1820 634 1855 velit
647 1830 685 1854 ut
699 1821 920 1863 Episcopum,
931 1831 972 1853 an
987 1830 1022 1853 ut
1038 1819 1122 1852 Pres-

236 1870 392 1914 byterum
405 1870 421 1901 ἶ
450 1871 583 1905 Etenim
598 1882 654 1914 pro
668 1871 832 1914 Episcopo
848 1880 1058 1912 numquam,
1069 1869 1121 1902 sed

235 1931 297 1964 pro
323 1920 456 1955 turbido
480 1922 513 1955 ὅ(
540 1921 688 1955 scabioso
730 1921 901 1955 dumtaxat
928 1919 1122 1962 Presbytero

236 1970 360 2028 semper
382 1980 561 2015 agnoverat
589 1970 743 2005 Romana
781 1971 923 2005 Ecclesia
946 1995 955 2003 .
993 1968 1122 2004 Eodem

235 2019 338 2065 igitur
349 2020 452 2056 modo
461 2021 682 2055 Fortunarum
703 2021 827 2054 traeiari
843 2020 910 2053 vult
924 2019 1122 2062 Cyprianus,

190 2110 193 2112 ¹
237 2071 378 2111 ideoque
398 2069 496 2114 ipsius
513 2071 787 2114 appellationem,
817 2069 930 2112 utpote
940 2068 1122 2111 permissam

237 2120 316 2157 solis
330 2120 498 2163 Episcopis
515 2143 526 2159 ,
552 2119 666 2152 Roma·
678 2129 748 2151 non
771 2118 922 2151 admitti
953 2116 1062 2148 Etiam
1077 2116 1124 2148 su-

239 2170 295 2212 pra
317 2169 358 2201 ab
378 2168 448 2210 ipso
465 2167 634 2202 laudatum
658 2160 823 2201 Statutum
846 2166 991 2208 loquitur
1014 2164 1054 2199 de
1078 2165 1123 2199 so

238 2217 278 2250 lis
301 2216 455 2250 Clericis
481 2217 564 2251 Haec
588 2216 678 2250 istius
701 2215 816 2255 verba,
841 2220 919 2248 Cum
935 2215 1110 2256 statutum
1088 2213 1124 2254 ft

238 2267 373 2302 omnibus
396 2266 504 2306 nobis,
532 2266 681 2300 videntur
697 2266 837 2301 adserere
851 2266 1016 2300 Statutum
1037 2276 1123 2299 ema-

238 2318 326 2353 nasse
343 2316 384 2351 de
407 2317 564 2351 consensu
591 2317 749 2350 Romanae
772 2316 944 2355 Ecc1eGae,
982 2315 1124 2358 ideoque

238 2367 273 2403 ὅ(
301 2368 319 2400 a
343 2365 504 2401 Cornelio
528 2377 595 2399 non
618 2366 709 2400 fuisse
731 2365 981 2422 infringendum
1007 2390 1014 2398 .
1052 2364 1124 2398 Hic

238 2417 284 2451 est
305 2415 446 2450 omnin6
468 2416 663 2460 legitimus,
698 2416 731 2450 ὃς
754 2416 787 2448 in
811 2416 963 2459 singulari
989 2415 1029 2449 de
1057 2415 1124 2449 Ro-

238 2466 345 2500 manis
368 2466 525 2500 Afrorum
536 2465 811 2509 appellationibus
823 2465 982 2499 Trastatu
995 2464 1059 2499 late
1070 2476 1121 2499 ex-

239 2515 433 2560 ponenduS,
460 2516 567 2550 Sansti
591 2516 751 2559 Cypriani
767 2516 893 2556 sensus,
920 2516 974 2556 qui
991 2516 1123 2549 manife-

237 2564 314 2598 sse
305 2577 341 2600 ιη
367 2565 474 2599 nullo
487 2566 619 2608 adjuvat
639 2565 858 2609 cogitationes
882 2565 925 2597 D.
965 2564 1054 2599 Petri
1082 2565 1123 2599 de

238 2614 373 2649 Marca.
402 2615 445 2648 Et
467 2614 627 2657 quidquid
651 2616 690 2648 sit
710 2615 750 2649 de
762 2615 923 2662 Romanis
933 2616 1122 2659 appellatio-

238 2664 338 2698 nibus
363 2689 373 2704 ‚
420 2663 510 2708 qu6d
533 2664 689 2698 Afrorum
711 2665 744 2700 δε
771 2665 920 2709 Episcopi
942 2666 974 2699 &
1001 2666 1121 2700 Clerici

238 2714 363 2757 semper
384 2715 548 2756 potuerint
569 2715 587 2747 a
616 2716 743 2749 suarum
758 2714 1008 2749 Provinciarum
1018 2715 1118 2758 Syno-

238 2763 291 2801 dis
316 2775 490 2807 provocare
513 2763 552 2797 ad
575 2764 793 2799 primatialem
820 2766 923 2798 torius
936 2766 1121 2799 Dioeceseos

239 2813 413 2856 Synodum
436 2838 446 2853 ,
483 2813 622 2857 ideoque
647 2815 774 2848 istarum
795 2815 916 2858 judicia
943 2826 1119 2858 numquam

238 2864 361 2900 fuerint
382 2864 548 2906 suprema,
574 2863 619 2896 est
642 2866 741 2899 nimis
765 2864 988 2899 manifestum.

290 2913 475 2951 Audiamus
494 2913 581 2948 aliud
595 2924 838 2958 argumentum:
870 2914 1120 2957 Eifundamemo

237 2968 330 2999 nixus
351 2965 430 2997 idem
453 2968 639 3005 Cyprianus,
664 2965 702 2997 ab
725 2964 880 3008 Hispaniae
895 2964 1046 3008 Episcopis
1057 2977 1116 2999 con·

234 3011 333 3056 saltus
345 3036 355 3052 ‚
382 3019 414 3045 in
424 3012 512 3055 causa
522 3016 558 3047 B
561 3012 663 3054 rfilidis
676 3016 708 3050 ὑ
721 3017 875 3048 Martialis·
888 3014 1119 3058 Episcoporum,

237 3068 290 3105 qui
301 3060 415 3103 depasti
420 3062 545 3103 fuerant
559 3063 592 3095 ob
604 3069 712 3098 crimen
724 3066 898 3099 Idololatriae
912 3066 949 3097 ab
963 3065 1117 3108 Episcopis

239 3115 408 3150 Provinciae
422 3115 562 3153 Boeticae,
590 3120 694 3158 quique
714 3115 893 3156 Stephanum
919 3119 1035 3158 Papam
1053 3116 1117 3157 fal-

238 3163 333 3197 lentes
340 3162 427 3206 gestae
440 3169 483 3195 rei
494 3174 527 3196 ac
538 3169 636 3195 tacitae
654 3168 792 3197 veritatis
803 3173 965 3210 ignarum,
986 3167 1025 3199 ab
1048 3176 1078 3200 eo
1087 3163 1118 3208 β’

238 3218 507 3246 incommunionem
519 3219 607 3253 recipi
629 3213 834 3247 obtinuerant.
863 3215 1022 3260 Consultus
1039 3239 1051 3255 ,
1077 3221 1118 3247 in·

238 3274 329 3305 quam
340 3287 351 3303 ,
377 3265 542 3304 Cyprianus
554 3260 703 3304 respondit
712 3264 816 3298 debere
829 3264 986 3309 Episcopus
1013 3263 1116 3307 Htspa-

239 3325 291 3350 nos
299 3318 407 3355 primo
408 3314 516 3350 iudicio
524 3312 562 3354 fir
550 3318 649 3348 cmiter
673 3312 854 3354 adhaerere,
878 3317 1117 3358 quandoquidem

238 3362 465 3405 depob‘tiofat‘la
477 3372 542 3396 erat
554 3362 704 3403 objustam
715 3363 835 3407 causam
844 3389 855 3406 ,
881 3366 991 3409 aliique
1003 3364 1115 3408 Episco

338 3411 445 3453 Christ.
449 3415 530 3455 Lupi
543 3418 631 3455 Opcr.
634 3415 712 3446 Tom.
715 3417 748 3446 V.

1176 180 1212 216 pt
1225 175 1355 207 ordinati
1364 182 1451 208 erant
1462 172 1501 207 ab
1511 173 1670 217 Epfiopis·
1682 177 1853 210 Provincias
1866 182 1898 210 in
1908 179 1964 211 Ioco
1974 180 2057 221 depo-

1173 223 1315 266 fitorum.
1351 224 1549 268 Respondeo
1570 226 1730 260 audienda
1767 227 1871 261 Sanc'ti
1899 227 2058 271 Cypriani

1182 275 1295 309 verba:
1323 278 1389 307 Nec
1398 273 1560 317 rescindere
1581 276 1685 308 Sabini
1694 277 1908 311 ordinationem
1912 280 1983 319 ‚iure
1990 286 2060 320 per-

1173 323 1287 366 fedlam
1302 323 1417 366 potest,
1441 326 1520 366 quod
1540 324 1685 366 Basilides
1700 325 1763 367 post
1784 333 1910 360 crimina
1929 326 1985 370 sua
2011 329 2060 361 de-

1181 374 1257 407 reeta
1269 398 1279 415 ,
1306 376 1340 408 (ν
1359 371 1564 416 conscientiam
1585 381 1677 408 etiam
1696 384 1822 419 propria
1832 377 1994 419 confeffione
2008 389 2060 412 nu-

1180 425 1307 466 datam,
1333 427 1458 458 Romam
1474 432 1605 467 pergens
1618 449 1630 465 ,
1657 426 1840 468 stephanum
1851 430 2001 471 collegam
2014 439 2061 460 no-

1172 472 1268 513 strum
1291 475 1373 517 longe
1380 473 1503 516 pfftum
1517 498 1529 514 ‚
1556 475 1590 508 <it
1597 474 1686 517 gcstae
1708 481 1751 509 ret
1762 488 1796 509 ac
1806 484 1904 511 tacita·
1917 483 2060 511 veritatis

1180 530 1313 565 ignarum
1331 524 1471 565 fefellit,
1496 533 1531 558 ut
1546 523 1707 557 exambiret
1724 523 1757 567 se
1775 527 1878 567 injuste
1901 534 1999 570 reponi
2027 534 2060 560 in

1180 571 1392 615 Epifiopatum
1406 597 1418 614 ,
1439 575 1476 607 de
1483 585 1537 616 quo
1539 573 1648 615 fuerat
1652 573 1731 615 justo²
1743 575 1904 617 depositus.
1935 582 2007 613 Haec
2026 579 2059 611 εό

1175 628 1352 664 pertinent,
1379 632 1412 656 ut
1434 623 1577 664 Bafflidis
1603 636 1660 656 non
1674 635 1735 657 tam
1747 625 1857 659 abolita
1866 626 1941 670 fint,
1970 627 2062 668 quam

1179 674 1328 707 cumulata
1349 673 1476 706 delatio:
1514 677 1553 705 Ut
1573 675 1616 705 ad
1631 672 1782 716 supertora
1804 677 1869 716 ejus
1888 684 2009 717 peccata
2035 687 2063 710 e·

1179 729 1253 756 tiam
1266 722 1406 764 fallaciae
1426 723 1459 755 Θ·
1485 726 1739 757 circumventionis
1765 732 1873 759 crimen
1899 727 2041 770 accefferit
2054 751 2062 759 .

1182 777 1289 812 Neque
1309 779 1389 806 enim
1410 781 1473 808 tam
1494 773 1660 813 culpandus
1681 773 1719 813 est
1739 775 1787 807 ille
1810 797 1821 812 ‚
1853 782 1898 808 cui
1919 778 2060 820 negligen-

1182 832 1224 855 ter
1244 822 1398 863 obreptum
1420 822 1476 864 est,
1503 824 1596 865 quam
1620 821 1668 855 bic
1687 824 1889 863 execrandus,
1919 833 1970 867 qui
1973 826 2068 866 frau-

1182 872 1315 906 dulenter
1340 871 1476 914 obrepfi‘t.
1506 872 1653 915 obrepere
1675 871 1841 906 bominibus
1862 873 2005 915 Bafilides
2013 883 2065 916 po-

1182 928 1263 962 tuit,
1292 925 1352 955 Deo
1372 935 1429 957 non
1449 923 1558 964 potest.
1597 923 1723 957 Similia
1743 921 1892 969 adjungit
1914 924 2064 959 adversus

1184 972 1389 1007 Martialem.
1429 972 1555 1007 Lucide
1578 973 1747 1016 profitetur
1768 974 1937 1009 Romanas
1961 974 2066 1018 appel·

1185 1021 1323 1055 lationes
1359 1032 1439 1057 tunc
1467 1022 1500 1055 in
1538 1024 1698 1066 Hispania
1729 1025 1873 1059 omnino
1908 1026 2063 1069 viguisse.

1185 1070 1371 1116 Quomod6
1392 1073 1538 1113 alioquin
1563 1073 1714 1108 Basilides
1736 1075 1770 1108 ὅ(
1785 1075 1947 1109 Martialis
1974 1075 2066 1108 invo-

1184 1121 1303 1160 caffent
1326 1118 1526 1165 Stephanum
1549 1122 1581 1158 &
1598 1122 1740 1158 Romam
1755 1125 1950 1159 acceffiffent
1963 1150 1972 1166 ‚
1987 1136 2068 1168 quo-

1185 1173 1287 1206 modo
1307 1174 1452 1207 ablatum
1464 1171 1521 1206 fibi
1534 1173 1742 1214 synodaliter
1757 1175 1991 1218 Episcopatum
2003 1186 2068 1208 am-

1185 1223 1312 1256 biiffent
1334 1223 1457 1258 restitui
1482 1235 1535 1266 per
1562 1222 1678 1256 Sedem
1702 1222 1929 1267 Apostoiicam
1954 1248 1965 1264 ‚
1991 1235 2072 1266 quo-

1185 1275 1286 1309 modo
1309 1273 1467 1307 Pontifex
1494 1271 1705 1307 reddidisset?
1731 1274 1803 1307 Nec
1819 1272 1909 1308 hunc
1924 1285 1984 1307 nec
1997 1274 2072 1307 illos

1184 1323 1225 1358 de
1246 1325 1399 1358 concussa
1417 1332 1474 1357 aut
1493 1324 1620 1357 excussa
1643 1322 1860 1357 Provincialis
1883 1324 2010 1367 Synodi
2024 1325 2073 1357 fu-

1186 1385 1293 1418 prema
1316 1374 1507 1407 austeritate
1528 1398 1539 1414 ,
1562 1383 1624 1407 nec
1643 1373 1686 1407 de
1706 1372 1832 1407 violato
1857 1373 2072 1408 Ecclefiarum

1185 1435 1277 1458 more
1298 1424 1486 1468 Cyprianus
1505 1424 1611 1467 arguit
1626 1447 1636 1462 ‚
1665 1424 1715 1457 sed
1729 1424 1902 1458 dumtaxat
1914 1423 1954 1458 de
1973 1424 2074 1468 negli-

1185 1475 1296 1518 gentia
1316 1475 1349 1508 &
1372 1472 1577 1515 obreptionis
1590 1474 1729 1507 astutia:
1758 1473 1854 1514 Illos,
1881 1474 1971 1516 qu6d
1985 1485 2075 1507 rnen-

1185 1522 1287 1556 daciis
1310 1522 1631 1564 circumscripfiffene
1654 1533 1664 1562 3
1705 1522 1798 1556 illum
1814 1548 1822 1561 ,
1851 1523 1940 1566 qu6d
1963 1525 1994 1557 se
2016 1525 2076 1557 cir-

1185 1569 1358 1605 cumscrib1
1382 1570 1578 1612 permififlet.
1608 1570 1702 1604 Hinc
1727 1571 1760 1604 δε
1778 1573 2076 1615 appellationem&

1185 1620 1425 1654 absolutionem
1441 1621 1557 1654 merito
1582 1620 1706 1654 censuit
1725 1622 1788 1655 effe
1814 1623 1933 1656 nullius
1957 1623 2077 1657 frustus

1185 1679 1239 1704 aut
1261 1670 1409 1703 effectus,
1436 1669 1508 1703 Nec
1533 1670 1658 1704 mireris
1681 1671 1716 1704 in
1741 1673 1976 1714 appellantium
2002 1672 2078 1716 Epi-

1187 1721 1357 1762 scoporum
1382 1718 1470 1754 sedes
1491 1719 1585 1766 fuisse
1595 1721 1802 1754 consecratos
1812 1721 1913 1754 alios:
1943 1722 2076 1756 Etenim

1187 1768 1292 1805 lucida
1306 1781 1395 1803 erant
1410 1769 1646 1813 appellantium
1659 1770 1799 1804 crimina
1811 1796 1822 1811 ,
1849 1772 1931 1805 datae
1944 1774 1977 1805 in
1991 1773 2077 1815 ipsos

1186 1820 1412 1855 damnationis
1440 1820 1549 1854 lucida
1575 1830 1643 1853 erat
1664 1819 1811 1862 justitia,
1839 1820 2075 1856 lucidefrivola

1186 1871 1383 1914 appellatio,
1410 1870 1444 1903 &
1464 1869 1603 1903 necdum
1628 1879 1819 1904 emanarant
1841 1895 1851 1911 ‚
1892 1872 1947 1915 qui
1975 1873 2076 1907 talem

1185 1920 1463 1953 consecrationem
1476 1919 1624 1962 suspendi
1635 1921 1811 1963 mandant,
1839 1922 1995 1957 Canones
2008 1923 2078 1957 Sar-

1187 1969 1350 2004 dicenses

1234 2020 1400 2064 Qintum
1426 2019 1599 2054 Nicaenum
1615 2021 1790 2057 Canonem
1805 2022 1917 2057 denu6
1940 2035 2016 2068 uget
2031 2025 2076 2057 D.

1187 2066 1483 2109 Archiepiscopus,
1508 2071 1543 2102 &
1567 2072 1798 2114 prosequitur·
1828 2078 1932 2106 Canon
1955 2075 2004 2107 ille
2014 2084 2079 2106 con-

1181 2116 1286 2158 firmat
1309 2115 1515 2149 auaeoritatem
1537 2117 1672 2158 cujusque
1694 2123 1870 2155 Provinctae
1892 2130 1925 2154 in
1935 2125 2081 2163 judican-

1185 2167 1233 2199 dIs
1246 2165 1517 2207 definitivojudicio
1528 2164 1616 2205 causis
1631 2167 1832 2208 Ecclefiasticir
1844 2194 1855 2210 ,
1877 2182 1945 2211 quae
1958 2174 2002 2203 ad
2013 2175 2080 2205 Cle-

1184 2225 1259 2249 ricos
1282 2223 1333 2248 aut
1368 2219 1471 2247 Laicos
1489 2214 1630 2258 speHant
1651 2241 1662 2256 ,
1703 2219 1737 2251 (9·
1758 2226 1816 2259 per
1840 2217 2076 2261 consequentiam

1184 2268 1264 2299 idem
1278 2267 1335 2306 jus
1354 2264 1496 2304 statuitur
1508 2267 1607 2307 quoad
1615 2267 1818 2301 correctionem
1831 2270 1865 2302 δ’
1876 2271 2076 2311 depositionem

1185 2315 1415 2357 Episcoporum‚
1445 2314 1563 2356 tametsi*
1583 2315 1666 2359 casus
1688 2319 1737 2349 ille
1763 2316 1882 2360 disertis
1905 2321 2006 2353 verbis
2019 2333 2076 2354 non

1185 2366 1291 2405 existat
1310 2371 1341 2396 in
1367 2369 1500 2397 Canone.
1533 2368 1611 2399 sane
1634 2367 1769 2399 dubitari
1795 2379 1852 2401 non
1862 2369 1975 2410 potest,
2002 2378 2075 2414 quin

1185 2415 1231 2448 bic
1247 2420 1379 2448 Canonis
1398 2413 1503 2457 sensus
1518 2414 1582 2456 fit,
1609 2418 1643 2450 (θ’
1656 2429 1691 2449 ea
1703 2429 1807 2458 mens,
1834 2429 1866 2451 ut
1890 2425 1921 2453 in
1942 2423 2074 2464 generali

1185 2466 1239 2499 hac
1260 2468 1321 2508 lege
1341 2464 1624 2506 comprehendantur
1638 2469 1759 2507 judicia
1773 2470 1940 2503 adversum
1952 2470 2073 2514 Episco-

1181 2525 1237 2558 pos
1258 2540 1268 2555 ,
1293 2526 1356 2548 cum
1371 2526 1469 2548 eorum
1481 2522 1658 2550 mentionem
1669 2519 1747 2550 alias
1760 2519 1863 2552 nullibi
1876 2519 1981 2561 faciat
1993 2523 2074 2559 syno-

1186 2569 1241 2599 dus
1265 2570 1411 2599 Nicaena.
1441 2565 1655 2600 Confidenter
1677 2568 1844 2612 loquitur,
1873 2571 2071 2615 suamquefi

1186 2615 1312 2649 duciam
1338 2614 1455 2650 fundat
1484 2615 1517 2648 in
1549 2617 1712 2651 Africanas
1739 2619 1865 2661 Synodi
1893 2620 2011 2654 litteris
2031 2622 2072 2655 ad

1185 2665 1386 2707 Celestinurn
1410 2665 1634 2700 Pontificem:
1665 2671 1791 2702 Decreta
1808 2673 1938 2703 Nicaena
1954 2670 2018 2711 sve
2029 2683 2077 2704 tn
2121 2701 2126 2706 ,

1175 2716 1300 2758 ferioris
1307 2716 1422 2760 gradus
1435 2716 1559 2749 Clericos
1573 2741 1582 2756 ‚
1589 2715 1655 2758 five
1675 2716 1751 2759 ipsos
1765 2718 1923 2761 Episcopos
1931 2718 1997 2762 suis
2008 2724 2071 2754 Me-

1183 2767 1370 2807 tropolitanis
1393 2767 1565 2808 apertissime²
1588 2766 1793 2810 commiserunt
1812 2794 1819 2801 .
1849 2770 2071 2811 Prudentiffime

1182 2828 1280 2855 emm,
1299 2816 1502 2858 justiffimeque
1524 2818 1669 2850 viderunt
1692 2829 1880 2861 quaecumque
1902 2826 2016 2863 negotia
2038 2826 2071 2853 in

1179 2865 1241 2908 suis
1266 2869 1360 2905 locis,
1388 2866 1437 2899 ubi
1460 2875 1525 2899 orta
1533 2865 1629 2909 sunt,
1653 2867 1810 2909 finienda:
1841 2874 1906 2902 Nec
1917 2875 2070 2911 unicquue

1185 2919 1351 2949 Provinciae
1370 2923 1504 2960 gratiam
1528 2917 1773 2959 Sanc‘lispiritus
1788 2918 1977 2959 defuturam.
2009 2920 2070 2953 Re-

1184 2966 1327 3022 spondeo
1349 2966 1476 3001 turbida
1500 2964 1566 3001 haec
1583 2967 1744 3001 Africanae
1765 2969 1891 3009 Synodi
1917 2969 2004 3002 sensa
2027 2970 2070 3003 es·

1184 3025 1212 3051 te
1229 3017 1293 3060 jam
1317 3016 1442 3051 dudum
1457 3017 1629 3060 proscripta
1643 3027 1742 3060 atque
1755 3017 1910 3052 damnata
1922 3018 1963 3051 ab
1975 3020 2068 3053 omni

1186 3066 1342 3106 Ecclesia,
1370 3067 1512 3110 ideoque
1537 3067 1634 3099 nimis
1660 3067 1822 3111 indigna,
1851 3078 1886 3102 ut
1910 3079 2067 3103 vocentur

1184 3120 1214 3150 in
1242 3117 1384 3150 veritatis
1406 3116 1629 3150 testimonium
1664 3141 1671 3149 .
1702 3118 1861 3164 Quisquis
1882 3119 1946 3160 ipsa
1970 3119 2068 3151 advo-

1182 3176 1232 3200 cat
1251 3190 1262 3205 ,
1305 3166 1475 3209 profitetur
1498 3168 1527 3200 se
1548 3165 1566 3199 a
1589 3168 1676 3202 resto
1699 3167 1839 3201 Nicaenae
1865 3167 1990 3209 Synodi
2019 3168 2068 3202 in-

1183 3216 1309 3250 [ellectu
1329 3215 1501 3252 abhorrere
1520 3242 1527 3247 .
1569 3216 1642 3250 Nec
1672 3215 1713 3250 de
1752 3217 1988 3259 Episcoporum
2011 3226 2067 3251 aut

1182 3266 1387 3300 Clericorum
1409 3266 1427 3299 a
1450 3266 1713 3301 Provincialibus
1735 3266 1864 3308 judiciis
1888 3268 1927 3300 ad
1948 3267 2068 3301 Prima-

1182 3317 1290 3350 tialem
1317 3316 1487 3359 Synodum
1510 3341 1520 3357 ,
1560 3316 1611 3350 sed
1632 3315 1672 3350 de
1710 3316 1787 3350 solis
1809 3316 1847 3350 ad
1877 3317 2066 3351 Romanam

1182 3365 1380 3402 Cathedram
1402 3367 1625 3401 transmarinis
1657 3366 2065 3448 provocationibushagit,

1527 3416 1557 3449 C
1582 3427 1601 3448 c
1652 3426 1670 3461 3
1973 3415 2016 3450 as-
