2366 3756
131 1191 205 1238 Cap,
236 1179 255 1245 23
262 1212 289 1237 9·

135 1469 207 1507 C³P=
218 1479 263 1512 ιη.

390 134 448 164 20

320 201 401 243 leges
421 198 457 231 de
468 197 677 240 aetatefeciffe.
706 197 750 233 Et
763 198 798 233 in
810 198 936 235 decima
949 200 1043 243 super
1062 202 1201 236 eander-n

324 248 506 292 Epistolam
539 247 677 281 homilia
697 259 753 292 per
779 250 1054 291 vocesApostoli
1072 274 1083 289 ‚
1130 255 1203 285 Non

324 298 532 340 Neophytum,
557 298 662 332 afferit
682 310 750 332 non
771 299 833 332 esse
858 298 1112 344 intelligendum
1125 302 1202 336 ado·

323 348 494 381 lescentem
506 371 517 387 ‚
544 348 578 382 &
598 348 816 391 prosequitur:
843 349 992 390 Apostolus
1017 351 1064 384 hic
1080 361 1202 385 ‘etatem

323 396 523 440 adolescentia·
539 397 701 440 fignificare
714 397 823 430 noluit.
852 403 940 431 Nam
948 400 1118 443 prffelidfi
1133 404 1201 439 ado·

322 446 488 490 lescentiam
493 445 610 489 signare
621 446 750 489 volur‘ffet
764 470 774 486 ‚
801 447 878 482 nihil
889 450 982 483 dicere
997 450 1197 493 prohibebat,

322 502 394 530 Non
416 495 622 538 adolescentem
635 519 642 526 .
670 501 721 529 Ne
744 496 805 540 ipse
826 500 942 541 quidem
962 501 1026 533 cum
1046 503 1090 534 ad
1106 504 1200 534 Timo-

320 546 419 579 theum
436 544 576 589 scriberet
599 570 610 585 ‚
647 556 768 581 aetatem
798 553 830 581 in
852 547 998 592 Episcopo
1015 550 1199 594 summopere

317 595 525 637 inquirendam
550 601 663 629 monuit
683 621 694 638 ‚
733 599 830 631 Nemo
866 599 1089 643 adolescentiam
1114 611 1199 635 tuam

316 653 499 680 contemnat.
529 646 683 688 Apostoli
699 657 814 689 voces,
840 653 913 682 Non
933 650 1120 693 Neophytum
1145 663 1198 686 eor

315 696 390 729 dem
410 695 513 729 modo
532 696 759 740 interpretatur
781 698 1043 735 Theodoretuss:
1087 701 1196 744 Aposto—

315 746 383 787 lus,
408 753 440 778 ιιι*
459 744 664 786 existimarunt
686 748 840 789 nonnulli,
865 757 997 785 teneram
1009 759 1128 785 aetatem
1138 764 1196 785 non

315 797 462 829 excludit.
490 797 606 829 Beatus
627 802 706 831 enim
726 798 894 832 Timotheus
919 825 931 841 ,
964 803 1009 834 ad
1025 812 1110 844 quem
1133 801 1196 836 han:

311 844 448 889 scripfit,
474 845 572 879 adhuc
590 846 754 891 adolescens
775 851 852 893 leges
860 848 988 893 suscepti*
1002 876 1010 883 .
1037 853 1124 895 ,Quin
1137 851 1195 896 ipse

314 894 440 929 divinus
465 896 628 938 Apostolus,
655 899 720 931 cum
741 900 806 943 effet
831 899 997 944 adolescens
1019 926 1031 942 ‚
1070 912 1193 936 vocatus

313 944 370 985 est.
397 946 440 979 Et
463 947 630 981 laudatum
653 949 828 983 Canonem
849 952 929 992 effe,
959 963 1027 986 non
1045 951 1086 986 ab
1100 953 1191 995 Apo-

312 995 426 1037 stolis,
452 996 505 1030 sed
530 996 548 1029 ἓῑ
569 997 719 1032 Patribus
744 1023 755 1040 ‚
782 998 896 1033 diserte
918 1002 1079 1035 affirmant
1102 1013 1193 1045 quan

312 1055 346 1082 ta
373 1046 540 1082 Toletana
568 1048 741 1091 Synodus,
769 1049 802 1084 δε
828 1050 931 1094 prima
953 1052 1191 1097 Aquisgranen-

311 1098 372 1131 fis.
524 1112 526 1115 ’
834 1100 836 1102 ’
999 1100 1004 1104 ’

359 1149 559 1193 Respondeo
582 1151 757 1186 Canonem
775 1152 836 1187 esse
848 1153 1103 1198 antiquiffimum
1115 1180 1122 1188 .
1150 1155 1190 1188 E-

310 1199 413 1233 tenim
436 1201 469 1233 in
492 1201 576 1235 libro
590 1202 811 1247 Apologetico
823 1205 932 1238 scribit
957 1206 1188 1239 Tertullianus

310 1248 352 1281 de
377 1251 494 1283 nostris
518 1252 686 1296 Episcopis
713 1255 747 1287 ὃς
768 1254 967 1297 Presbyteris
990 1267 997 1286 ε
1026 1254 1189 1297 Praefident

305 1298 427 1339 probati
442 1299 591 1343 seniores.
622 1302 663 1336 Et
685 1304 719 1336 in
732 1304 1011 1347 Praescriptionum
1033 1305 1117 1339 libro
1128 1303 1187 1338 hae-

308 1349 482 1383 reticorum
497 1352 719 1386 ordinationes
740 1354 823 1387 dicit
843 1355 906 1387 effe
917 1356 1121 1393 temerarias,
1145 1355 1190 1387 le-

308 1407 380 1437 veS,
408 1399 649 1438 inconstantes,
677 1402 710 1432 ὃς
730 1400 880 1445 adjungit
903 1413 910 1433 z
937 1405 1028 1433 Nunc
1055 1401 1187 1443 Neophy-

307 1456 351 1480 tos
373 1450 541 1488 conlocant,
568 1460 644 1481 nunc
650 1447 758 1490 saeculo
779 1450 946 1489 obstrfflos,
972 1461 1047 1482 nunc
1069 1451 1187 1490 Aposta-

307 1507 357 1530 tas
368 1496 489 1536 nestros.
518 1498 584 1529 Eos
593 1496 632 1529 de
645 1496 811 1538 juniorum
824 1498 1028 1540 provectione
1049 1509 1117 1532 non
1142 1509 1188 1532 ar·

306 1547 400 1590 guit‚
427 1546 516 1589 quod
539 1546 841 1581 universaliffimum
855 1546 1001 1581 Ecclefiae
1012 1547 1186 1581 Canonem

308 1596 418 1630 nullus
441 1608 481 1630 eo
506 1597 606 1639 usque
628 1597 861 1640 praesumpfiffec
876 1597 1092 1639 praevaricari.
1120 1597 1184 1631 Vel
1206 1607 1210 1634 ;

307 1646 413 1679 solum
437 1671 447 1686 ‚
487 1646 577 1690 quod
609 1645 751 1680 omnino
773 1647 817 1679 est
838 1644 879 1680 ab
901 1645 1071 1689 Apostolis
1092 1647 1187 1682 indu-

308 1698 396 1730 stum
417 1698 451 1730 in
474 1696 635 1730 Ecclefias
648 1721 658 1736 ‚
688 1696 852 1736 Presbyteri
872 1707 993 1732 nomen
1006 1697 1130 1732 evincit
1152 1698 1186 1733 δε

306 1747 343 1779 in
368 1747 626 1790 Episcopis&in
640 1746 838 1790 Presbyteris
848 1747 1030 1790 requisitam
1052 1747 1094 1781 ab
1115 1747 1187 1790 iplis

239 1817 248 1823 -
306 1796 400 1832 fuisse
425 1797 550 1830 virilem
574 1805 717 1830 aetatem.
746 1797 788 1829 Et
812 1796 892 1831 dum
915 1797 1114 1840 Episcopum
1126 1798 1187 1832 Ti-

131 1967 215 2006 Erist-
237 1970 284 2004 61·

135 2017 159 2041 c.
183 2012 226 2044 46.

138 2726 219 2766 Epist.

142 2772 204 2798 118.
215 2777 240 2798 ct
270 2776 293 2798 1.

306 1845 478 1880 motheum
501 1846 621 1880 Paulus
641 1856 736 1882 vocat
746 1846 1004 1888 adolescentem,
1029 1846 1186 1891 intelligit

303 1897 504 1941 juventutem
518 1921 528 1937 ‚
554 1908 623 1941 quae
643 1898 677 1931 &
700 1908 824 1932 annum
833 1897 1035 1941 trigesimum
1046 1899 1187 1941 comple-

303 1948 423 1981 ustitur.
451 1946 540 1981 Nam
562 1948 595 1981 dc
616 1948 721 1982 saneti
737 1948 949 1991 .Hieronymi
961 1947 1092 1982 fratrem
1103 1946 1188 1981 Pau-

305 1997 470 2030 linianum
482 2021 492 2037 ,
519 1998 577 2040 qui
598 1997 734 2042 triginta
752 2007 820 2032 erat
833 2009 996 2032 annorum
1009 2022 1020 2038 ,
1047 1998 1188 2041 Ioannes

308 2046 551 2091 Hierosolyma:
586 2047 766 2092 Episcopus
804 2059 940 2092 puerum
981 2048 1185 2091 appellavit¹.

308 2095 480 2143 Quidquid
501 2097 539 2130 fit
565 2096 606 2138 de
632 2108 785 2142 promoto
811 2110 867 2142 per
893 2096 1100 2141 Prophetiam
1133 2099 1186 2132 seu

307 2146 453 2181 diiiinam
472 2147 707 2182 revelationem
727 2147 913 2181 Timotheo
928 2171 940 2186 ,
964 2156 1128 2191 quotquot
1138 2159 1187 2181 or-

308 2197 461 2230 dinandis
482 2196 712 2231 Sacerdotibus
732 2205 788 2231 aut
803 2195 965 2229 Diacenis
987 2206 1094 2229 annos
1115 2206 1189 2238 prae-

306 2246 414 2291 figunt
433 2246 560 2292 antiqui
582 2247 737 2278 Canones
758 2266 768 2282 ,
804 2243 1002 2277 nullomodo
1023 2244 1186 2277 inducunt

306 2306 429 2329 novam
441 2294 546 2338 legem
558 2317 568 2333 ,
590 2294 641 2327 sed
653 2292 821 2327 dumtaxat
833 2293 963 2325 firmant
974 2291 1093 2325 avitam
1104 2302 1181 2326 con-

307 2344 511 2379 suetudinem
534 2369 540 2375 .
569 2343 730 2376 Omnium
758 2342 993 2386 antiquiffimus
1016 2341 1180 2376 Neocaesa-

308 2395 421 2430 reensis
443 2393 532 2427 aliud
555 2404 623 2427 non
643 2393 755 2427 statuit
770 2417 781 2432 ,
807 2393 904 2436 quam
917 2393 1010 2435 super
1021 2392 1186 2436 trigesimo

309 2444 492 2487 Presbyteri
514 2454 603 2477 anno
624 2442 669 2477 ob
691 2443 793 2476 solam
811 2442 1016 2476 scientiaeaut
1027 2441 1188 2475 vitaeemi-

310 2495 456 2530 nentiam
480 2505 548 2527 non
570 2492 656 2535 poste
676 2492 867 2536 dispensari.
896 2491 1126 2538 Qorumdam
1147 2492 1188 2526 E-

310 2545 515 2588 piscoporum
535 2543 712 2586 compescit
731 2542 872 2576 excessus
894 2541 929 2575 &
960 2541 1189 2584 praevaricatio·

309 2606 384 2631 nes.
409 2593 571 2641 roirca
591 2592 644 2626 hic
664 2591 775 2626 locum
787 2590 925 2626 omnino
937 2590 1189 2626 habetaSancto

312 2644 502 2690 Augustino
525 2644 559 2677 in
585 2643 702 2677 litteris
714 2642 754 2676 ad
768 2642 954 2686 Januarium
966 2641 1030 2674 fixa
1042 2641 1186 2685 Regulaz

311 2696 369 2730 Illa
391 2704 457 2736 quae
478 2704 534 2725 non
550 2690 687 2735 scripta,
711 2690 769 2734 se'a'
778 2693 896 2725 tradita
907 2690 1076 2730 custodimus
1093 2716 1104 2731 ,
1121 2702 1188 2733 quae

312 2745 432 2788 quidem
454 2752 511 2775 toto
533 2751 682 2775 terrarum
701 2741 767 2774 orbe
778 2739 994 2783 observantur,
1021 2741 1189 2773 dantur-in-

315 2794 407 2836 telligi
430 2792 480 2825 vel
500 2791 539 2825 ab
562 2790 629 2833 ipfis
651 2790 788 2833 Apostolis
809 2792 862 2824 vel
878 2791 1028 2833 plenariis
1050 2792 1187 2823 conciliis

315 2844 520 2878 commendata
541 2850 631 2884 atque
646 2841 761 2882 statuta
783 2846 904 2874 retineri
918 2865 926 2873 .
954 2839 1002 2874 At
1024 2838 1101 2874 vero
1123 2839 1189 2874 haec

317 2893 504 2928 universalis
520 2889 689 2935 disciplina
709 2891 755 2924 est
776 2888 1021 2934 omnigenerali
1033 2889 1189 2923 Concilio

318 2941 488 2978 manifeste
498 2940 662 2985 antiquior
673 2952 680 2972 z
691 2949 694 2953 '
707 2940 764 2974 Est
777 2951 856 2984 ergo
868 2939 908 2973 ab
920 2940 993 2982 ipfis
1006 2938 1189 2981 Apostolis.

320 2995 454 3028 Sanetus
475 2993 613 3036 Joannes
631 2990 885 3032 Chrysostomus
897 3000 935 3023 ac
957 2987 1190 3023 Theodoretus

320 3043 488 3077 dumtaxat
504 3040 620 3075 volunt
643 3050 712 3074 non
731 3040 823 3074 fuifl‘e
841 3038 958 3082 scripto
970 3038 1010 3073 ab
1022 3038 1190 3082 Apostolis

320 3093 488 3129 traditam.

372 3142 484 3176 Altera
505 3141 636 3186 quaestio
656 3140 701 3175 est
720 3165 732 3180 ,
756 3139 841 3188 Qis
861 3138 1117 3174 ordinandorum
1138 3140 1206 3180 Sar

322 3193 490 3227 cerdotum
511 3202 548 3225 ac
572 3192 800 3225 Diaconorum
821 3199 945 3224 aetatem
965 3189 1006 3223 ad
1033 3183 1210 3232 praesentisl

321 3242 453 3281 tandem
474 3242 627 3284 temporis
650 3251 799 3274 normam
822 3238 1024 3284 perduxerit?
1050 3239 1192 3282 Respon-

323 3292 387 3337 deo
408 3292 562 3335 praesentis
583 3290 905 3334 SynodiCanonem
925 3288 966 3322 ab
987 3289 1140 3322 omnibus
1162 3300 1191 3322 e-

323 3342 404 3377 tiam
429 3338 545 3374 Galliae
567 3340 716 3375 Ecclefiis
738 3351 807 3374 non
827 3339 934 3375 statim
957 3339 1048 3372 fuine
1082 3338 1193 3373 admiss

326 3391 415 3432 sum.
444 3390 534 3430 Hinc
557 3392 645 3430 enim
661 3391 765 3440 ipsum
789 3390 824 3428 in
844 3386 1048 3437 Melphitana
1059 3388 1194 3432 Synodo

767 118 1226 166 onr-ouls

1249 1900 1342 2097 Q

1231 2863 1243 3312 l

1296 135 1689 168 SECUNDI
1922 149 1929 171 f

1267 201 1437 237 innovavit
1447 203 1606 239 Urbanus
1618 203 1792 237 secundus.
1821 203 1921 253 Quid
1936 216 2004 242 nen
2029 200 2149 244 solumi

1266 253 1368 287 mod&
1391 254 1562 288 adversum
1588 255 1690 292 Italos
1710 278 1720 294 ‚
1757 252 1813 287 scd
1841 257 1940 290 etiam
1973 255 2144 292 adversum

1265 304 1408 337 Francos
1431 305 1621 345 innovarit,
1647 304 1735 338 lucet
1752 315 1792 337 ex
1815 305 1979 347 Stephano
2002 307 2143 351 eJusdem

1266 353 1369 387 saeculi
1395 353 1686 398 Augustodunenli
1710 355 1872 398 Episcopo
1887 378 1899 394 ‚
1922 357 2036 400 quiin
2057 358 2144 393 libro

1264 404 1305 439 de
1326 405 1537 438 Sacramento
1563 404 1686 439 Altaris
1717 402 1813 438 docet
1850 404 2003 449 vigesimo
2035 409 2143 452 primo

1262 502 1403 545 eiusdem
1424 504 1526 538 saeculi
1549 505 1675 539 Dostor
1693 506 1827 539 Sanstus
1846 504 2025 540 Bernardus
2048 507 2153 552 supra·

1263 553 1358 587 nobis
1378 554 1463 588 dixit
1485 554 1615 588 nullum
1635 565 1711 598 ante
1731 554 1919 598 vigeslmum
1941 556 2093 599 quintum
2106 558 2142 592 iu

1263 604 1475 645 Diaconum,
1501 614 1557 639 aut
1579 613 1656 642 ante
1676 604 1877 649 trigesimum
1909 616 2033 639 annum
2055 607 2143 650 posse

1260 655 1296 688 in
1328 654 1557 698 Presbyterum
1578 655 1781 696 consecrari,
1809 656 1866 688 nisi
1890 654 1987 690 fuerit
1998 655 2142 699 ejusdem

1260 715 1335 738 cum
1358 705 1474 739 Sansto
1496 703 1660 739 Malachia
1671 705 1864 739 sanctitatis.
1891 704 2019 740 Lucide
2029 704 2142 741 laudat

1259 755 1405 788 nostrum
1430 755 1603 789 Canonem
1617 778 1628 795 ,
1653 755 1710 799 qui
1733 755 1811 789 &in
1823 754 2015 789 ordinandis
2026 756 2141 799 exqui-

1258 805 1300 838 rit
1319 805 1412 839 istam
1435 815 1581 846 aetatem,
1608 806 1643 840 δε
1661 805 1707 840 ob
1727 806 1869 850 infignia
1888 804 2063 839 ordinandi
2076 817 2144 840 me-

1258 855 1317 889 rita
1339 854 1489 899 indulget
1513 855 1676 899 praeveniri
1693 880 1701 888 .
1729 856 1806 889 Hac
1835 854 1936 899 igitur
1958 855 1992 888 in
2013 866 2048 889 re
2073 867 2140 890 non

1256 905 1503 943 concordabant
1518 906 1687 945 Ecclefiae,
1713 905 1747 940 &
1761 905 1900 949 antiqua
1911 905 2081 948 disciplina
2097 905 2141 938 vi-

1255 955 1392 990 debatur
1410 956 1493 1000 aegre
1519 954 1694 999 reparanda
1715 981 1723 988 .
1757 956 1848 990 Hinc
1872 957 1906 989 in
1933 955 2141 990 Lateranenfi

1255 1005 1395 1048 Synodo
1421 1005 1612 1041 Alexander
1647 1006 1761 1040 tertius
1787 1006 1890 1039 emisit
1927 1005 2106 1040 Canonem
2126 1030 2139 1046 ,

1255 1055 1363 1098 quoad
1388 1057 1491 1090 sacros
1512 1056 1658 1092 Ordines.
1677 1056 1713 1090 ὅ(
1725 1054 1944 1091 Ecclefiastica
1956 1055 2140 1090 ministeria

1252 1104 1355 1139 edixit
1378 1107 1495 1149 requiri
1529 1107 1750 1140 matur-itatem
1770 1106 1872 1141 aetatis
1893 1131 1904 1147 ‚
1944 1106 2139 1149 gravitatem

1252 1166 1401 1197 morum,
1427 1157 1460 1190 ὅτ.
1481 1156 1660 1190 litterarum
1684 1157 1852 1190 scientiam
1871 1179 1882 1195 ,
1919 1156 2061 1196 ideoque
2083 1166 2138 1189 ne-

1253 1207 1397 1246 rninem,
1424 1206 1481 1249 qui
1505 1206 1704 1251 trigesimum
1726 1206 1866 1240 necdum
1879 1205 2069 1248 complesset
2079 1215 2136 1238 an-

1252 1267 1353 1297 num,
1380 1257 1413 1291 in
1427 1256 1627 1300 Episcopum
1640 1256 1738 1300 eligi;
1765 1257 1892 1292 nullum
1915 1257 1971 1299 qui
1996 1254 2139 1289 necdum

1250 1307 1405 1351 attigisset
1427 1307 1619 1350 vigesimum
1640 1308 1793 1351 quintum
1817 1306 1957 1349 permisit
1981 1304 2014 1338 in
2034 1305 2139 1338 Deca-

1251 1352 1353 1395 num'·‚
1381 1355 1689 1396 Archidiaconum‚
1715 1366 1772 1390 aut
1794 1354 2022 1390 parochialem
2049 1354 2137 1388 Pres-

1251 1403 1399 1446 byterum
1413 1405 1619 1445 promoveri,
1644 1402 1853 1444 &adjunxiti
1884 1406 1960 1435 cum
1969 1414 2068 1437 autem
2091 1401 2140 1445 as·

1245 1452 1382 1494 sumptus
1395 1451 1492 1492 fuerit
1504 1476 1514 1491 ‚
1533 1451 1564 1492 si
1574 1450 1803 1485 Archidiaconus
1815 1457 1848 1485 in
1872 1454 2033 1485 Diaconum
2042 1476 2053 1492 ‚
2082 1454 2139 1485 De-
2152 1459 2225 1498 Cap,
2234 1467 2266 1495 3.

1249 1505 1316 1533 cani
1327 1501 1361 1534 ὢ·
1372 1499 1481 1541 reliqui
1491 1501 1639 1531 admoniti
1653 1510 1709 1530 non
1714 1500 1836 1540 fuerint
1851 1501 1980 1541 praefixo
1999 1503 2020 1532 ἃ
2041 1503 2138 1534 Cano-

1249 1549 1336 1582 nibus
1362 1557 1490 1590 tempore
1509 1554 1543 1582 in
1570 1547 1755 1585 Presbyteros
1773 1550 1906 1581 ordinati
1927 1572 1938 1588 ,
1963 1549 2003 1581 ab
2026 1550 2074 1581 illo
2095 1560 2138 1582 re-

1248 1607 1424 1632 moveamur
1447 1598 1549 1640 offici'o.
1581 1598 1728 1644 Qaestio
1748 1599 1792 1632 est
1806 1623 1816 1639 ,
1843 1599 1914 1646 Qi
1937 1598 2090 1632 Canones
2116 1599 2137 1634 ὲ

1249 1649 1416 1683 Pontifice
1441 1648 1694 1693 intelligantur,
1720 1649 1839 1682 &sunt
1850 1649 1940 1682 variae
1950 1649 2134 1683 sententiae.

1250 1699 1316 1733 Res
1339 1708 1449 1733 tamen
1473 1697 1556 1731 mihi
1578 1697 1706 1732 videtur
1728 1698 1824 1741 plana
1838 1722 1846 1730 .
1875 1697 2038 1734 Existimo
2048 1697 2135 1733 Pon-

1248 1749 1369 1783 tificem
1390 1750 1544 1793 respicere
1565 1748 1606 1782 ad
1635 1747 1933 1784 claromontanum
1947 1748 2081 1783 Urbani
2090 1750 2134 1783 (e-

1247 1799 1348 1834 cundi
1371 1798 1569 1839 Canonem,
1595 1809 1692 1841 quem
1716 1799 1750 1831 in
1774 1798 1878 1832 hocce
1898 1798 2133 1841 compendium

1247 1849 1372 1892 redegit
1387 1848 1577 1882 Lambertus
1590 1848 1812 1882 Atrebatenlis
1824 1847 2005 1891 Episcopus
2019 1861 2027 1885 ;
2052 1850 2134 1882 Nul-

1249 1900 1297 1933 lus
1341 1907 1371 1932 at
1393 1901 1528 1932 Decanus
1548 1904 1581 1932 in
1601 1897 1728 1939 Eccleſsa
1749 1923 1761 1939 ,
1787 1897 1843 1937 m‘fi
1865 1897 2016 1936 Presbyter
2030 1922 2041 1938 ‚
2067 1900 2133 1932 nul-

1251 1949 1299 1983 lus
1326 1948 1555 1982 archidiaconus
1584 1947 1640 1990 nisi
1657 1952 1779 1982 Levita.
1807 1946 1873 1981 Sub
1897 1959 1975 1982 voce
1993 1972 2004 1988 ,
2040 1950 2132 1982 Deca-

1251 2010 1328 2039 nus,
1355 1997 1676 2042 comprehenduntur
1696 1997 1812 2041 quaevis
1832 2008 1942 2032 curata
1953 1996 2128 2032 beneficia.

1286 2048 1351 2083 uod
1373 2043 1550 2083 Decretum
1574 2047 1737 2082 Paschalis
1757 2047 1939 2089 secundus,
1973 2045 2132 2082 Innocen-

1249 2100 1315 2132 tius
1336 2098 1496 2133 secundus
1517 2123 1528 2139 ‚
1555 2098 1707 2132 Calixtus
1732 2096 1888 2132 secundus
1911 2122 1921 2137 ‚
1960 2097 2130 2141 Eugenius

1251 2148 1365 2181 tertius
1379 2172 1390 2186 ‚
1416 2149 1451 2183 &
1471 2148 1563 2181 variae
1585 2147 1831 2182 Provinciarum
1849 2146 1975 2191 Synodi
1985 2148 2133 2192 frequen·

1250 2205 1299 2229 ter
1308 2196 1545 2231 confirmarunt
1561 2219 1570 2227 .
1597 2197 1816 2231 simoniacam
1842 2207 2015 2240 puerorum
2036 2197 2139 2231 haere-.

1248 2245 1306 2277 lim
1334 2245 1446 2277 conati
1472 2246 1549 2277 sunt
1584 2255 1639 2287 per
1662 2245 1766 2287 ipsum
1784 2245 1918 2288 penitus
1950 2243 2132 2280 eradicare.

1250 2292 1326 2327 Sed.
1339 2292 1468 2335 plenam
1490 2291 1718 2325 executionem
1732 2294 1928 2327 inveteratus
1947 2293 2063 2327 abusus
2073 2295 2135 2328 im-

1252 2341 1395 2386 pedivit.
1422 2341 1517 2375 Hinc
1540 2340 1644 2383 ipsum
1659 2340 1845 2374 moderatus
1862 2342 1906 2374 est
1940 2341 2132 2377 Alexander

1250 2391 1378 2427 tertius:
1405 2390 1552 2428 Permisit
1575 2388 1730 2424 beneficia
1752 2390 1808 2424 illa
1825 2390 1894 2433 post
1908 2392 2072 2434 expletum
2085 2394 2132 2426 vi-

1249 2442 1407 2488 gefimum
1429 2450 1578 2482 quartum
1603 2440 1703 2474 aetatis
1723 2451 1848 2474 annum
1860 2441 2015 2483 acceptari
2028 2441 2045 2475 a
2060 2446 2131 2476 nec-

1249 2492 1330 2525 dum
1349 2490 1507 2525 ordinatis
1530 2513 1540 2530 ,
1577 2501 1615 2525 ea
1634 2500 1744 2524 tamen
1766 2492 1838 2535 lege
1861 2500 1898 2524 ut
1919 2491 2049 2533 praefixo
2075 2503 2143 2534 per-

1249 2542 1363 2575 Sacros
1389 2541 1542 2575 Canones
1566 2549 1712 2584 tempore
1732 2539 1878 2574 debitum
1899 2540 1957 2575 suo
1967 2539 2130 2575 beneficio

1249 2589 1605 2636 ordinem-acciperent
1626 2602 1636 2633 ;
1674 2589 1743 2633 post
1765 2590 1955 2635 vigesimum
1975 2590 2130 2634 quintum

1250 2641 1284 2674 in
1297 2641 1470 2675 Diaconos
1482 2663 1493 2679 ‚
1519 2639 1588 2683 post
1611 2640 1777 2683 expletum
1796 2640 1994 2684 trigesimum
2004 2650 2130 2676 annum

1249 2690 1357 2725 statim
1379 2690 1414 2724 in
1433 2689 1638 2732 Presbyteros
1658 2691 1919 2724 consecrarentur
1940 2714 1946 2722 .
1975 2690 2054 2726 Hoc
2079 2691 2128 2725 est

1248 2741 1338 2775 enirn
1348 2749 1473 2783 tempus
1494 2751 1547 2783 per
1558 2741 1669 2774 Sacros
1679 2750 1758 2774 tunc
1771 2741 1870 2783 usque
1884 2741 2138 2774 Canonesconr

1248 2790 1368 2824 stanter
1387 2790 1552 2834 praefixum
1574 2814 1581 2823 .
1619 2790 1731 2837 Qare
1751 2791 1939 2833 praesentem
1958 2790 2130 2833 nostrum,

1249 2840 1283 2874 δε
1302 2838 1384 2874 alios
1407 2838 1449 2874 de
1468 2838 1528 2873 hac
1553 2849 1645 2873 aetate
1668 2840 1867 2883 antiquiores
1887 2839 2039 2877 Canones
2050 2840 2136 2874 Alo-¹

1249 2888 1371 2923 xander
1395 2889 1600 2927 confirmavit
1619 2914 1626 2923 .
1654 2889 1781 2924 Verum
1805 2890 1839 2924 ὅ(
1865 2888 1929 2924 hoc
1950 2890 2128 2925 Decretum

1250 2939 1382 2983 pertulit
1407 2940 1701 2983 praevaricationes.
1730 2940 1841 2986 Quare
1861 2939 1896 2973 in
1915 2939 2126 2983 Lugdunenfi

1250 2988 1405 3023 Concilio
1430 2989 1544 3023 statuit
1565 2988 1744 3034 Gregorius
1762 2989 1928 3029 decimus,
1954 2998 1992 3023 ut
2015 2989 2128 3023 omnis

1251 3038 1373 3072 habens
1393 3048 1541 3073 curatum
1562 3038 1758 3073 beneficium
1782 3040 1867 3074 intra
1889 3049 2010 3073 annum
2027 3063 2040 3080 ,
2065 3038 2126 3073 nifi

1242 3085 1333 3126 {illud
1344 3088 1442 3123 vellet
1452 3088 1599 3132 perdere,
1626 3090 1714 3123 sacro
1727 3088 1967 3132 Presbyteratus
1983 3086 2126 3128 ordine,

1244 3134 1349 3181 {atque
1367 3138 1413 3172 ita
1436 3139 1530 3182 plena
1542 3139 1643 3173 officii
1655 3139 1702 3172 sui
1715 3136 2126 3184 capacitateinlignitetur.

1252 3187 1333 3222 Non
1344 3187 1464 3222 differri
1474 3188 1514 3222 ad
1525 3198 1648 3222 annum
1659 3212 1670 3229 ‚
1695 3189 1749 3223 sed
1761 3189 1844 3224 ultra
1856 3200 1923 3223 non
1933 3186 2054 3221 differri
2064 3186 2130 3230 jus-

1254 3239 1311 3279 fit,
1335 3237 1488 3282 atqueita
1516 3237 1646 3272 indulsit
1667 3238 1832 3283 completo
1853 3237 2006 3281 vigesimo
2034 3247 2130 3280 quar·

1254 3298 1290 3322 to
1310 3289 1410 3322 aetatis
1433 3298 1522 3321 anno
1541 3288 1645 3332 accipi
1671 3287 1949 3332 Presbyteratum.
1986 3286 2127 3322 Varium

1258 3389 1396 3423 formam
1413 3387 1504 3426 dedit
1523 3388 1728 3426 sacrosancta
1739 3386 1894 3433 synodus
1901 3385 2122 3471 Tridtfftina„

2025 3444 2080 3478 20³.

1263 454 1362 487 aetatis
1384 465 1474 488 auno
1484 454 1572 497 posse
1583 455 1772 488 Diaconum
1784 456 1962 488 consecrari
1975 480 1982 487 .
2006 456 2057 492 ³At
2068 455 2146 492 ver&
2160 442 2230 480 0²9·
2244 451 2287 472 η’

2148 1877 2219 1915 Cap.
2238 1885 2255 1914 3
2262 1894 2272 1906 ·
