2366 3756
387 83 496 139 '346

707 77 745 121 S.
785 74 1110 122 GReGoRn
1147 91 1384 122 sepum
1418 78 1789 125 P0Nrrrrcrs
1920 88 1938 106 ⁸

315 165 387 198 ‘non
398 161 598 206 Iustinianus
612 182 624 198 ‚
649 156 853 201 Apostolicae
862 158 952 192 Sedis
969 159 1116 194 Decretis
1131 183 1141 200 ,
1167 160 1203 194 <Sc
1264 159 1330 194 haec
1341 158 1456 193 verba:
1482 163 1656 194 Dirextmus
1662 170 1719 202 pro
1740 162 1836 203 nostra
1854 162 2048 207 sollicitudine
2068 168 2142 202 San.

316 211 547 250 Ecclefiasticis
559 207 755 242 Canonibus
769 208 835 242 vim
863 208 945 253 legis
967 208 1089 252 primus
1108 209 1202 244 dede-

317 264 377 299 rit.
407 261 449 293 Et
462 257 593 302 quidem
619 258 821 301 Justinianus
844 258 925 293 dolo
937 259 1045 294 malo:
1074 259 1141 295 Uti
1156 259 1198 294 vi-

317 313 474 358 gefimum
484 311 658 351 octavum,
684 306 725 342 de
749 320 816 353 quo
837 307 892 343 hic
903 310 1056 355 agimus,
1080 310 1100 344 a
1123 310 1202 344 San-

317 364 369 395 ἃο
382 361 495 395 Leone
513 359 777 397 circumductum
801 359 976 395 Canonem
999 360 1177 395 vivificaret
1192 385 1200 393 .

316 408 439 445 Voluit
454 411 581 455 ipsum,
605 411 711 445 finon
726 418 762 444 ut
773 410 947 445 Canonern
961 436 972 452 ,
997 409 1086 446 certe
1108 411 1201 446 utle·

314 471 394 506 gem
416 462 525 496 vivere
561 472 598 495 ac
621 460 730 506 vigere
753 485 761 494 .
800 460 946 495 Breviter
971 473 1010 496 ac
1035 459 1200 505 eleganter

315 511 383 546 hoc
412 520 505 546 notat
532 510 567 545 in
595 510 760 546 Breviario
787 509 958 546 Liberatus
992 510 1166 548 Diaconos
1193 523 1201 543 :

318 565 401 596 Licet
418 563 507 596 Sedes
520 561 676 604 Apostoltca
687 572 764 594 nunc
784 559 875 604 usque
893 563 1098 601 contradicat,
1122 563 1204 605 quod

317 614 339 646 ἃ
361 614 468 651 synodo
475 611 628 654 firmatum
647 610 685 651 esi
697 616 893 654 Imperatoris
915 617 1202 654 patrocinioperma·

318 672 370 696 net
381 662 594 706 quodammodo
606 687 613 694 .
641 661 698 696 Ad
709 661 851 696 nostram
865 663 1049 707 praesentem
1061 674 1128 697 rem
1140 672 1201 695 no-

316 714 417 747 tanda
429 713 504 746 sunt
517 711 582 747 haec
594 711 708 747 verba:
734 714 815 747 sicut
827 724 880 745 nos
893 719 985 755 capiti
996 718 1028 746 tn
1046 711 1131 746 bonis
1145 712 1200 745 ad-

310 765 437 805 jecimus
449 760 670 806 consonantiam
682 787 689 794 .
717 763 761 797 Et
787 763 949 808 superiora
972 762 1015 797 de
1029 762 1123 797 Fidei
1136 763 1202 797 De-

314 823 409 847 creto
435 825 474 847 ac
486 811 665 858 degradato
677 812 861 848 Dioscoro:
888 818 961 846 Haec
971 811 1044 855 fiant
1071 825 1139 856 qua
1161 822 1203 848 te-

315 875 381 897 cum
391 863 556 904 effecimus.
582 863 738 898 Afferunt
759 861 825 897 haec
847 863 918 897 duo
938 874 1008 898 non
1032 873 1087 907 per
1098 864 1203 907 Syno-

313 913 417 953 dum,
445 913 500 948 sed
520 925 575 958 per
591 914 746 948 Sanctum
765 912 966 948 Pontificem
985 914 1072 954 ‚faeta
1087 938 1099 955 ‚
1123 914 1156 948 &
1182 913 1202 948 a

312 965 381 998 sese
393 964 567 1004 dumtaxat
578 962 811 1007 comprobata,
837 962 977 1009 ideoque
988 965 1130 999 referunt
1154 964 1203 999 so-

311 1013 491 1048 lummodo
512 1038 525 1055 ‚
560 1025 620 1048 nec
649 1014 814 1058 postulant
840 1015 1026 1050 confirmari
1050 1040 1057 1047 .
1095 1013 1201 1062 Qod

310 1064 409 1097 suum
420 1064 610 1108 suffragium
633 1063 721 1108 Papa
733 1076 802 1100 non
818 1065 913 1108 poffit
925 1075 1105 1101 recantare.
1136 1063 1200 1100 Ve-

310 1114 386 1148 rum
407 1114 563 1148 Canones
582 1115 649 1149 fine
672 1114 788 1159 Papali
807 1115 964 1150 sententia
986 1123 1176 1150 emanarant
1189 1139 1200 1155 ‚

309 1163 454 1209 ideoque
465 1163 850 1209 hancsupplerirogant‚
876 1165 967 1199 &ita
978 1164 1056 1198 istos
1082 1164 1200 1198 confir-

309 1215 395 1248 mari
421 1240 427 1246 .
458 1214 582 1248 Eadem
604 1214 646 1248 de
670 1214 766 1249 causa
802 1214 981 1256 Imperator
1001 1212 1200 1255 Justinianus

309 1263 419 1298 nullas
431 1263 490 1298 fibi
503 1265 584 1298 fecit
593 1262 764 1307 cogitandi
773 1263 887 1303 ferias,
913 1264 1084 1307 quousque
1105 1263 1200 1306 quin·

308 1318 380 1348 'tam
404 1313 577 1356 Synodum
600 1311 749 1356 Vigilius
769 1312 1007 1347 confirmasset.
1035 1313 1200 1348 Definive-

308 1370 359 1397 rat
368 1363 460 1398 enim
470 1361 555 1396 dista
566 1361 720 1404 Synodus
732 1362 811 1396 citra
822 1361 978 1406 Papalem
990 1362 1199 1403 relationem,

307 1413 374 1447 fine
388 1411 574 1457 Apostolici
585 1412 730 1457 suffragii
743 1412 955 1457 praerogativa
967 1437 981 1454 ,
1006 1411 1078 1448 imo
1088 1412 1198 1448 adver-

304 1463 363 1497 sus
388 1462 544 1506 Papalem
568 1462 609 1497 de
637 1461 726 1497 hisce
749 1461 874 1506 juribus
899 1462 1169 1507 protestationem
1185 1486 1194 1495 .

307 1512 405 1548 Hinc
419 1513 529 1548 etiarn
551 1511 925 1556 Constantinopolitana
946 1513 1099 1556 Synodus
1109 1511 1198 1556 Apo-

306 1564 426 1598 ·stolica
448 1562 699 1597 confirmatione
720 1563 812 1606 eguit
831 1585 843 1601 ‚
868 1560 1029 1606 &ipsam
1055 1561 1198 1595 omnino

305 1613 504 1658 postulavit.
534 1612 645 1656 Etiam
656 1612 726 1655 ejus
739 1611 852 1646 relatio
875 1612 931 1645 sua
954 1611 997 1645 ad
1019 1610 1195 1645 Nicaenum

305 1664 497 1705 symbolum
506 1662 731 1697 additamenta
744 1671 883 1695 conatur
894 1660 1121 1694 demonstrare
1143 1672 1197 1694 ne-

306 1714 438 1755 celiaria
455 1737 467 1752 ,
494 1711 618 1754 reliqua
639 1712 694 1745 fua
717 1710 857 1744 Decreta
886 1709 1004 1745 multis
1028 1710 1198 1744 rationum

306 1763 473 1797 coloribus
494 1770 633 1796 exornat
659 1785 670 1801 ,
693 1761 726 1794 &
746 1759 939 1794 concludit:
967 1758 1085 1803 ,Quibus
1109 1758 1196 1792 rebus

305 1823 463 1856 tamquam
472 1813 620 1856 legitime,
647 1809 849 1853 &secundum
860 1808 994 1851 Eccleſsae
1010 1813 1148 1843 Canones
1178 1809 1198 1841 ἃ

306 1864 391 1899 nobis
401 1863 562 1904 constitutis
574 1887 589 1903 ‚
611 1860 792 1904 obsecramus
804 1859 933 1901 vestram
959 1864 1171 1894 Reverentiam
1183 1883 1192 1898 ,

306 1915 591 1959 utcongratuletur,
614 1911 771 1955 spirituali
789 1910 936 1945 charitate
959 1921 1011 1943 nos
1025 1912 1129 1943 mutuo
1149 1909 1199 1941 de-

307 1970 458 1999 vinciente
470 1988 482 2005 ,
508 1965 656 1998 &timore
668 1965 780 1996 Divino
801 1973 916 1994 omnem
937 1959 1103 1992 humanam
1127 1954 1200 1995 affe-

306 2016 433 2050 ettonem
456 2018 637 2056 reprimente
661 2035 672 2050 ‚
698 2009 948 2051 Ecclefiarumque
972 2006 1200 2048 «edificationem

306 2073 405 2100 amori
418 2065 465 2097 illt
489 2062 767 2101 &benevolentiae‚
793 2071 856 2101 qua
865 2056 1105 2099 fingulifingulos
1127 2065 1199 2088 com·

304 2115 502 2159 pleffluntur,
526 2113 610 2153 longe
622 2116 838 2149 anteponente.
867 2106 961 2149 ,Quod
975 2103 1146 2147 fidoc‘lrina
1164 2104 1201 2147 fi-

1264 211 1322 243 llos
1339 209 1460 251 fratres
1497 211 1530 243 (⁴2¹
1555 209 1778 253 consacerdotes
1798 213 1905 253 nostros
1927 220 2085 252 Arcadium
2109 219 2143 252 (u

1265 260 1430 302 Pnjecqum
1455 285 1466 302 ‚
1491 261 1526 294 (⁸5
1553 260 1730 303 Philippum
1756 260 1962 302 Presbyterum
1981 289 1993 306 ,
2015 274 2078 311 ,qut
2103 274 2143 301 iis

1264 322 1332 353 quae
1344 320 1473 354 aguntur
1483 309 1615 352 intersint
1625 335 1637 353 ‚
1663 314 1698 346 (a
1707 323 1775 354 quae
1792 313 1813 345 ἃ
1825 313 1907 346 nobis
1918 318 2010 349 antee}
2026 318 2141 356 statuta

1258 359 1330 403 sunt
1365 359 1566 404 exsequantur
1589 388 1595 394 .
1639 362 1758 406 ,Quibus
1774 363 1979 405 praestandum
2000 367 2020 398 ἃ
2040 367 2139 408 vestra

1262 411 1429 445 sanaritate
1440 422 1500 445 non
1511 411 1680 446 dubitamus
1692 411 1831 456 offensum
1841 438 1854 454 ,
1881 417 2000 457 quando
2021 416 2058 449 td
2062 419 2142 458 quod

1261 465 1357 505 agitur
1378 461 1519 495 videatur
1545 470 1603 504 pro
1625 462 1806 507 universalis
1831 464 1965 506 Ecclefiae
1980 463 2137 508 ‚securitate

1251 512 1411 545 decretum
1425 536 1433 544 .
1458 511 1591 560 Qibus
1604 513 1711 548 verbis
1721 514 1847 558 Synodi
1859 515 1998 550 Decreta
2014 517 2048 551 δε
2058 514 2143 551 Asta

1262 561 1370 596 lucide
1382 564 1557 598 confirmat
1568 589 1576 596 .
1603 565 1648 598 Et
1660 563 1739 599 hinc
1750 562 1792 599 ad
1812 565 1907 600 lestas
1919 566 2043 601 litteras
2064 577 2144 600 una-

1262 612 1346 646 nimi
1357 623 1438 647 voce
1453 613 1607 657 Synodus
1617 614 1808 649 acclamavit
1822 629 1833 648 .-
1859 616 2037 658 Hocjustum
2056 618 2142 658 judi-

1260 667 1337 695 cium
1349 687 1356 694 .
1383 667 1472 697 Novo
1486 664 1580 697 Paulo
1591 665 1745 706 Caelestino
1756 689 1767 706 ,
1792 665 1946 706 caelefltno
1954 677 2019 700 cum
2030 668 2139 705 synodo

1260 713 1389 746 concordi
1403 738 1415 755 ,
1443 713 1596 754 caelesttno
1619 714 1758 759 universa
1768 717 1896 753 synodus
1921 723 1985 761 agit
1999 721 2140 763 gratias.

1263 763 1366 811 Qod
1379 763 1497 808 nempe
1513 765 1641 809 Synodi
1661 766 1821 810 judicium
1838 766 2056 802 confirmasset
2067 790 2079 807 ,
2105 767 2141 800 ὅ(

1260 813 1349 848 illius
1369 812 1503 859 legasset
1527 817 1744 851 exsecutores.
1770 816 1865 851 Hinc
1886 816 1968 851 item
1980 815 2142 851 Theodo-

1261 873 1312 898 tus
1325 864 1466 908 Ancyrae
1476 865 1656 910 Episcopus
1680 878 1719 901 ac
1730 866 1841 911 primae
1862 867 1997 901 Galatiae
2017 867 2141 900 Metro—

1261 914 1364 958 polita
1390 915 1461 958 post
1487 915 1577 951 varia
1602 917 1648 952 est
1669 916 1711 951 ad
1730 918 1872 963 Legatos
1905 916 2140 951 interlocutus:

1252 967 1285 1009 J
1288 964 1382 1005 ustam
1402 966 1452 1008 effe
1470 964 1587 1008 sanllae
1607 969 1712 1007 synodi
1728 966 1909 1012 sententiam
1930 966 2141 1008 demonstravit

1259 1013 1461 1058 universorum
1475 1019 1550 1049 Deus
1568 1024 1625 1057 per
1634 1019 1755 1051 litteras
1777 1016 1924 1057 Caelestint
1945 1016 2142 1055 reverendiffi-

1259 1069 1301 1098 mi
1314 1063 1454 1107 Episcopi
1465 1064 1521 1108 buc
1532 1066 1649 1101 allatas
1659 1091 1672 1107 ‚
1697 1069 1732 1101 (9⁸
1753 1067 1859 1107 vestrae
1882 1070 2011 1100 Pietatis
2028 1068 2143 1100 adven-

1258 1123 1323 1146 tum
1349 1138 1358 1146 .
1398 1112 1533 1160 Qibus
1558 1114 1662 1149 verbis
1683 1117 1755 1159 quis
1781 1129 1853 1151 non
1889 1115 1997 1151 videat
2017 1115 2144 1152 laudari

1260 1161 1489 1204 Apostolicam
1511 1163 1800 1200 confirmationem
1821 1169 1835 1202 ?
1868 1166 1913 1201 Et
1936 1168 2017 1210 quin
2039 1166 2142 1210 ipsam

1258 1212 1375 1246 relatio
1399 1212 1613 1255 postulaverit
1635 1237 1648 1254 ‚
1673 1224 1742 1248 non
1763 1213 1810 1247 est
1825 1215 1916 1257 quod
1935 1215 2140 1251 dubitemus.

1258 1261 1333 1297 Peti
1361 1261 1505 1297 omnino
1525 1261 1641 1298 debuit
1653 1287 1661 1296 .
1689 1263 1824 1298 Etenim
1842 1262 1966 1299 licetad
1979 1265 2145 1308 Apostoli-

1258 1323 1336 1347 cum
1364 1311 1560 1348 mandatum
1579 1338 1590 1355 ,
1616 1314 1874 1357 propofitionem
1894 1338 1907 1355 ,
1930 1326 1970 1349 ac
1998 1313 2143 1360 suffragii

1258 1363 1503 1408 praerogativam
1527 1362 1682 1406 Synodus
1701 1364 1815 1408 egisset
1834 1363 1947 1399 omnia
1967 1389 1978 1406 ‚
2004 1365 2145 1408 Ioannes

1258 1423 1369 1448 tamen
1380 1410 1577 1447 Antiochiae
1599 1413 1788 1449 Patriarcha
1807 1425 1884 1449 cum
1895 1416 1955 1449 suae
1965 1415 2146 1450 Dioeeelios

1258 1463 1293 1497 δε
1306 1463 1459 1499 ἲεᾶὶοηίε
1470 1462 1643 1507 Episcopis
1664 1464 1884 1508 potentissime
1906 1465 2122 1500 intercesserat
2133 1489 2146 1505 ‚

1257 1514 1376 1548 fecerat
1432 1514 1564 1547 causam
1600 1514 1665 1548 effe
1700 1513 1837 1549 dubiam
1883 1525 1921 1549 ac
1957 1515 2148 1556 difficilem,

1259 1562 1401 1607 ideoque
1409 1574 1481 1597 non
1505 1563 1707 1599 referendam
1719 1563 1957 1606 solummodo,
1983 1565 2039 1600 sed
2059 1565 2147 1599 insu-

1256 1623 1313 1695 dpet·
1349 1611 1392 1647 ab
1428 1612 1625 1656 Apostolica
1660 1615 1919 1650 confirmatione
1952 1614 2145 1658 suspenden-

1279 1671 1353 1696 am.

1284 1710 1457 1744 <Alteram
1471 1710 1683 1746 Relationem
1703 1713 1781 1746 fecit
1807 1711 1876 1746 haec
1892 1713 2048 1754 Synodus
2069 1712 2144 1755 post

1257 1758 1444 1796 restitutum
1456 1758 1474 1793 a
1488 1759 1587 1794 novis
1595 1757 1662 1801 jam
1674 1757 1956 1804 laudatis-Legatis
1967 1760 2145 1803 Cyrillum«,

1257 1809 1292 1843 &
1309 1808 1421 1842 datam
1439 1808 1637 1844 sententiam
1658 1808 1696 1842 in
1719 1808 1897 1843 fastionem
1923 1822 1962 1844 ac
1973 1812 2152 1854 personam>

1257 1858 1432 1893 memorati
1452 1854 1650 1894 Patriarchae
1670 1856 1896 1894 Antiocheni.
1926 1860 1982 1895 De
2005 1860 2068 1895 hac
2090 1873 2146 1896 ex-

1258 1908 1398 1950 pressum
1410 1909 1606 1945 mandatum
1631 1917 1690 1944 aut
1710 1910 1902 1953 susti-agium
1918 1921 1988 1945 non
2011 1910 2146 1946 dederat

1256 1955 1416 1998 Pontifex
1432 1981 1444 1998 ,
1485 1959 1541 1994 sed
1569 1957 1698 1993 viderur
1722 1959 1927 2002 Legazorum
1966 1961 2147 2003 prudentiae

1258 2007 1428 2049 permififfe
1452 2031 1466 2048 ‚
1491 2009 1635 2052 ideoque
1649 2007 1752 2042 ¹habet
1772 2008 1928 2051 Relatio:
1943 2011 2144 2054 ..Indignttate
2157 2028 2167 2034 -

1256 2059 1419 2090 reimertto
1439 2062 1598 2098 commoti,
1624 2055 1764 2099 eiusmodi
1785 2064 1818 2091 tn
1829 2059 1986 2100 Joannem
2011 2061 2046 2094 ὁ·
2067 2062 2143 2094 altos

1254 2103 1438 2149 sententiam
1459 2106 1595 2150 legitime
1610 2105 1749 2147 μήτιγε
1771 2105 2025 2150 deliberavimus,
2049 2108 2144 2152 cujufi

309 2166 358 2198 det
372 2169 404 2196 in
413 2162 491 2196 hunc
500 2161 622 2192 modum
632 2164 775 2192 communi
784 2153 922 2200 consensu
937 2154 1071 2197 stabilita
1079 2155 1119 2197 fit
1130 2179 1143 2196 ‚
1169 2156 1204 2190 ὁ·
1258 2154 1409 2199 modttpse
1417 2157 1531 2190 tulerat
1550 2157 1704 2199 illegitime
1725 2163 1830 2189 contra
1840 2167 1909 2198 eos,
1935 2164 1988 2200 qut
2009 2159 2046 2191 de
2067 2161 2146 2193 nullo

309 2213 443 2250 charitas
458 2215 484 2244 C
486 2210 632 2251 hristiana
642 2214 676 2243 in
687 2207 769 2241 nobis
784 2207 960 2250 confirmata
974 2231 985 2248 ,
1007 2204 1125 2249 posthac
1151 2206 1201 2238 de-

306 2264 437 2309 finemus
465 2263 560 2296 dicere
585 2273 592 2293 :

310 2315 414 2358 Apollo
441 2338 446 2345 .
483 2312 573 2358 Qis
594 2310 759 2344 inficietur
781 2319 836 2351 per
863 2306 972 2341 lucida
997 2305 1080 2341 adeo
1102 2305 1199 2340 verba

311 2362 703 2411 postulariDecretorum
725 2358 1037 2393 confirmationem?
1065 2357 1201 2391 Etrom-

1258 2211 1381 2241 crimine
1391 2207 1579 2241 condemnat}
1583 2205 1714 2247 fuerant
1722 2230 1730 2238 .
1758 2207 1865 2240 Verum
1877 2209 1934 2250 quc)
1958 2209 2041 2242 illius
2057 2218 2148 2243 teme-

631 2261 696 2303 Ego
722 2259 842 2301 quidem
866 2258 958 2290 Pauli
981 2282 991 2301 2
1026 2268 1076 2302 ego
1102 2265 1202 2289 autem
1260 2263 1380 2291 ritatem
1389 2259 1616 2302 longanimitate
1627 2260 1831 2296 vinceremus,
1857 2257 1976 2299 etiamsi
1991 2260 2080 2292 ulam
2091 2261 2147 2300 Ju-

1257 2308 1372 2350 stifflme
1389 2309 1576 2351 legitimeque
1591 2305 1728 2350 subjiffitt
1747 2332 1760 2350 ‚
1798 2310 1930 2341 Pietatis
1955 2317 2015 2342 tuae
2028 2310 2147 2350 judicto

1263 2358 1313 2392 boc
1336 2356 1557 2400 reservavimus
1583 2383 1591 2391 .
1618 2360 1744 2391 Interim
1765 2357 1830 2391 illos
1849 2363 2148 2393 excommunicatione

315 2414 399 2450 nino
419 2412 590 2458 oportebat
609 2437 617 2445 .
655 2409 793 2445 Etenim
828 2408 930 2442 etiam
958 2406 1024 2441 haec
1049 2406 1201 2450 Synodus
1258 2407 1448 2453 subjicientes
1463 2433 1475 2449 ,
1501 2413 1636 2451 omnique
1646 2407 1825 2441 sacerdotali
1833 2408 1976 2450 potestate
1984 2418 2147 2451 exuentes,

315 2466 479 2501 laboravit
489 2463 549 2499 illo
561 2460 776 2497 Ariminenfis
788 2458 915 2502 synodi
937 2457 1043 2499 vitio,
1070 2457 1112 2491 de
1136 2467 1201 2506 quo

316 2518 352 2550 in
366 2515 484 2550 litteris
494 2514 536 2548 ad
547 2511 742 2555 Illyricianae
755 2509 913 2545 Dioecelis
938 2508 1119 2552 Epist-opos
1136 2507 1203 2541 Ro-

318 2578 417 2600 mana
427 2565 534 2600 Sancti
556 2561 689 2597 Damafi
712 2560 886 2605 Synodus:
913 2562 1043 2592 Romans
1065 2555 1204 2600 Episcopi

316 2619 470 2660 sententia
481 2622 546 2648 erat
557 2622 626 2656 prae
638 2619 757 2647 caeteris
778 2608 980 2653 exspeelanda
997 2635 1004 2641 .

374 2666 507 2699 Eisdem
518 2663 663 2707 vestigiis
674 2660 857 2696 ambulavit
867 2657 1027 2703 Ephefina
1040 2657 1205 2703 Synodus.

322 2718 410 2751 Tres
421 2714 462 2750 ad
474 2713 684 2751 Caelestinum
695 2711 895 2746 Pontificem
905 2709 984 2744 fecit
1007 2710 1186 2744 relationes
1196 2733 1205 2739 .

324 2767 472 2801 Primam
485 2765 557 2809 post
571 2765 748 2798 formatum
767 2761 843 2795 fidei
867 2760 1068 2801 Decretum,
1094 2758 1208 2803 degra-

326 2818 443 2852 datum
466 2814 680 2851 Nestorium,
703 2824 742 2847 ac
765 2811 902 2854 Ioannis
923 2808 1116 2844 Patriarchae
1138 2811 1210 2843 An·

327 2864 480 2901 tiocheni
505 2865 540 2896 in
560 2862 625 2895 haec
648 2862 730 2895 Asta
752 2860 879 2895 turbas.
915 2859 1020 2894 Periit
1048 2868 1105 2893 aut
1131 2858 1210 2893 latet

328 2915 399 2951 haec
412 2913 550 2954 relatio,
574 2912 678 2954 ipsam
689 2920 801 2945 tamen
820 2908 932 2942 laudat
953 2910 989 2943 in
1009 2907 1211 2944 exstantibus

328 2967 404 3011 post
426 2962 599 3008 synodum
623 2960 741 2994 litteris
759 2959 801 2995 ad
824 2960 960 2994 Clerum
992 2960 1028 2993 δε
1052 2957 1211 3002 populum

326 3009 745 3055 *Constantinopolitanum
796 3009 946 3044 laudatus
986 3008 1176 3043 Caelestinus
1204 3021 1211 3042 :

335 3071 404 3101 Nec
426 3077 478 3097 nos
496 3061 640 3106 gestarum
658 3071 756 3094 rerum
777 3065 891 3102 putetis
918 3065 1062 3104 ignaros,
1086 3069 1213 3102 quarum

334 3115 423 3151 nobis
441 3113 573 3147 ordinem
587 3110 702 3151 fratris
724 3110 812 3151 nostri
835 3111 937 3150 cyrille
958 3111 1061 3143 relatio
1094 3108 1213 3152 patefe-

339 3171 402 3199 cit.
441 3161 525 3207 Agit
544 3160 587 3195 de
610 3160 747 3194 laudatae
770 3159 1014 3204 degradationis
1035 3159 1214 3194 relatione.

340 3216 388 3250 Et
409 3214 513 3247 exstat
535 3209 601 3253 ejus
620 3209 662 3244 ad
684 3210 784 3251 ipsam
804 3210 1031 3254 Rescriptum,
1058 3209 1216 3244 transmis-

340 3266 414 3298 sum
433 3274 512 3296 curn
533 3260 628 3295 novis
651 3258 783 3303 Legatis
802 3284 814 3299 ,
840 3259 985 3294 Arcadio
1010 3261 1043 3293 &
1068 3260 1216 3303 projecto

342 3312 534 3360 Episcopis,
559 3321 597 3346 ac
618 3306 775 3357 Philippo
796 3308 991 3353 Presbytero
1015 3335 1025 3352 ,
1051 3309 1215 3354 habetque

1265 2465 1312 2492 ita
1329 2466 1363 2493 ut
1382 2460 1496 2492 nullum
1514 2457 1577 2502 ficis
1596 2456 1758 2500 sententiis
1769 2458 1879 2492 laedere
1887 2467 2018 2501 queant.
2044 2457 2147 2506 Qod

1268 2509 1401 2553 plenum
1421 2508 1614 2543 mandatum
1636 2519 1706 2542 non
1726 2506 1885 2548 haberet,
1909 2509 2052 2554 ideoque
2073 2519 2145 2544 non

1264 2560 1324 2593 nili
1347 2557 1405 2592 sub
1424 2560 1538 2592 futuro
1561 2558 1733 2594 Pontificis
1755 2557 1961 2602 beneplacito
1983 2560 2146 2603 Joannem

1265 2607 1441 2653 degradare
1461 2608 1564 2651 poffet
1598 2607 1778 2650 Synodus,
1804 2618 1872 2640 rem
1885 2617 2010 2642 tantam
2029 2606 2078 2641 illi
2098 2618 2147 2642 re-

1266 2660 1388 2694 servare
1407 2658 1527 2693 maluit
1544 2682 1558 2698 ‚
1582 2657 1680 2701 quam
1701 2655 1720 2690 a
1741 2654 2000 2691 confirmationis
2018 2655 2147 2692 incerto

1268 2708 1410 2752 pendere
1422 2715 1439 2740 .·
1456 2708 1619 2752 Ioannem
1636 2706 1807 2742 dumtaxat
1823 2706 2153 2742 excommunicavi&

1268 2758 1317 2794 At
1327 2757 1405 2793 vero
1416 2756 1457 2792 de
1469 2757 1601 2801 Iuliano
1626 2758 1660 2792 δε
1682 2756 1773 2795 aliis,
1800 2757 1858 2797 qui
1882 2755 1901 2790 a
1922 2756 2088 2792 Caelestini
2108 2756 2146 2791 in

1269 2811 1302 2844 se
1323 2807 1448 2853 judicio
1468 2807 1705 2853 appellaverant
1723 2829 1734 2847 ‚
1762 2805 1948 2850 Pelagianis
1973 2806 2151 2851 Episcopis

1270 2858 1370 2904 longe
1380 2858 1471 2894 aliter
1482 2857 1591 2893 scribit
1603 2855 1752 2893 Relatio:
1779 2857 1860 2899 ‚Qua
1870 2857 1891 2888 ἃ
1903 2865 1958 2890 tua
1969 2859 2086 2891 Pietate
2106 2858 2147 2890 de

1269 2906 1336 2952 ipsis
1347 2910 1467 2943 decreta
1488 2904 1782 2949 &constnutasunt,
1800 2906 2008 2945 judicavimus
2035 2908 2070 2941 (9¹
2090 2915 2144 2939 nos
2198 2911 2202 2913 ⁴

1269 2971 1306 2994 ea
1313 2958 1410 3003 solida
1427 2961 1575 3004 firmaque
1578 2967 1753 3000 permanere
1774 2955 1894 2990 debere.
1922 2959 1968 2988 Et
1984 2957 2066 2990 idem
2087 2967 2148 2989 onn-

1272 3021 1324 3044 nes
1345 3018 1440 3043 tecum
1459 3009 1616 3051 statuimus
1638 3032 1650 3048 ‚
1685 3017 1731 3040 eos
1749 3002 1957 3050 prosdepolt‘tts
1981 3005 2142 3040 habentes.

1272 3058 1374 3108 Qod
1394 3060 1485 3103 juxta
1505 3057 1734 3102 Apostolicum
1766 3056 1955 3102 suffragium
1977 3056 2148 3100 judicasset

1273 3108 1428 3154 Synodus
1446 3134 1461 3151 ,
1484 3107 1693 3144 solummodo
1711 3105 1821 3142 retulit
1837 3130 1849 3147 ,
1876 3117 1946 3140 non
1970 3106 2148 3149 postulavit:

1274 3161 1479 3195 firmitatem.
1503 3158 1558 3192 Ex
1578 3157 1773 3192 omnienim
1792 3165 1881 3201 parte
1904 3156 2034 3191 firmum
2053 3156 2155 3191 fuisso-

1274 3210 1401 3245 videtur
1422 3208 1602 3244 istiusmodi
1623 3207 1802 3251 judicium.

1324 3260 1443 3294 Tertia
1463 3257 1557 3301 hujus
1579 3257 1708 3301 Synodi
1730 3256 1866 3291 Relatio
1889 3255 1954 3290 fuit
1980 3255 2021 3290 de
2045 3256 2153 3292 eleste-

1274 3312 1310 3345 &
1322 3311 1508 3346 consecrato
1518 3307 1728 3354 in—degradatl
1743 3305 1886 3342 Nestorii
1904 3304 2020 3342 Sedem
2042 3305 2151 3340 Maxi-

1251 3350 1272 3444 ι
1972 3355 2100 3400 miano,
