2366 3756
76 802 148 840 Cap.
167 810 220 831 ιι.

88 1754 149 1787 Lib.
172 1767 200 1786 ι.

84 1797 136 1834 Ep·
149 1806 195 1833 3²·

5 1988 11 1993 “
72 1993 243 2036 »mea

95 2601 160 2632 Isib.
183 2612 229 2632 η.

95 2650 158 2680 cap.
176 2651 230 2682 ²3·-

910 170 1405 215 Dxczrirtxm

252 257 452 290 iti-manorum
470 253 492 285 a!
500 252 616 296 sanclis
630 254 767 287 concitus
779 260 894 296 recepta
917 253 954 285 ό·
962 249 1130 293 approbata

252 308 376 345 recipere
401 304 437 336 ό·
454 301 539 346 sequi
563 303 687 347 discrete
705 327 716 342 ‚
738 311 830 345 prout
847 300 923 345 sunt
951 299 1107 344 sequenda
1119 325 1130 341 ‚

250 354 426 395 depromens
435 376 443 383 -
471 353 550 388 Hoc
558 354 603 388 est
617 379 628 395 ‚
653 355 671 388 ὲ
682 355 714 388 se
734 353 832 395 recipi
843 352 958 386 omnia
969 353 988 385 ὲ
999 362 1131 395 genera-

251 403 337 437 lium
359 403 572 445 synodorum
594 402 784 439 Canonibus
807 401 920 436 hausta
938 427 944 433 .
972 403 1065 435 Hinc
1088 411 1130 434 et-

251 452 320 487 iam
340 451 490 497 Ansegifi
513 454 708 488 Senonensis
729 452 953 496 Metropolitas
966 451 1132 495 Apostoli-

251 514 308 538 cas
318 512 373 546 per
384 502 526 537 Galliam
539 515 577 537 ac
587 503 798 538 Germaniam
811 503 895 536 vices
907 502 1133 546 Pontigonen-

252 552 293 587 fis
301 553 458 597 synodus
481 553 623 596 recipere
634 553 740 592 noluit
753 577 763 592 ‚
790 552 848 586 nifi
861 553 919 587 sub
931 552 993 587 hac
1006 553 1111 586 forma
1124 563 1131 582 z

252 604 416 636 secundum
433 600 534 644 sacros
557 607 693 637 Canones
704 627 715 643 ‚
740 604 775 636 (τ
788 606 913 639 Decreta
932 604 1016 636 Sedis
1027 606 1134 635 Roma-

254 663 304 686 nae
315 651 493 694 Pontificum
515 664 553 685 ex
564 653 669 695 eisdem
676 652 772 695 sacris
783 653 958 686 Canonibus
968 654 1134 696 promulga-

1177 364 1180 368 ·
1194 353 1275 393 quod
1285 361 1386 384 contra
1411 362 1501 383 novos
1513 352 1636 394 excessus
1650 364 1708 385 non
1718 354 1806 385 liceat
1816 364 1898 386 nova
1907 354 2079 397 promulga-

1911 170 2001 228 185

1241 251 1284 286 Et
1294 251 1334 286 ad
1347 252 1530 296 Hugonem
1542 248 1689 286 primate
1697 249 1954 298 Lugdunensem
1964 251 2075 287 scribit

1194 300 1326 335 Sanctus
1350 302 1409 335 lvo
1431 302 1641 335 Carnutenfis
1667 302 1849 346 Episcopus
1873 317 1884 336 .·
1911 306 1984 336 Non
2010 304 2076 338 dico
2103 331 2112 336 .

1193 412 1227 434 re
1252 403 1401 435 mandata
1414 425 1425 441 ,
1446 397 1504 443 sed
1515 399 1566 432 boc
1576 403 1638 434 dico
1653 403 1735 443 quod
1743 404 1816 435 dicit
1832 405 1922 445 Papa
1933 405 2080 436 zozimus

1195 450 1434 493 Narbonensibus
1457 462 1466 492 3
1492 459 1594 482 contra
1628 452 1750 483 statuta
1779 455 1907 486 Patrum
1929 454 2081 486 concedere

1196 502 1314 542 aliquid
1332 503 1384 535 vel
1406 506 1564 533 immutare
1587 509 1638 532 nec
1647 498 1739 540 huJ‘us
1765 503 1883 541 quidem
1895 501 2080 545 sedrspotest

1195 551 1373 584 aut‘loritat.
1403 551 1493 592 Apud
1511 560 1563 581 nos
1574 555 1653 582 enim
1677 548 1850 589 inconvulsis
1870 552 2020 586 radicibus
2033 557 2083 587 vl·

1195 607 1244 635 vit
1265 606 1432 644 antiquitas
1458 624 1469 640 ‚
1500 605 1545 633 cui
1569 602 1695 633 Patrum
1708 603 1835 634 Decreta
1853 598 1981 644 sanxere
2000 613 2084 636 reve·

1194 656 1334 684 rentiam.
1360 649 1549 690 Adversum
1562 660 1668 683 novos
1679 651 1821 684 excessus
1832 651 1970 685 affirmat
1988 652 2005 685 a
2016 651 2084 689 Ro-

194 704 197 709 ⁴
253 711 288 735 ta
302 727 307 733 .
328 702 373 736 Et
385 701 580 737 Adelbertus
590 703 830 738 Morlnenfium
842 703 977 738 Electus
993 704 1051 737 suo
1063 703 1134 735 Me-
1197 698 1296 735 mano
1308 700 1473 735 Pontifice
1484 699 1585 734 condi
1602 699 1690 743 posse
1705 711 1772 733 non
1785 711 1891 736 novos
1905 701 2063 736 Canones
2073 722 2085 743 ²

255 753 418 796 tropolitae
431 755 564 794 praefato
575 753 761 788 Hincmaro
781 753 859 787 fecit
872 753 957 788 hanc
968 751 1132 797 profeffio-

1198 751 1252 785 sed
1282 762 1369 786 nova
1390 749 1562 785 dumtaxat
1584 747 1758 789 mandata,
1782 748 1896 785 hausta
1918 751 2030 794 utique
2040 762 2083 787 ex

254 813 352 836 nemi
381 800 508 845 Asacris
520 804 719 843 Canonibus‚
745 804 983 848 &Regularibus
998 806 1150 837 Decretts=
1199 802 1342 845 antiquis
1369 799 1566 835 Canonibus
1589 824 1601 841 ,
1628 799 1747 843 quibus
1780 811 1842 834 nec
1869 801 1962 843 ipsius
1989 801 2083 842 Sedis

252 852 418 895 Apostoluae
441 852 526 884 sedis
550 864 598 886 me
608 865 666 888 non
687 857 880 889 deviaturum
887 854 1045 897 profiteor.
1073 852 1138 885 Ex-

252 903 318 937 ssat
337 901 423 945 apud
436 901 597 944 Iacobum
620 902 830 939 sirmondum
851 904 884 937 in
899 903 1048 938 formulis
1061 902 1136 945 Epi-

254 952 435 996 scopalium
448 954 697 994 promotionum
714 979 721 986 .
740 953 844 987 Porro
856 954 1034 998 Regularia
1048 952 1140 995 Apo·

254 1002 377 1037 stolicae
396 1001 488 1036 Sedis
496 1001 636 1037 Decreta
661 1005 736 1038 sunt
749 1003 890 1037 Decreta
913 1003 1024 1037 hausta
1037 1014 1077 1037 ex
1088 1012 1137 1046 ge-

255 1051 421 1088 neralibus
442 1051 589 1087 Eccleliae
610 1053 770 1099 Regulis.
797 1052 1029 1087 Consonat·in
1056 1053 1139 1086 litte-

253 1104 300 1137 ris
325 1103 367 1138 ad
387 1102 570 1148 Seguinum
595 1103 821 1139 Senonensem
845 1102 1140 1146 Archiepiscopum

253 1152 435 1187 Gerbertus
454 1178 466 1195 ‚
493 1153 550 1197 qui
573 1153 683 1198 postea
707 1155 773 1189 fuit
799 1153 959 1196 Sylvester
983 1152 1142 1187 secundus

253 1201 414 1238 Pontifex
427 1227 438 1243 ,
465 1202 686 1248 Metropolita
710 1204 879 1239 Remenfis
901 1215 910 1235 τ
936 1205 983 1236 Sit
1003 1204 1053 1236 Iex
1070 1214 1140 1235 com-

254 1260 352 1287 munis
373 1253 509 1294 Ecclefiae
527 1254 693 1287 eatbolaae
705 1278 717 1294 ‚
743 1255 947 1298 Evangeltum
958 1277 971 1294 ,
998 1252 1120 1295 Apostoli
1132 1276 1143 1292 ,

256 1303 438 1345 Prophetae‚
466 1306 605 1336 Canoner
624 1305 737 1345 spiritu
756 1303 1141 1344 Detconstitutt,&tot1·us

256 1354 363 1386 mundz-
386 1359 558 1386 reverentia
568 1352 748 1396 consecrati,
772 1355 943 1388 &Decreta
966 1354 1052 1386 sedis
1073 1357 1142 1394 Apo·

248 1401 359 1443 stolicae
379 1401 419 1435 ab
431 1402 479 1436 his
505 1414 565 1436 non
587 1402 791 1446 discordantia
804 1428 811 1435 .
842 1403 951 1438 Unde
974 1403 1054 1437 &in
1079 1403 1141 1436 alia

256 1452 408 1497 Epistola
419 1475 430 1492 ,
454 1452 496 1487 de
509 1451 716 1496 Apostolicis
726 1453 834 1487 Santsti
845 1453 1007 1496 Dionyfii
1021 1453 1144 1487 Mona.

258 1501 360 1538 sterio
385 1501 473 1536 datis
499 1503 679 1547 privilegiis
712 1502 896 1544 disceptans
922 1526 933 1542 ,
959 1503 1143 1536 constanter

255 1552 417 1596 profeflus
436 1551 481 1585 est
493 1552 511 1586 ὲ
521 1552 554 1586 se
572 1563 642 1586 non
655 1552 754 1596 recipi
773 1552 989 1586 Ecclefiarum
1000 1559 1055 1584 aut
1068 1549 1145 1583 Mo-

256 1602 474 1635 „asterici-um
497 1602 668 1645 privilegia
687 1626 700 1642 ‚
726 1602 785 1636 nifi
810 1601 1014 1643 promulgata
1038 1598 1151 1633 aucto:

255 1650 353 1685 ritate
371 1648 554 1684 &nonum
564 1673 577 1690 ,
602 1652 655 1683 seu
669 1661 741 1693 quae
761 1660 804 1683 ex
814 1648 1023 1693 generalibus
1035 1646 1145 1681 Eccle-

255 1700 308 1735 fiae
318 1698 515 1734 Canonibus
525 1699 586 1734 fint
599 1697 711 1734 hausta
725 1724 736 1740 ‚
763 1711 801 1733 ac
812 1699 884 1743 ipfis
896 1710 966 1734 non
980 1698 1146 1733 adversen-

262 1760 318 1784 tur
341 1773 348 1781 .
373 1749 487 1785 Etiam
509 1750 550 1785 ad
573 1750 739 1784 undecimi
764 1749 867 1782 saeculi
887 1760 1014 1784 annum
1037 1747 1147 1792 vigesi-

260 1810 355 1835 mum
377 1799 533 1844 quintum
555 1799 719 1835 celebrata
739 1798 894 1835 Ansenfis
916 1799 1072 1843 synodus
1092 1809 1148 1841 per

258 1849 445 1886 Odilonem
472 1849 637 1885 Abbatem
658 1848 812 1894 producta
826 1849 1052 1886 cluniacenfis
1071 1847 1148 1883 Μο-

260 1899 394 1935 nasterii
416 1900 587 1946 privilegia
600 1901 803 1944 exsufflavit,
830 1905 911 1947 quod
921 1905 1081 1939 canonici:
1091 1909 1148 1935 non

254 1951 352 1997 solum
371 1962 430 1984 non
450 1953 661 1986 concordarent
675 1977 686 1994 ,
709 1950 768 1998 sed
780 1958 872 1987 etlam
894 1949 1150 1996 contrairentsen-

258 2006 387 2037 tentiis.
410 2001 589 2037 Decretum
609 2000 628 2036 ὲ
648 2002 902 2039 Matisconenfis
923 2004 1073 2039 Ecclefiae
1081 2002 1151 2036 Ta-

260 2051 391 2087 bulario
411 2049 568 2096 produxit
579 2077 591 2095 ‚
616 2064 655 2087 ac
666 2053 731 2088 suis
746 2052 788 2088 de
800 2054 979 2090 Sacerdotii
1001 2055 1035 2089 δε
1048 2053 1150 2096 Impe-

261 2102 305 2137 rii
326 2101 504 2137 concordia
523 2101 614 2138 libris
633 2103 766 2138 inseruit
780 2105 951 2145 Dominus
971 2103 1087 2136 Petrus
1110 2102 1150 2134 de

261 2153 380 2187 Marca
402 2175 410 2183 .
438 2152 545 2199 Quod
571 2153 674 2195 ipsum
701 2152 812 2194 postea
839 2152 955 2186 docuit
980 2150 1152 2184 Gervafius

262 2200 435 2236 Remenfis
453 2198 731 2244 Archiepiscopus
743 2224 754 2240 ,
779 2200 814 2234 ἃ.
829 2199 885 2234 alii
905 2200 1013 2243 plures
1025 2224 1032 2232 .
1061 2199 1150 2233 Nam

264 2248 446 2284 &laudato
469 2250 578 2284 Sansti
591 2250 748 2294 Dionysii
768 2249 999 2290 Monasterio,
1027 2248 1151 2284 Gorbe-
1198 2244 1200 2256 ‘'

264 2298 343 2342 jeufi
364 2321 377 2338 ,
402 2299 436 2332 δε
455 2299 601 2343 pluribus
625 2300 698 2335 aliis
720 2299 923 2335 Landerieus
947 2297 1151 2339 Parifieufis,

267 2347 466 2383 Bertefridus
488 2346 743 2390 Ambianenfis‚
765 2360 805 2383 ac
830 2349 968 2384 aliarum
995 2348 1153 2383 Ecclesia-

267 2410 342 2433 rum
353 2398 507 2442 Episcopi
519 2409 589 2433 non
608 2399 885 2444 qualemcumque
894 2400 979 2435 olim
992 2398 1150 2433 dederunt

267 2448 450 2483 libertatem
462 2473 473 2488 ,
499 2448 552 2482 sed
564 2448 739 2484 secundum
751 2451 910 2486 Canones
930 2450 964 2484 δι
976 2449 1151 2492 Synodum

268 2498 437 2534 Bonifacii
457 2498 613 2533 Primatis
636 2497 908 2544 Carthaginenfis
929 2525 936 2532 .
965 2499 1077 2533 Etiam
1095 2500 1152 2533 Fa-

267 2547 396 2582 cundus
413 2546 658 2583 Hermianenfis
669 2549 847 2594 Episcopus
875 2547 985 2584 scribit
996 2549 1036 2583 ad
1051 2549 1154 2592 Impe·

267 2606 408 2632 retorem
429 2596 670 2639 Justinianum:
697 2603 806 2632 Novos
829 2598 996 2640 constituere
1013 2603 1152 2632 canones

269 2659 328 2682 non
340 2646 503 2689 ntfimultis
524 2649 559 2682 (τ
569 2653 706 2681 irranum
723 2656 910 2694 congregans
918 2654 1012 2692 primi
1027 2650 1153 2683 Ordinis

270 2696 470 2731 Sacerdotibus
480 2699 565 2731 licet.
593 2698 637 2732 Et
648 2698 683 2731 in
699 2699 746 2732 sui
764 2700 1033 2734 Nonio-canonis
1046 2700 1155 2742 praefa·

271 2748 366 2782 tione
375 2744 517 2781 Photius
530 2747 944 2792 Constantinopolitanus:
971 2753 1045 2782 Non
1056 2754 1154 2792 ignoro

271 2801 398 2842 Magnos
417 2796 484 2830 illos
506 2803 613 2840 viros,
640 2797 786 2841 Bafilium
811 2801 846 2834 ἐν
866 2803 1038 2844 Gregorium
1059 2800 1154 2843 Nyffe-

271 2859 346 2883 num
357 2871 368 2886 ,
393 2851 426 2879 in
436 2857 472 2880 ea
481 2846 532 2889 ⁶]st
535 2845 683 2888 sententia
696 2874 707 2890 ‚
723 2859 757 2882 ut
768 2848 934 2890 affirment
947 2854 1082 2883 canones
1094 2853 1155 2882 Ec·

271 2894 433 2939 cleli‘asttcos
451 2907 499 2930 eos
518 2896 571 2939 esse
595 2898 732 2934 dicendos
754 2901 790 2935 &²
803 2899 952 2934 habendos
965 2924 976 2939 ,
1001 2911 1072 2942 quos
1094 2911 1153 2933 non

272 2949 359 2982 modo
377 2945 505 2990 J‘eorsum
525 2948 716 2989 &privatim
743 2950 855 2994 aliquis
869 2975 880 2992 ‚
902 2949 958 2994 [ἑά
962 2951 1065 2992 plures
1079 2951 1153 2984 San-

272 2998 314 3030 c‘lt'
325 3000 434 3030 Patres
457 3002 490 3030 in
501 3008 594 3030 unum
618 3005 847 3042 convenientes,
873 3001 912 3035 de
930 3010 1074 3034 commum
1087 2999 1154 3043 sen-

273 3052 372 3080 tentia
384 3070 395 3086 ,
419 3056 484 3079 cum
503 3055 643 3080 accurata
653 3059 689 3081 ac
696 3047 822 3092 solltcna
837 3048 1040 3093 perquist‘tione
1060 3051 1155 3084 decre·

271 3098 395 3140 viffent.
426 3096 469 3130 Et
482 3096 517 3130 in
542 3097 613 3139 ipso
627 3097 902 3136 Nomo-eanone:
928 3102 1021 3144 Quod
1039 3112 1096 3134 non
1117 3100 1156 3132 ab

272 3158 331 3181 uno
343 3144 487 3189 Episcopo
499 3172 509 3186 ,
530 3144 586 3189 sed
595 3148 617 3178 ἆ
636 3155 778 3182 communi
792 3149 1003 3194 Epifhoporum
1013 3159 1085 3184 coetu
1097 3154 1156 3182 Ca-

272 3208 363 3231 nones
381 3196 603 3241 promulgentur
630 3221 641 3237 ,
668 3197 771 3239 Bafilit
792 3205 897 3233 Canon
917 3199 1155 3245 quadragefimus

269 3245 417 3290 septimus
427 3253 507 3279 circa
517 3246 609 3289 finem
620 3269 631 3285 ‚
655 3250 786 3293 Gregorii
796 3253 914 3294 Nyffen}
929 3256 1035 3285 Canon
1047 3249 1154 3295 sextus

272 3302 353 3332 circa
364 3298 493 3329 medium
504 3322 514 3338 ,
527 3303 626 3339 utique
636 3298 754 3331 docent.
783 3300 890 3335 Sansti
905 3302 973 3336 Bas:
979 3302 1015 3335 lii
1025 3313 1063 3336 ac
1074 3301 1153 3336 alio-

273 3356 347 3381 rum
366 3346 500 3380 Patrum
511 3348 664 3382 Canones
686 3348 822 3383 affirmat
832 3362 902 3385 non
913 3352 977 3386 effi:
989 3363 1080 3386 veros
1093 3350 1154 3384 Ca-

274 3406 380 3431 nones
404 3420 416 3437 ,
442 3397 495 3431 sed
519 3396 692 3432 dumtaxat
720 3398 969 3443 Metropolitica
1004 3413 1047 3439 ex
1073 3401 1153 3437 veris

275 3445 471 3483 Canonibus
484 3445 671 3491 deprompta
687 3448 854 3492 Responsa
868 3474 876 3484 .

377 3494 483 3536 Christ.
498 3501 575 3540 Lupi
589 3502 677 3540 Oper-
689 3500 768 3533 Tom.
783 3503 816 3534 V.

1201 851 1400 894 Apostolioae
1421 851 1592 885 auctoritas
1615 850 1709 893 poffit
1730 849 1903 895 derogare.
1930 849 2084 884 Pluribus

1202 901 1431 936 Romanorum
1454 900 1658 935 Pontificum
1682 899 1881 935 testimoniis
1907 898 1940 934 id
1966 901 2085 934 confir·

1201 962 1268 985 mat
1280 976 1287 983 .
1316 952 1361 986 Et
1384 950 1425 986 de
1436 951 1584 985 Nicaenis
1598 949 1818 991 canonibus,
1843 960 1984 994 quorum
1997 951 2086 984 sexto

1203 1013 1254 1045 pet
1279 1002 1372 1035 suum
1386 1002 1576 1045 vigesimum
1588 1002 1741 1036 ostavum
1752 1000 1926 1046 derogarat
1949 999 2088 1035 Chalce÷

1201 1051 1352 1086 donenfis
1371 1051 1547 1094 Synodus,
1575 1051 1615 1085 ad
1629 1050 1828 1086 Anatolium
1851 1050 2090 1085 Constantino·

1205 1101 1390 1146 politanum
1410 1101 1611 1144 Episcopum
1635 1102 1746 1140 scribit
1768 1101 1902 1136 Sanetus
1924 1101 1996 1135 Leo
2018 1099 2093 1135 Ma·

1206 1162 1314 1196 gnus:
1342 1154 1437 1186 Tanto
1457 1152 1611 1184 divinitus
1625 1153 1786 1195 privilegio
1806 1156 1937 1186 Nicaena
1960 1151 2091 1190 synodus
2108 1132 2170 1213 ἓξὲξ
2195 1146 2223 1202 2:

1206 1200 1242 1242 <ff
1261 1200 1451 1245 consecrata,
1477 1210 1511 1237 ut
1527 1200 1594 1243 five
1610 1208 1669 1243 per
1674 1206 1855 1243 pauciores,
1873 1200 1938 1243 five
1952 1210 2008 1244 per
2029 1204 2096 1243 plu-

1206 1264 1254 1286 res
1274 1249 1468 1293 Ecclefiffliea
1486 1251 1606 1292 judicia
1628 1251 1812 1285 celebrentur
1835 1275 1847 1291 ,
1872 1256 1952 1284 omni
1973 1256 2096 1293 penitus

1207 1302 1384 1335 auum-tate
1397 1301 1437 1343 fit
1459 1312 1612 1342 vacuum,
1636 1302 1789 1344 quidquid
1809 1301 1850 1334 ab
1869 1301 1984 1335 illorum
1996 1300 2097 1343 fuerit

1207 1351 1407 1392 constitutione
1434 1349 1588 1394 diversum
1613 1377 1620 1384 .
1648 1350 1728 1393 Ejus
1752 1351 1907 1385 Canones
1928 1351 2011 1385 dicit
2030 1350 2096 1385 esse

1207 1401 1320 1445 spiritu
1343 1401 1408 1435 Dei
1421 1401 1576 1435 conditos
1598 1412 1636 1434 ac
1650 1401 1753 1435 totius
1773 1400 1891 1436 mundi
1914 1401 2097 1435 reverentia

1207 1453 1413 1486 consecratos
1438 1474 1451 1490 ,
1488 1449 1631 1492 ideoque
1657 1462 1719 1484 nec
1743 1453 1761 1484 a
1786 1451 1930 1494 generali
1957 1449 2098 1494 Synodo

1209 1502 1297 1543 poste
1322 1499 1474 1542 abrogari
1495 1522 1507 1537 ‚
1537 1498 1593 1532 sed
1620 1499 1720 1540 usque
1743 1499 1785 1531 ad
1811 1500 1916 1533 saeculi
1937 1500 2040 1533 finem
2062 1500 2100 1533 in

1208 1548 1303 1591 plena
1330 1546 1522 1581 auctoritate
1542 1547 1730 1580 mansuros.
1760 1546 1862 1582 Plura
1885 1548 1954 1591 ejus
1975 1548 2017 1583 de
2033 1545 2100 1582 hoc

1209 1598 1331 1640 punito
1357 1595 1546 1630 testimonia
1575 1596 1633 1630 suo
1661 1594 1737 1631 loco
1764 1596 1889 1631 adduxi
1913 1623 1920 1631 .
1950 1597 1993 1632 Et
2020 1596 2100 1632 hinc

1193 1671 1195 1686 ;
1211 1646 1395 1691 generalem
1409 1669 1421 1686 ,
1446 1646 1503 1688 qui
1527 1645 1562 1678 in
1584 1646 1787 1690 generalium
1800 1646 1981 1682 Canonum
1998 1647 2105 1683 obser·

1210 1695 1322 1731 vantia
1344 1694 1492 1730 consistit
1516 1719 1527 1736 ‚
1556 1695 1702 1730 Ecclefiae
1723 1697 1842 1731 statum
1869 1697 1886 1731 ὲ
1913 1697 2005 1742 Papa
2031 1709 2103 1732 non

1212 1747 1300 1790 posse
1313 1747 1430 1783 mutari
1452 1744 1557 1782 edixit
1581 1745 1735 1789 synodus
1749 1747 1953 1782 Bafileenfis.
1981 1747 2025 1783 Et
2037 1747 2102 1792 pal-

1212 1807 1300 1832 mare
1319 1819 1330 1835 ,
1354 1807 1395 1830 ex
1410 1807 1478 1840 quo
1501 1806 1562 1830 uos
1584 1797 1841 1839 praevaricatores
1865 1798 1897 1831 ἀ
1913 1796 2103 1832 Schismati-

1212 1858 1268 1882 cos
1278 1846 1383 1882 Graeci
1397 1846 1574 1885 asseverant
1587 1870 1598 1885 ‚
1612 1845 1809 1890 principium
1821 1846 1879 1887 est,
1889 1847 1979 1890 quod
1992 1847 2100 1892 Ephe-

1213 1898 1317 1934 finum
1336 1897 1376 1931 de
1388 1907 1457 1930 non
1467 1895 1620 1931 faciendo
1635 1897 1675 1931 ad
1690 1897 1887 1940 Symbolum
1899 1897 2103 1934 additamen-

1213 1961 1250 1986 to
1269 1948 1453 1985 'canonem
1474 1946 1543 1983 sola
1561 1945 1674 1994 Papali
1697 1949 1887 1985 auctoritate
1910 1949 2104 1985 transmuta-

1215 2001 1352 2036 verimus
1365 2027 1372 2034 .
1401 2000 1444 2035 Et
1457 1998 1526 2034 haec
1536 2001 1668 2044 quidem
1682 2001 1756 2035 sunt
1770 2011 1839 2034 non
1855 2000 2103 2034 contemnenda

1198 2053 1454 2093 ‘fundamenta,
1478 2063 1520 2087 ex
1541 2051 1659 2096 quibus
1683 2051 1830 2087 videatur
1851 2050 2012 2086 Pontifex
2034 2061 2105 2084 non

1197 2102 1304 2237 'posse
1326 2112 1431 2135 novos
1452 2102 1598 2136 condere
1624 2102 1779 2136 Canones
1804 2128 1810 2134 .
1841 2103 1884 2137 Et
1912 2100 2105 2136 sanfiiffima

1217 2150 1373 2193 Gregorii
1387 2148 1514 2191 septimi
1536 2149 1706 2183 adversum
1720 2150 1927 2184 Simoniacos
1949 2151 1982 2183 &
1993 2151 2107 2193 conju·

1215 2209 1308 2244 gatos
1321 2198 1469 2233 Clericos
1481 2198 1624 2233 Decreta
1635 2199 1752 2233 eodem
1763 2200 1829 2233 telo
1840 2198 1932 2233 fuisse
1946 2199 1963 2232 ὲ
1976 2199 2108 2241 quibus-

1215 2248 1292 2283 dam
1316 2249 1508 2293 impugnata
1521 2272 1532 2287 ‚
1559 2249 1698 2283 affirmat
1720 2248 1911 2284 eorumdem
1923 2248 1998 2283 licet
2015 2248 2107 2283 Ano-

1217 2308 1339 2342 nymus
1351 2322 1361 2338 ,
1388 2296 1533 2331 eruditus
1544 2306 1654 2335 tamen
1670 2299 1835 2333 Defensor
1847 2324 1854 2332 .

1268 2347 1312 2382 Et
1323 2346 1495 2382 adversum
1509 2347 1584 2382 illos
1596 2348 1663 2392 ipse
1676 2348 1833 2384 Pontifex
1846 2349 1966 2393 scripsit
1978 2350 2018 2386 ad
2030 2351 2108 2384 San-

1217 2400 1303 2432 &um
1327 2396 1512 2432 Annonem
1531 2397 1767 2433 Coloniensem
1789 2398 2083 2444 Archiepiscopum
2098 2413 2106 2434 :

1218 2453 1321 2482 Novit
1343 2452 1540 2489 Fraternitas
1565 2457 1640 2489 tua,
1666 2455 1739 2492 quia
1749 2458 1903 2492 praecepta
1924 2449 1988 2484 haec
2000 2463 2057 2484 non
2069 2452 2109 2484 de
2122 2457 2183 2488 Lib.
2208 2469 2236 2487 2.

1218 2498 1308 2538 nostro
1321 2495 1414 2541 sensu
1441 2496 1639 2541 exsculpimus
1661 2524 1671 2540 ,
1693 2498 1751 2542 sed
1770 2506 1958 2543 antiquorum
1980 2504 2108 2534 Parrum
2123 2500 2176 2537 ΕΡ·
2195 2503 2241 2532 67-

1212 2547 1385 2592 [αηέῖίοηω
1411 2573 1423 2590 ,
1461 2551 1575 2591 spiritu
1601 2550 1710 2583 samqo
1729 2552 1918 2592 praedicante
1942 2554 2081 2593 prolatas
2095 2575 2108 2592 ,

1219 2600 1301 2640 officii
1336 2597 1422 2638 nostri
1459 2600 1619 2641 neceffitate
1656 2606 1690 2634 in
1724 2602 1856 2634 medium
1891 2604 2081 2643 propalamus
2097 2627 2104 2634 .

1221 2652 1414 2692 ‚Quamquam
1434 2646 1502 2683 huic
1524 2647 1641 2693 sanc‘lae
1666 2654 1810 2684 Romanae
1836 2651 1971 2693 Ecclefiae
1990 2650 2107 2694 semper

1218 2701 1322 2738 licuit,
1346 2697 1517 2741 semperque
1539 2700 1638 2733 licebit
1657 2708 1759 2734 contra
1770 2706 1888 2735 noviter
1911 2701 2105 2742 increscentes

1217 2748 1342 2792 exceffus
1363 2759 1443 2783 nova
1466 2759 1583 2791 quoque
1591 2753 1717 2784 Decreta
1738 2758 1828 2794 atque
1854 2753 1986 2785 remedia
2003 2760 2106 2794 procu-

1219 2811 1287 2833 rare
1309 2824 1320 2840 ,
1344 2811 1413 2842 quae
1434 2805 1561 2833 rationis
1597 2801 1632 2835 Θ·
1656 2799 1843 2834 audomari:
1867 2802 1952 2835 edita
1969 2803 2106 2843 jndicio,

1219 2850 1292 2882 null}
1311 2847 1462 2883 bominum
1485 2848 1590 2891 fitfas
1609 2858 1645 2883 ut
1656 2854 1746 2885 irrita
1770 2849 1922 2893 refluae.
1950 2852 1994 2886 Et
2018 2849 2105 2887 hanc

1217 2899 1398 2934 doctrinam
1419 2899 1589 2935 adversum
1622 2901 1832 2936 Simoniacos
1858 2912 1897 2936 ac
1921 2901 2106 2945 impudicos

1216 2948 1398 2985 blaterones
1422 2950 1567 2995 praesenti
1589 2950 1725 2986 Distatu
1747 2952 1943 2992 confirmat,
1969 2952 2002 2985 &
2025 2951 2105 2986 ficit

1216 2997 1458 3035 authenticam.
1487 2999 1608 3043 Etjure
1617 3000 1754 3036 merito.
1775 3001 1881 3044 Ipsam
1892 3002 1984 3037 enim
1994 3001 2105 3036 omnis

1215 3049 1281 3092 jam
1301 3051 1425 3093 pridem
1442 3050 1582 3085 Ecclesia
1604 3051 1776 3094 probavit,
1803 3050 1963 3086 damnans
1989 3051 2102 3093 hunc,

1215 3099 1257 3134 ab
1278 3100 1429 3135 Henrico
1455 3099 1669 3147 Knygthonp
1694 3102 1831 3136 relatum
1849 3124 1861 3140 ‚
1886 3102 2105 3136 sellai-dorum

1216 3148 1407 3184 articulum:
1438 3153 1528 3193 Papa
1539 3163 1596 3185 non
1603 3150 1697 3193 potest
1716 3152 1838 3186 condere
1847 3155 1985 3185 Canones
2002 3154 2103 3185 Decre-
2119 3149 2155 3178 Α·
2172 3150 2254 3184 ¹389·

1216 3201 1294 3234 tales
1317 3223 1329 3240 ,
1354 3197 1406 3243 stu
1430 3200 1648 3243 constitutiones
1671 3225 1683 3242 ,
1709 3203 1744 3237 ἀν
1760 3201 1791 3244 fi
1819 3214 1889 3245 quos
1914 3201 2101 3240 condiderit,

1216 3250 1314 3283 nullus
1327 3258 1441 3286 tentetur
1455 3263 1503 3286 eos
1514 3249 1670 3295 observare
1683 3275 1692 3285 .
1720 3253 1764 3287 Et
1777 3250 1959 3295 Stephanus
1970 3251 2101 3285 Torna-

1216 3300 1359 3335 cenfium
1375 3300 1557 3346 Episcopus
1568 3299 1680 3336 scribit
1694 3315 1701 3334 z
1728 3303 1812 3336 Solus
1826 3299 1969 3343 Pontifex
1978 3301 2103 3343 potesta-

1217 3360 1277 3384 tem
1302 3348 1391 3383 habet
1411 3352 1706 3386 &condendtnovos
1725 3355 1862 3386 Canones
1874 3377 1886 3392 ‚
1912 3353 2102 3392 &exponen-

1215 3402 1248 3433 da·
1272 3408 1405 3434 veteres.
1433 3401 1476 3438 Et
1499 3403 1540 3437 ad
1554 3401 1773 3444 Rudolphum
1795 3400 2027 3436 Bituricensem
2042 3401 2102 3433 Ar·

1216 3448 1460 3494 chiepiscopum
1497 3463 1535 3486 ac
1574 3451 1644 3494 ejus
1682 3449 1900 3495 suffraganeos
1941 3447 2102 3487 Nicolaus

1593 3500 1645 3546 Q
1682 3510 1700 3546 3
1906 3498 2028 3543 primus
2041 3511 2050 3531 ι

2094 332 2143 367 hp.
2204 350 2209 356 .
