2366 3756
137 549 290 590 Epist.z71.

132 864 168 893 Δ.
184 867 265 897 1176.

118 1619 149 1651 L
182 1623 275 1652 1.Tit.

130 1670 171 1695 ¹4·
194 1672 220 1691 c.
251 1673 274 1691 2.

120 1707 146 1738 3.
184 1712 211 1737 4·

112 1942 154 1972 'L
191 1948 217 1977 3.
246 1942 275 1970 ³3-

121 1979 186 2019 piss.
214 1989 278 2017 233.

122 2296 159 2327 C·
179 2301 231 2329 16.

390 116 453 160 1-8-

292 201 301 211 ·’
315 196 444 232 Eodem
465 208 610 242 tempore
635 195 852 235 Theobaldus
873 200 1060 243 Campaniae
1073 200 1195 234 Comes

312 248 455 283 filiolum
476 250 568 283 suum
592 247 831 291 Guilielmum,
856 247 1041 293 jam'Sanffi
1066 250 1197 298 Qiria·

311 299 344 334 ci
371 298 605 341 Praepofiturn,
631 299 674 333 ad
695 300 805 334 nescio
826 310 926 342 quam
937 298 1034 334 aliam
1047 300 1196 334 Ecelefiae

798 108 1258 162 Vlcrou1s

1330 126 1716 162 SECUNDI

1257 197 1474 235 fundamento
1497 200 1637 235 titulatit
1659 198 1864 236 maledictam
1895 202 2077 239 Simoniam
2103 205 2141 239 dc

1257 250 1414 285 Haerefim
1443 262 1615 295 puerorum
1631 276 1638 283 .

1307 300 1413 336 Addit
1429 301 1536 336 nostra
1547 301 1701 345 synodus
1712 315 1723 334 .-
1749 274 1976 343 Nzfiausstuao
1992 303 2139 348 sanam-

310 348 509 393 dignitatem
528 349 750 384 commendari
770 349 944 392 postulavit
968 372 985 389 ,,
1003 350 1037 384 δε
1056 350 1195 395 ,quidem
1241 356 1296 392 1τη
1309 360 1362 384 aut
1370 348 1531 395 saptentia-
1540 357 1657 393 ornati,
1678 353 1876 394 providentia
1896 353 2036 398 Episcopt
2049 354 2141 398 fimul

310 399 353 433 ab
376 398 509 433 istarum
530 399 674 433 sordium
687 396 780 432 hoste
790 400 908 435 Sansto
924 399 1108 435 Bernardo.
1130 399 1198 435 Ve-

1257 403 1292 435 (εν
1311 402 1392 435 Cleri
1403 410 1650 445 promoveantur.
1677 404 1778 446 Super
1796 401 2054 440 ordinandorum
2066 405 2137 440 Ab·

308 447 381 491 tum
403 447 458 483 hic
479 448 622 491 reposuit
644 447 709 488 sine
730 448 796 483 Dei
817 451 940 485 offensa
963 451 1029 485 fieri
1042 448 1109 485 haec
1124 461 1192 485 non
1256 451 1389 492 batum,
1416 451 1681 496 presbyterorum
1694 477 1705 493 ‚
1731 464 1770 487 ac
1793 453 2020 489 Diaconorum
2039 466 2136 491 aetate

308 500 420 543 Posse,
445 499 480 532 &
500 496 619 540 adjecit
642 497 788 532 causam:
827 503 954 535 Honores
978 503 1013 535 &
1032 502 1193 544 dignitates

307 546 519 588 Ecclefiastlcas
547 559 608 580 non
634 544 734 592 ignoro
752 550 851 584 deberi
867 551 937 592 hh,
964 556 1013 594 qui
1031 563 1083 584 eas
1104 552 1192 595 digne

306 602 341 633 Θ
357 597 518 642 Ιὶειυιᾶΐιηι
539 600 635 631 Deum
666 599 874 640 administrare
898 604 932 641 φ
961 602 1059 635 velint
1078 603 1113 635 (ν
1126 598 1192 643 post

298 648 377 691 fine.
403 648 518 682 Iterim
543 647 898 692 nequeTheobaldus,
924 662 1030 695 neque
1053 651 1191 685 Guiliel-

303 709 376 737 mus
398 699 655 743 acquieverunt.
682 700 785 748 Qdd
805 701 896 735 enim
919 700 973 736 hic
994 702 1119 736 nonita
1134 701 1191 734 du·

302 748 382 784 dum
401 748 472 793 post
493 746 602 784 adhuc
618 748 805 785 adolescens
829 751 868 785 sit
892 751 1012 786 elesius
1026 752 1060 785 ὃς
1073 751 1190 785 confir-

302 809 410 835 matus
432 799 468 833 in
484 799 725 835 *Carnutensem
751 799 976 845 Episcopum,
1000 801 1132 835 testatur
1154 801 1188 834 δε

301 849 412 885 laudat
431 847 626 894 Radulphus
657 850 699 885 de
723 850 846 886 Diceto
864 876 871 883 .
906 851 1035 887 Laudat
1059 850 1129 894 ejus
1153 850 1186 884 in

301 898 395 935 istam
418 899 594 934 Ecclesiam
617 898 776 935 beneficia
790 925 797 933 .
838 900 944 950 Qod
966 901 1056 936 enim
1077 900 1186 944 postea

300 949 520 985 Senonensem
533 951 631 984 eriam
652 962 689 984 ac
712 950 907 985 Remensem
923 950 1187 994 Archiepiscopa-

300 1010 373 1035 tum
393 1011 517 1044 magno
533 1000 689 1034 virtutum
700 1001 851 1045 exemplo
864 1000 1097 1035 administrarit
1110 1025 1121 1040 ,
1142 1010 1184 1034 te-

298 1050 424 1086 stantur
446 1048 624 1094 Stephanus
635 1050 854 1086 Tornaccnsis
877 1051 1056 1096 Episcopus
1076 1076 1087 1091 ,
1118 1051 1185 1084 Ro-

298 1099 408 1135 bertus
434 1100 545 1134 Abbas
564 1101 771 1142 Montensis,
798 1113 836 1136 ac
857 1102 1030 1137 Guilielmi
1057 1101 1092 1135 in
1107 1101 1185 1135 Car-

298 1152 468 1185 nutensem
490 1149 687 1186 Cathedram
701 1152 857 1186 successor
867 1153 1009 1198 joannes
1037 1151 1181 1187 Saresbe·

299 1201 423 1237 tienfis.

351 1249 501 1286 Abusum
521 1253 692 1288 eliminare
711 1263 847 1289 conatus
858 1253 904 1288 est
928 1254 961 1288 in
976 1252 1180 1288 Lateranenfi

300 1300 440 1343 Synodo
462 1303 561 1337 etiam
589 1305 781 1339 Alexander
801 1304 913 1339 tertius
935 1317 947 1337 .-
987 1304 1040 1338 sed
1063 1305 1178 1339 iterum

299 1350 368 1384 fine
389 1352 489 1395 pleno
508 1354 621 1388 effectu
637 1378 644 1385 .
671 1354 774 1401 Qod
791 1354 878 1388 enim
899 1353 1082 1397 Anglicani
1104 1364 1180 1397 prae-

295 1398 406 1432 sertim
430 1401 583 1441 Episcopi
606 1403 712 1442 pueris
733 1402 873 1434 necdum
895 1401 1095 1436 decennibus
1119 1401 1178 1435 Ar-

296 1446 541 1482 chidiaconatus
562 1448 597 1482 δε
615 1448 695 1483 alias
716 1461 843 1483 curatas
865 1451 1042 1494 dignitates
1053 1452 1177 1485 confer-

295 1507 368 1532 tent
388 1520 399 1536 ,
423 1509 460 1532 ac
481 1499 563 1543 ipsas
587 1509 642 1541 per
662 1499 782 1533 Laicos
801 1500 931 1533 interim
957 1499 1177 1533 administrari

294 1548 516 1590 permitterent
537 1573 548 1588 ,
586 1547 706 1583 docent
726 1549 831 1593 plures
857 1549 977 1583 laudati
1003 1548 1176 1583 Pontificis

292 1599 378 1640 apud
402 1599 600 1644 Gregorium
623 1610 750 1634 nonum
772 1599 927 1640 litterae&
942 1598 1174 1643 querimoniae.

294 1647 336 1682 Et
357 1648 483 1683 facinus
503 1649 653 1693 deinceps
662 1649 829 1684 committi
839 1649 973 1692 quidem
986 1650 1114 1690 vetuit,
1134 1660 1175 1683 eo

292 1707 402 1733 tamen
425 1700 522 1742 usque
544 1697 716 1734 Attentata
736 1711 806 1734 non
832 1700 992 1734 cassavit:
1026 1698 1176 1734 Donatas

294 1749 398 1794 pueris
434 1749 610 1794 dignitates
636 1751 809 1785 dumtaxat
841 1749 926 1793 juffit
957 1747 1177 1783 administrari·

294 1811 350 1845 per
372 1799 537 1833 Clericos.
566 1798 674 1833 Etiam
698 1799 738 1833 ad
763 1798 967 1843 Melphiense
981 1799 1174 1842 Capitulum

293 1850 336 1883 de
357 1848 536 1894 degradato
553 1849 621 1891 ejus
644 1849 806 1893 Episcopo
831 1850 948 1893 scripsit
961 1849 1175 1884 Innocentius

293 1899 408 1934 tertius
429 1912 438 1933 ι
474 1899 641 1940 Nepotibus
658 1898 721 1942 fitis
743 1899 933 1944 vagientibus
961 1905 994 1932 in
1016 1898 1172 1932 cunabulis

292 1951 423 1991 majores
446 1949 630 1983 Praebena'as
653 1949 782 1990 tribuit,
809 1951 843 1983 (⁶2⁴
862 1951 981 1984 meliora
1007 1949 1150 1991 beneficiet
1162 1974 1174 1990 ‚

289 1999 480 2042 portantibus
500 2001 568 2033 aliis
585 2001 703 2042 pondus
727 2002 788 2033 diei
809 2001 843 2034 Θ·
865 1999 964 2040 aestum
985 2024 996 2040 ,
1032 2001 1067 2034 <5
1091 2000 1173 2041 isin,

294 2049 345 2084 ubi
360 2047 669 2093 nonseminaverunt,
694 2050 870 2084 metentibus
879 2051 971 2092 plena
992 2060 1100 2083 manu.
1129 2050 1172 2084 Et

294 2100 340 2134 ob
360 2100 422 2134 alia
442 2101 572 2145 quidem
599 2101 687 2144 plura
707 2124 718 2140 ‚
756 2110 865 2135 tamen
892 2099 937 2133 ob
959 2098 1023 2134 hoc
1047 2100 1171 2134 crimen

295 2150 483 2195 degradavit
504 2151 602 2185 istum
625 2151 824 2193 Episcopum
849 2174 856 2181 .
893 2150 936 2182 Et
960 2161 1067 2191 neque
1091 2161 1170 2184 tunc

296 2201 420 2235 malum
438 2201 570 2234 cessavit
584 2223 594 2231 .
621 2197 752 2232 Etenim
775 2197 832 2230 sub
855 2197 1028 2232 Clemente
1052 2199 1171 2240 quinto

293 2248 453 2285 celebrata
472 2248 612 2283 secunda
633 2246 796 2283 Ravennae
807 2246 960 2289 synodus
969 2245 1070 2280 edidit
1082 2246 1171 2280 hunc

295 2302 491 2335 Canonem:
517 2302 717 2330 Canonicatus
738 2298 811 2330 null!
830 2295 999 2340 conferatur
1022 2300 1055 2328 in
1074 2297 1171 2328 Eccle-

288 2349 335 2392 fia
356 2348 531 2382 Cathedralt'
553 2372 564 2388 ,
591 2345 643 2390 m'si
665 2347 720 2379 tali
740 2353 791 2388 qut
806 2345 883 2390 scm
905 2347 996 2390 legere
1014 2346 1048 2379 δ’
1069 2353 1173 2378 canta-

297 2408 353 2440 re,
378 2401 413 2433 er
431 2406 625 2441 competenter
642 2397 800 2437 construere
822 2421 833 2437 ‚
867 2397 901 2430 (5·
922 2399 1064 2430 decimum
1086 2401 1173 2436 quin·

296 2457 360 2482 tum
379 2459 489 2482 annum
509 2450 660 2492 attigerit.
689 2450 755 2479 Nec
774 2450 972 2480 canonicatus
989 2446 1022 2480 in
1034 2445 1171 2488 collegia-

297 2508 332 2532 ta
351 2497 497 2539 Ecclefia‚
523 2497 579 2539 nist*
591 2498 789 2530 duodecimum
809 2497 1018 2538 adimpleverit
1037 2506 1150 2528 annum
1161 2520 1168 2527 .

297 2548 414 2583 Tertia
435 2546 557 2582 ibidem
579 2545 730 2589 Synodus
747 2546 787 2580 ad
806 2544 1034 2580 Cathedralem
1058 2546 1168 2580 Cano-

297 2600 444 2633 nicatum
461 2595 620 2640 requisivit
641 2595 780 2630 sedecim
802 2607 922 2629 annos.
950 2595 1113 2638 Majorem
1130 2595 1171 2629 ri-

297 2660 412 2694 gorem
433 2659 503 2682 non
524 2645 718 2681 admittebat
729 2644 819 2679 istius
830 2645 1169 2688 temporisiniquitas.

297 2699 343 2733 Et
362 2699 398 2733 in
419 2696 502 2732 libro
531 2696 573 2731 de
594 2705 747 2739 corrupto
777 2694 924 2729 Ecclesiae
945 2696 1036 2728 Statu
1061 2692 1179 2730 scribit

297 2749 458 2784 Nicolaus
468 2747 508 2780 de
520 2745 711 2790 Clemangis
722 2758 729 2778 z
751 2745 898 2779 imberbes
909 2744 1008 2778 adbuc
1016 2744 1172 2788 adolescen-

295 2799 355 2832 tuli
366 2821 378 2838 ,
403 2802 461 2830 vix
474 2795 675 2839 ferulaegreffi
686 2818 696 2835 ,
721 2796 766 2827 ad
783 2795 932 2836 Pastorale
941 2796 1097 2828 convolant
1108 2799 1171 2828 Ma-

290 2847 461 2893 gisterium,
492 2847 526 2879 6·
550 2846 736 2878 tantumdem
749 2844 865 2884 detllo,
889 2854 1035 2887 quantum
1044 2844 1081 2877 de
1100 2856 1171 2877 nau-

297 2904 356 2934 tico
370 2895 470 2940 sciunt
487 2896 588 2937 officio.
618 2893 763 2929 Ecclesiae
784 2894 819 2927 ὅ(
839 2893 1016 2938 disciplinae
1042 2894 1169 2937 peffirna

299 2947 342 2983 ab
361 2947 425 2981 illis
441 2945 561 2984 damna
583 2943 670 2989 large
690 2942 827 2986 exponit
847 2966 859 2984 ,
893 2944 928 2978 &
957 2943 1108 2987 adjungit
1131 2944 1171 2978 de

299 2997 466 3040 Antipapa
488 2995 664 3030 Clemente
685 2994 835 3037 septimo:
864 2993 1089 3034 Hlsjuventbur
1101 2998 1172 3026 nitt-

297 3048 353 3081 dis
373 3048 409 3080 Θ
424 3045 630 3090 elegantibus,
653 3055 776 3087 quorum
795 3044 926 3076 maxim?
946 3042 1083 3086 consortio
1098 3055 1172 3086 gau·

298 3095 411 3136 debat,
429 3094 556 3139 fingulos
572 3093 645 3136 fer?
658 3099 805 3128 vacantes
831 3091 1050 3135 Episcopatus,
1089 3103 1174 3128 caete·

298 3144 406 3189 rasque
423 3150 591 3189 praecipuas
611 3145 776 3187 dignitates
795 3144 932 3176 clemens
962 3143 1150 3184 impendebat
1162 3169 1169 3177 .

298 3194 402 3229 Pestis
421 3195 558 3241 graffita
573 3193 638 3228 fuit
657 3195 756 3238 usque
773 3193 813 3228 ad
832 3184 1086 3227 ''Sacro-sanetum
1098 3193 1172 3227 Tri-

298 3244 473 3280 dentinum
490 3243 683 3279 Concilium
703 3267 715 3284 ,
740 3243 794 3277 cui
814 3242 867 3276 vel
887 3242 934 3276 ob
960 3242 1051 3276 istam
1070 3243 1169 3277 solam

299 3295 564 3329 reformationem
582 3292 693 3328 omnis
713 3292 770 3327 sub
796 3292 884 3327 coelo
907 3292 1047 3326 Ecclesia
1078 3293 1173 3336 pluri-

298 3343 391 3377 mum
411 3343 595 3389 obligatur.
620 3342 668 3377 Et
686 3352 730 3376 ex
748 3341 843 3376 distis
861 3340 972 3381 lucet,
997 3341 1172 3386 quodissas

1253 500 1457 545 dispensandi
1478 502 1557 536 facit
1578 502 1766 546 potestatem
1779 528 1786 535 .
1818 503 1893 538 Nec
1915 505 1982 538 fine
1993 506 2137 550 antiquis

1253 551 1412 594 exemplis
1430 576 1438 584 .
1469 551 1601 587 Etenim
1621 552 1662 587 de
1686 555 1803 588 Sancto
1830 554 1994 599 Gregorio
2020 555 2138 590 Thau-

1254 610 1429 646 maturgo,
1453 614 1492 637 ac
1515 602 1583 646 ejus
1604 603 1701 638 fratre
1719 603 1943 639 Athenodoro
1967 604 2078 640 scribit
2097 605 2134 639 in

1254 650 1471 687 Ecclefiastica
1492 650 1624 687 historia
1636 646 1796 689 Eusebius
1807 655 2026 690 Caesareenfis:
2054 659 2134 688 Tan·

1250 709 1314 733 tam
1333 702 1368 735 ἀν
1387 711 1452 735 tam
1481 703 1692 737 admirabilem.
1705 709 1739 738 in
1770 702 1968 747 sacrosanffls
2001 709 2060 739 Det
2078 707 2134 739 elo-

1253 751 1332 794 quiis
1343 751 1444 794 fecere
1459 755 1694 796 progrffoncm‚
1719 764 1755 788 ut
1773 756 1844 787 dum
1864 754 1965 788 adbuc
1979 757 2067 788 ambo
2077 757 2135 789 ad-

2154 683 2213 716 Lib.
2234 690 2262 717 6.

2153 734 2215 764 cap.
2237 733 2282 761 ²3-

1249 802 1367 835 modum
1387 801 1581 846 adolescentes
1604 813 1693 838 erant
1714 829 1726 846 ,
1761 804 1956 846 Ecclefiarum
1983 811 2017 838 in
2037 807 2134 839 Ponto

1248 861 1421 886 crearentur
1445 852 1600 896 Episcopi.
1628 854 1744 889 Unica
1765 864 1846 890 tunc
1866 855 2045 889 Provincia
2064 865 2134 889 erat

1250 900 1377 936 Pontus
1398 900 1455 936 sub
1479 903 1615 939 Amasea
1639 905 1856 948 Metropoli,
1882 904 1975 948 cujus
1999 906 2134 949 Episco-

1251 963 1327 994 pum
1364 950 1567 988 Phaedimum
1599 952 1773 998 prophetiae
1806 955 1920 998 spiritu
1953 955 2102 990 claruisse
2119 977 2132 994 ‚

1251 999 1388 1045 ideoque
1411 1003 1545 1038 laudato
1571 1005 1735 1050 Gregorio
1757 1005 1800 1040 ad
1821 1005 2131 1041 Neocoesareensem

1247 1050 1378 1087 adhunc
1403 1052 1568 1097 Paganam
1590 1055 1757 1090 civitatem
1778 1055 1969 1090 ordinando
1996 1055 2131 1098 Episco-

1246 1113 1289 1145 po
1310 1102 1434 1138 dudnm
1460 1103 1632 1143 studuisse,
1668 1104 1802 1140 testatur
1822 1105 1857 1139 in
1882 1104 2011 1140 fiinebri
2034 1104 2131 1148 hujus

1246 1153 1399 1187 encomio
1424 1153 1570 1189 *Sanetus
1597 1155 1776 1201 Gregorius
1808 1156 1987 1200 Episcopus
2011 1154 2130 1198 Nyffe·

1247 1213 1306 1236 nus
1328 1227 1336 1236 .
1375 1203 1499 1238 Verum
1521 1204 1669 1249 fugiebat
1695 1206 1751 1241 ille
1773 1206 1959 1241 insidiantes
1978 1205 2039 1239 fibi
2061 1215 2130 1239 ma·

1247 1263 1329 1295 nus,
1353 1253 1494 1298 ideoque
1515 1255 1620 1300 pergit
1640 1256 1788 1291 laudatus
1799 1257 2046 1291 Encomiastes:
2070 1258 2130 1287 Im-

1242 1310 1314 1345 petu
1332 1305 1461 1347 quodam
1479 1308 1592 1339 Divino
1613 1305 1788 1340 Pha-dimus
1808 1307 1855 1340 ad
1871 1305 2048 1349 propositum
2065 1303 2129 1345 fiu-

1244 1353 1326 1386 atum
1346 1355 1503 1396 proveatu
1526 1380 1538 1396 ‚
1562 1355 1642 1389 nihil
1658 1367 1770 1390 curans
1790 1357 1978 1397 intorJ'eHum
1992 1354 2129 1399 spatium

1243 1413 1300 1444 quo
1319 1405 1340 1436 ἃ
1366 1406 1507 1446 Gregorio
1520 1401 1718 1436 dmmeoamv?
1730 1423 1745 1442 ,ρ
1765 1408 1877 1445 quw
1892 1405 1942 1440 alle
1963 1406 2069 1439 abent
2079 1409 2132 1437 m·

1244 1463 1313 1485 nere
1333 1453 1453 1492 tridui,
1474 1451 1533 1494 sed
1552 1454 1596 1484 ad
1607 1455 1705 1486 Deum
1719 1450 1908 1495 suspiciens,
1931 1450 2132 1495 precatusque

1240 1508 1274 1531 ut
1307 1500 1342 1532 cb·
1365 1498 1429 1542 ipse
1450 1500 1483 1531 Θ
1501 1501 1550 1531 ille
1571 1505 1690 1540 pariter
1705 1502 1772 1533 'illa
1795 1501 1869 1533 bora
1885 1503 1908 1532 ἃ
1926 1505 1990 1534 Deo
2008 1500 2132 1542 respice·

1240 1557 1344 1581 rentur
1366 1572 1379 1589 ,
1414 1548 1473 1582 loco
1493 1559 1602 1581 manus
1629 1547 1818 1591 tmpofittoats
1843 1553 1980 1593 Gregorio
1998 1548 2128 1583 adhibet

1234 1595 1399 1640 sermonem
1419 1622 1430 1639 ,
1458 1602 1518 1631 Deo
1539 1597 1707 1642 consecrans
1731 1610 1798 1632 eum
1817 1606 1870 1642 qui
1888 1607 2005 1642 corpore
2027 1611 2127 1634 coram

1242 1659 1300 1681 non
1320 1649 1446 1692 adeffet.
1473 1647 1516 1682 Et
1537 1648 1793 1685 consecrationis
1815 1649 1973 1690 modum,
1999 1649 2127 1684 &con-

1240 1698 1385 1732 sectandi
1412 1706 1537 1732 aetatem
1560 1698 1689 1734 videtur
1710 1700 1766 1733 sua
1784 1699 2048 1742 Metropolitana
2069 1710 2126 1734 aus

1241 1748 1392 1783 ctoritate
1411 1748 1478 1782 stne
1507 1749 1603 1783 omni
1639 1749 1680 1783 ad
1712 1748 1945 1784 Caesareensem
1975 1748 2125 1784 Ponticae

1242 1797 1427 1832 Dioeeeseos
1446 1797 1624 1834 primatem
1646 1799 1805 1833 relatione
1815 1798 2024 1843 dispensasse.
2047 1799 2129 1833 Ale*

1239 1847 1410 1882 arandi-um*
1424 1849 1563 1891 pti-mum
1595 1849 1793 1884 Pontificem
1826 1849 1984 1894 vigesimo
2020 1849 2125 1884 artatis

1257 1909 1325 1932 nno
1341 1897 1441 1933 ‘fuisse
1451 1900 1670 1934 consecratum
1680 1923 1692 1939 ‚
1720 1898 1851 1934 testatur
1859 1900 1929 1942 ejus
1940 1899 2027 1943 apud
2037 1898 2125 1933 Lau·

1232 1979 1234 1981 ,
1273 1950 1379 1983 utinm
1404 1949 1534 1983 Surium
1558 1949 1644 1984 vita.
1674 1949 1776 1996 Qiod
1790 1950 1893 1993 ipsum
1915 1949 1957 1984 de
1970 1947 2125 1984 Eleuthe-

1237 2009 1275 2033 ro
1296 1997 1460 2034 Pontifice
1486 1998 1595 2034 scribit
1606 1998 1817 2043 Nic-ephorus
1826 1999 1993 2033 Calixtus.
2014 1997 2123 2046 Qdd
2142 1993 2241 2029 1--3·c·
2259 2002 2302 2031 ²5

1236 2048 1315 2083 item
1349 2048 1491 2093 Joannes
1522 2049 1760 2094 Hierosolymae
1792 2050 1973 2093 Episcopus
2011 2049 2121 2083 nescio

1235 2107 1334 2142 quem
1356 2099 1595 2134 adolescentem
1608 2099 1882 2144 invpresbyterum
1898 2098 2097 2134 consecrarit
2109 2122 2121 2139 ,

1235 2149 1369 2183 testatur
1387 2149 1423 2183 in
1447 2150 1562 2184 litteris
1574 2149 1614 2183 ad
1628 2149 1878 2184 Pammachium
1890 2151 2031 2184 Sanetus
2042 2149 2125 2182 Hie·
2183 2181 2188 2186 ,

1238 2209 1413 2241 ronymus.
1440 2198 1485 2232 Et
1507 2198 1696 2233 Antonium
1723 2199 1962 2234 adolescentem
1981 2222 1994 2238 ‚
2029 2179 2223 2242 qudd<Ep¹ffi
2242 2185 2292 2213 ⁶¹·

1235 2247 1400 2289 legitimus
1413 2247 1544 2280 Ele-stus
1554 2247 1725 2291 aufugisset
1734 2273 1745 2289 ‚
1767 2246 1966 2282 &Numidia
1976 2246 2124 2281 Primae

1236 2295 1332 2328 fuisse
1342 2294 1560 2335 dispensatum
1570 2295 1603 2326 δε
1614 2297 1835 2328 consecratum
1847 2296 2042 2328 Fussalensis
2052 2295 2121 2330 'Eo

1235 2343 1333 2376 clesiae
1357 2342 1498 2386 primum
1518 2341 1738 2385 Episcopum,
1765 2343 1802 2375 iu
1824 2342 1938 2376 litteris
1959 2343 2000 2376 ad
2020 2343 2120 2377 Caele·

1237 2392 1355 2426 stinum
1377 2391 1577 2425 Pontificem
1598 2391 1693 2426 refert
1725 2391 1857 2425 Sanctus
1888 2391 2114 2436 Augustinus.

1236 2442 1310 2476 Nec
1329 2440 1414 2476 hanc
1438 2442 1486 2475 ini
1508 2440 1626 2476 fastam
1647 2442 1786 2487 gratiam
1806 2463 1820 2481 ,
1854 2441 1910 2475 sed
1944 2442 2118 2478 dumtaxat
2137 2451 2286 2491 Epist.252

1233 2502 1363 2535 pravam
1382 2491 1553 2537 dignitatis
1575 2491 1893 2526 administrationem
1913 2492 2131 2527 Fussattenses*

1232 2542 1349 2576 Romae
1369 2543 1617 2576 accusaverunt.
1642 2542 1726 2575 Item
1750 2543 1782 2575 se
1791 2540 2030 2576 adolescentem
2042 2542 2125 2579 fuist

1231 2593 1264 2626 se
1285 2591 1305 2625 ὲ
1336 2591 1494 2626 Flaviano
1514 2590 1706 2625 Antiochiae
1732 2589 1919 2625 patriarcha
1949 2592 2116 2626 confecta·

1232 2651 1302 2675 tum
1323 2640 1550 2685 Presbyterum
1575 2642 1746 2685 profitetur
1767 2665 1779 2681 ,
1817 2642 1854 2675 &
1881 2640 2058 2675 admiratur
2076 2641 2123 2676 im

1230 2689 1345 2726 habito
1365 2690 1500 2735 desuper
1526 2692 1672 2725 sermone
1697 2692 1829 2725 Sanctus
1852 2691 1994 2734 Ioannes
2004 2689 2116 2734 Chry-

1232 2741 1392 2775 sostomus
1415 2765 1422 2773 .
1461 2742 1647 2788 Quemdam
1671 2741 1749 2776 item
1772 2741 1868 2775 suum
1891 2740 2036 2775 amicum
2058 2739 2221 2793 ari-ruom-
2235 2765 2288 2799 46·

1231 2790 1370 2825 modum
1406 2791 1556 2835 juvenem
1586 2792 1682 2825 fuisse
1706 2791 1892 2826 Diaconatu
1921 2790 2122 2835 insignitum>

1230 2839 1338 2876 scribit
1381 2841 1415 2875 in
1450 2841 1614 2875 Homiliis
1646 2842 1738 2885 super
1775 2840 1856 2875 Aua
1887 2840 2079 2885 Apostolica
2093 2843 2114 2874 ’λ

1231 2891 1383 2926 Sanctum
1405 2891 1595 2937 Remigium
1618 2891 1774 2935 vigesimo
1797 2889 1940 2925 secundo
1958 2889 2115 2927 anno-ad

1231 2940 1425 2985 Remensem
1458 2940 1655 2975 Cathedram
1687 2941 1783 2974 fuisse
1809 2941 1925 2988 ⁴potitis
1954 2942 2080 2984 raptu'm
2098 2963 2112 2982 ,

1231 2992 1328 3035 quam
1349 2990 1488 3025 electum
1508 2992 1663 3025 asseverat
1684 2991 1719 3024 in
1741 2990 1884 3033 ejusdem
1908 2990 2054 3025 Ecclefiae
2064 2988 2116 3024 hie

1231 3041 1326 3076 storia
1346 3040 1550 3075 Flodoardus
1562 3065 1574 3081 ,
1599 3042 1635 3075 δε
1652 3041 1853 3085 prosequitur
1872 3052 1881 3073 ε
1921 3040 2114 3080 Sattfflffimue‘

1229 3088 1393 3134 odolefivns
1413 3089 1462 3123 his
1478 3091 1592 3134 preffus
1612 3090 1754 3135 angustus
1767 3115 1778 3131 ,
1797 3089 2027 3134 supet-infirme
2038 3098 2113 3123 aetaa

1231 3147 1272 3175 tts
1290 3145 1377 3182 coeplt
1397 3147 1535 3183 conqueri
1555 3149 1683 3183 tempore
1704 3165 1715 3180 ‚
1750 3142 1787 3174 e>-
1816 3142 1898 3183 quod
1917 3137 2112 3181 Eutefiasnca

1233 3191 1348 3235 Regula
1367 3189 1446 3223 banc
1466 3199 1588 3224 aetatem
1609 3192 1654 3223 ad
1671 3199 1792 3224 tantam
1801 3192 1979 3235 dignitatem
1988 3189 2111 3222 nonada

1231 3246 1380 3281 mitteret,
1405 3250 1474 3274 voce
1489 3240 1610 3282 publica
1626 3242 1813 3282 praedicare.
1840 3239 1975 3273 sedct'cm
1997 3245 2112 3273 irrevo-

1228 3290 1363 3327 cabiliter
1380 3293 1485 3332 populi
1506 3292 1682 3324 acclamaret
1695 3290 1872 3334 frequentia
1885 3313 1896 3330 ‚
1919 3290 1955 3322 <a
1975 3294 2038 3322 vir*
2050 3292 2115 3323 Del*

1233 3337 1344 3384 inagna
1365 3345 1542 3373 reniteretur
1561 3339 1725 3381 constantia
1736 3350 1767 3382 ,ἰ
1772 3340 1887 3383 placuit
1905 3342 2111 3381 Omntpmnu

2131 3070 2160 3099 Ι..
2175 3075 2285 3101 1.c.11.‘

296 3403 471 3439 puerorum
491 3393 715 3441 promotiones
734 3391 879 3429 Ecclesia
907 3391 989 3428 olim
1012 3404 1079 3428 non
1103 3393 1171 3428 fine
1232 3392 1294 3426 Deo
1316 3387 1548 3432 mamfeffffmts
1569 3392 1688 3426 indicite
1704 3390 1865 3435 propalare
1885 3411 1897 3430 ‚
1933 3389 2014 3433 quod
2045 3386 2110 3432 ipso

1987 3457 1993 3466 ..
2016 3437 2064 3484 :de
