2366 3756
65 705 94 736 F·
118 714 165 741 51.

66 820 95 851 1².
119 830 182 858 ¹30-

843 111 1337 157 D1c⁷rixrusi

240 200 311 234 iiim
335 196 567 234 Alexandrinae
592 209 630 233 ac
657 194 876 232 Antiochenae
898 219 910 236 ,
948 193 1001 228 sed
1021 193 1121 228 etiam

242 251 403 284 Romana:
425 248 572 282 Ecclesiae
592 248 752 292 insignem
774 245 925 287 injuriam
947 242 1122 278 intulisset.

242 299 343 345 Qod
367 298 535 341 insigniter
548 300 702 341 profeflus
713 296 775 330 fuit
786 295 1004 330 Macedonius
1017 295 1124 327 secun-

240 350 303 383 dus
327 349 505 391 Episcopus
531 345 920 387 Constantinopolitanus
942 369 948 375 .
988 343 1122 379 Etenim

241 396 431 442 Imperatori
452 397 622 434 Anastasio
643 422 652 440 ,
690 392 994 431 chalcedonensem
1021 393 1125 437 Syno-

238 449 321 484 dum
345 450 504 483 retractari
530 450 564 483 &
585 446 731 482 damnati
762 443 889 488 jubenti
911 469 922 484 ,
959 443 1122 487 respondit

237 497 352 542 absque
373 497 537 541 universali
555 499 663 536 Synodo
677 521 689 539 ,
723 506 791 538 quae
819 494 980 538 Praesulem
1006 494 1124 529 haberet

240 551 406 582 Romanum
431 547 632 593 Episcopum,
658 545 817 589 impofflbile
833 543 901 589 fore
910 544 961 578 hoc
966 543 1123 588 sefacere.

242 599 293 632 lta
315 599 448 633 testatur
467 599 500 631 in
526 597 746 631 Ecclefiastica
769 594 903 628 historia
937 595 1125 628 Anastasius

243 648 407 683 Romanae
427 647 574 683 Ecclefiae
609 643 881 682 Bibliothecarius
903 670 911 677 .
952 645 1125 679 Consonat

240 698 376 734 Sanctus
398 699 529 742 Martyr
548 696 772 742 Theophanes
785 709 796 729 .·
824 700 988 737 Imperator
998 695 1125 728 Macedo-

242 755 329 783 nium
353 749 705 790 constantinopolitanum
743 743 921 788 Episcopum
945 771 956 787 ,
992 745 1125 778 habitam

241 800 311 832 olim
334 797 518 832 Chalcedone
544 800 686 838 Synodum
711 796 867 838 reprobare
891 795 1008 839 cogebat
1031 820 1039 827 .
1079 794 1128 826 Ad

242 846 306 883 baec
324 849 534 884 Macedonium
562 851 651 881 Citra
670 844 870 888 universalem
890 846 1033 885 synodum
1046 870 1057 885 ,
1083 848 1127 877 cui

237 904 359 940 primus
379 896 523 937 adsideret
545 901 696 930 Romanus
709 895 872 939 Episcopus
886 920 896 935 ,
922 896 958 927 id
960 894 994 938 se
1006 893 1124 938 exsequi

242 960 301 981 non
319 948 394 991 pqffe
414 946 578 989 refhrebat.
605 947 719 981 Ambo
744 947 927 990 loquuntur
952 957 993 978 ex
1018 943 1127 979 Colle-

241 998 360 1034 &aneis
371 996 547 1032 Theodori
569 996 734 1031 Lestoris:
772 995 962 1030 Macedonius
978 993 1040 1035 fine
1064 997 1127 1025 uni-

242 1046 350 1091 versali
371 1049 499 1090 synodo,
526 1052 573 1080 cui
593 1059 712 1091 magnae
734 1050 837 1079 Romae
853 1043 1025 1087 praefideret
1051 1046 1126 1084 Epi—

241 1097 343 1143 ftopus
357 1122 368 1139 ,
394 1098 473 1132 nihil
486 1096 520 1141 se
532 1097 691 1139 fac‘lurum
702 1098 803 1133 dixit.
832 1095 944 1138 Pergit
957 1094 997 1127 de
1010 1093 1127 1128 eodem

240 1148 441 1192 Imperatore
464 1148 550 1182 idem
562 1146 859 1182 Bibliothecarius:
887 1146 1061 1177 Vitalianus
1075 1143 1128 1179 ad-

240 1199 340 1239 didit,
364 1206 398 1231 ut
416 1199 601 1234 Macedontus
625 1199 660 1235 (2⁶
684 1197 859 1230 Flavianus
872 1218 883 1234 ,
917 1199 968 1236 qui
991 1198 1128 1236 nequiter

235 1247 314 1290 pulfi
323 1248 471 1290 fuerant,
498 1247 561 1286 suos
582 1253 743 1289 reciperent
770 1245 890 1279 thronos
903 1268 911 1276 .
939 1244 1128 1277 Similiter&

239 1299 342 1340 reIIqui
364 1296 503 1340 Episcopi
518 1321 525 1328 .
553 1299 598 1329 Et
615 1301 661 1329 ita
683 1295 877 1330 celebraretur
891 1295 1023 1333 synodus
1035 1318 1046 1334 ,
1070 1296 1128 1326 Ro-

239 1359 326 1381 mano
348 1348 382 1381 &
401 1345 515 1380 cunetis
540 1345 695 1389 Episcopis
716 1344 958 1379 convenientibus
972 1368 983 1384 ,
1009 1345 1043 1378 (9⁶
1058 1355 1127 1377 com-

238 1403 324 1431 muni
340 1399 456 1438 judicio
475 1397 676 1438 probarentur
691 1421 700 1436 ,
727 1407 796 1439 quae
808 1396 968 1429 adversum
985 1394 1128 1427 orthodo-

238 1459 293 1480 xos
308 1446 382 1490 sunt
389 1445 575 1490 praeficmpta
587 1472 596 1490 ·,
621 1443 724 1495 Qiod
737 1447 841 1490 ipsum
853 1442 973 1479 eisdem
987 1443 1051 1478 fere
1063 1456 1128 1480 ver-

238 1497 289 1532 bis
311 1497 454 1533 scribunt
473 1497 603 1540 Martyr
625 1494 873 1540 Theophanes,
908 1507 945 1528 ac
964 1495 1129 1539 Georgius

239 1547 410 1583 cedrenus
429 1571 436 1577 -
472 1546 673 1582 Haereticam
694 1545 971 1583 Orthodoxorum
996 1543 1128 1586 Episco-

237 1605 356 1639 porum
380 1600 616 1643 persecutorem
642 1596 831 1631 Vitalianus
851 1594 972 1627 Comes
984 1603 1072 1625 mora
1083 1602 1128 1624 re-

237 1644 383 1679 bellione
404 1646 628 1687 compescuit,
653 1644 879 1685 compulitque
902 1642 941 1675 ad
967 1641 1128 1684 postulan-

237 1695 314 1730 dam
334 1694 368 1728 δε
388 1693 634 1729 concedendam
648 1718 659 1733 ,
684 1704 754 1736 quae
777 1701 904 1735 pacaret
915 1693 1050 1732 omnia,
1075 1702 1127 1736 ge-

237 1745 384 1780 neralem
407 1744 581 1787 synodum
603 1755 611 1775 :
650 1743 693 1779 Et
723 1742 827 1786 prima
851 1740 948 1783 hujus
974 1741 1126 1774 conditio

234 1792 320 1832 fuit,
352 1803 388 1828 ut
410 1795 529 1827 adesset
552 1793 733 1836 Episcopus
755 1791 947 1824 Romanus.
978 1790 1022 1824 Et
1040 1790 1129 1824 Hor·

239 1845 345 1879 misda
377 1842 533 1880 Pontifex
565 1844 725 1878 consensit
762 1843 795 1876 iri
826 1840 997 1884 Synodum
1025 1840 1128 1874 Hera-

238 1895 399 1929 cleensem
414 1919 421 1926 .
450 1895 496 1927 At
519 1894 619 1938 ipsam
632 1892 802 1937 impedivit
814 1893 848 1926 δε
860 1891 1022 1926 frustravit
1036 1890 1126 1924 dolo·

239 1946 312 1980 sum
336 1943 499 1987 Principis
520 1943 709 1988 ingenium.
740 1943 792 1977 Ex
816 1943 882 1985 ipsa
904 1941 1038 1979 interim
1058 1951 1129 1974 tan-

236 1995 314 2028 dem
326 1994 473 2038 processit
494 1994 609 2037 quinta
619 1992 790 2036 Synodus.
819 1992 863 2027 Et
876 2003 912 2026 ut
923 1991 1000 2025 huic
1011 1990 1128 2026 adesset

237 2057 277 2079 ac
291 2045 430 2088 praeeffet
444 2043 592 2088 Vigilius
605 2043 764 2077 Pontifex
777 2067 788 2082 ‚
815 2052 951 2084 quantas
962 2040 1130 2076 machinas

239 2093 391 2129 adhibuit
410 2094 591 2137 Imperator
625 2092 825 2136 Iustinianus
848 2094 861 2124 Ρ
899 2092 943 2125 Et
965 2091 1006 2124 ad
1030 2091 1128 2132 ipsam

238 2144 443 2189 probandam
466 2145 498 2177 &
519 2142 754 2184 subscriptione
765 2139 958 2172 firmandam
970 2138 1129 2180 compulit

239 2192 424 2227 Barbaricis
441 2189 740 2234 persecutionibus.
767 2188 896 2231 Nempe
931 2198 1034 2228 norat:=
1062 2186 1130 2220 fine

241 2243 404 2276 Romano
418 2241 583 2285 Episcopo
594 2239 768 2283 Synodum
780 2250 849 2272 non
863 2238 925 2271 esse
936 2237 1108 2280 Synodum
1121 2261 1128 2269 .

239 2291 332 2326 Nam
355 2292 389 2325 &
411 2292 513 2334 prima
529 2315 540 2331 ‚
565 2291 631 2323 fine
643 2289 790 2323 Romani
803 2287 955 2333 Episcopi
966 2281 1130 2332 Praecepto

241 2343 334 2382 acta,
363 2339 737 2383 constantinopolitana
760 2337 916 2380 synodus
927 2349 996 2373 non
1008 2338 1065 2372 nifi
1077 2348 1131 2381 per

242 2392 312 2435 ejus
332 2391 583 2426 ratificationem
606 2389 725 2424 meruit
744 2389 808 2423 effe
830 2388 1058 2424 OEcuinenica.
1087 2388 1130 2422 Et

241 2442 286 2475 de
308 2439 683 2484 Constantinopolitana
706 2440 740 2473 in
774 2438 898 2471 Hieriae
922 2437 1050 2473 Palatio
1077 2449 1130 2481 per

241 2491 477 2535 Imperatorem
497 2490 757 2527 Constantinum
779 2487 995 2522 Caballinum
1018 2498 1130 2522 contra

242 2540 346 2575 sacras
367 2541 527 2585 imagines
544 2539 705 2576 celebrata
725 2536 863 2581 synodo
887 2537 1085 2573 declamavit
1097 2539 1130 2571 in

240 2590 329 2627 dieta
350 2590 501 2625 adversas
522 2589 665 2624 eundem
686 2588 878 2631 Principem
889 2588 1040 2623 oratione
1056 2589 1129 2622 San-

241 2642 312 2675 ἕως
332 2639 474 2683 Joannes
494 2639 733 2675 Damascenus:
776 2638 875 2675 Plane
900 2637 1072 2681 acephalum
1096 2637 1133 2679 est

243 2690 325 2731 istud
342 2691 503 2724 concilium
515 2714 527 2730 ,
552 2691 587 2724 (9
607 2690 668 2723 Deo
678 2687 800 2721 odibile.
828 2693 915 2721 Nam
927 2713 937 2727 ,
964 2687 1062 2730 quaefo
1081 2697 1110 2722 te
1122 2712 1132 2729 ,

245 2745 314 2783 quis
333 2744 362 2776 ei
381 2739 627 2774 patriarcharum
654 2744 798 2772 inventus
825 2737 863 2779 est
883 2739 1011 2783 interesse
1029 2740 1042 2774 ‚²
1077 2741 1131 2771 Ro-

245 2800 358 2823 manus
377 2795 421 2824 ire
439 2789 546 2823 noluit.
576 2790 800 2826 Alexandrinus
821 2789 898 2824 nullo
908 2790 991 2822 modo
994 2787 1132 2833 sustinuit

246 2840 398 2884 interesse.
425 2842 493 2873 Nec
511 2840 605 2881 plane
625 2838 818 2874 Antiocheno:
841 2863 850 2871 .
879 2842 919 2872 Ac
941 2849 992 2872 nec
1016 2841 1132 2872 omnino

248 2888 539 2933 Hierosolymitanus.
560 2891 644 2934 Jum
652 2890 750 2932 qualis
761 2888 799 2930 est
823 2888 877 2929 ista
897 2890 1045 2928 synodus,
1070 2890 1132 2923 nul-

246 2941 313 2974 lum
333 2940 446 2975 babens
467 2938 676 2973 Patriarcham
697 2941 709 2974 ?
741 2943 792 2972 Ea
812 2941 940 2979 synodus
956 2938 996 2980 fit
1017 2963 1028 2979 ,
1066 2940 1131 2972 cum

247 2994 382 3033 quinque
401 2990 492 3025 Sedes
516 2988 739 3024 Patriarcbales
759 3002 850 3024 unam
865 2988 1028 3034 sanxerint
1037 2989 1130 3032 fidem

248 3042 287 3074 δ’
301 3039 513 3080 confeffionem.
539 3041 592 3073 sin
611 3048 710 3072 autem
720 3041 851 3073 vetanus
873 3039 1054 3075 Patriarcba
1078 3042 1126 3074 de-

244 3089 344 3134 fuerit
356 3113 368 3129 ,
392 3089 445 3123 vel
463 3099 520 3121 non
525 3087 559 3132 fi·
565 3087 735 3133 submiserit
745 3091 873 3131 synodo,
897 3088 1068 3133 buJ'usmodi
1081 3100 1132 3123 nec

247 3140 380 3180 synodus
411 3136 469 3179 fit,
491 3137 550 3182 sed
563 3137 710 3182 perversa
730 3146 910 3185 congregatio
932 3165 943 3183 ,
969 3140 1132 3186 vanitatis-

247 3201 312 3235 que
331 3190 515 3230 Concilium,
540 3191 574 3223 6·
590 3195 785 3233 arrogantiae.
814 3191 916 3238 Qod
932 3191 1035 3235 ipsum
1060 3191 1128 3225 scri-

250 3241 337 3277 bunt
350 3239 533 3274 Anastasius
552 3238 846 3283 Bibliothecarius,
866 3241 996 3284 Martyr
1017 3239 1132 3276 Theo-

252 3290 396 3336 phanes,
423 3289 457 3324 &
469 3289 632 3334 Georgius
645 3290 826 3325 Cedrenus.
853 3291 984 3326 Volunt
997 3293 1132 3326 cunctos

250 3341 398 3384 quinque
409 3338 609 3375 patriarchas
629 3339 746 3374 debere
766 3340 919 3377 invitari.
947 3341 1081 3377 Etenim
1101 3343 1132 3375 ὃς

249 3388 308 3427 hic
319 3390 432 3426 locum
443 3390 570 3426 obtinet
582 3391 707 3426 famosa
721 3390 867 3436 Regula:
880 3394 954 3427 Plus
966 3392 1038 3433 obest
1046 3397 1130 3426 unius

1897 119 1998 172 237

1186 192 1300 235 exclufio
1312 218 1323 237 ,
1349 192 1638 237 quiimcontradie‘li'o
1650 194 1821 228 multorum.
1849 191 1977 230 Verum
1997 194 2065 231 Ro-

1186 255 1301 278 manus
1324 242 1511 281 Patriarcha
1532 243 1783 289 Praerogativam
1804 241 1926 285 habet,
1959 244 2067 280 lauda-

1185 304 1251 328 tam
1271 293 1290 327 ὲ
1311 295 1429 328 Sancto
1441 292 1627 337 Stephano,
1655 295 1824 341 Martyre,
1848 293 2068 330 &Monacho

1187 342 1420 380 Auxentiano;
1448 347 1536 378 Citra
1560 345 1705 380 Romani
1729 345 1952 381 audioritatem
1975 344 2069 379 nullo

1187 394 1287 427 modo
1309 394 1378 427 fieri
1400 393 1525 435 potest,
1553 404 1589 430 ut
1610 406 1658 428 res
1668 395 1869 436 Ecclefiasticae
1882 396 1927 429 ad
1935 405 2070 428 normam

1189 444 1383 487 redigantur.
1411 442 1455 476 Et
1475 441 1516 477 de
1539 443 1633 478 novis
1654 445 1822 482 adversum
1844 446 1943 480 sacras
1955 444 2070 489 imagi·

1188 505 1244 527 nes
1268 504 1321 535 per
1341 492 1572 536 Imperatorem
1593 492 1741 529 Leonem
1764 494 1959 529 Armenium
1972 493 2071 532 motis

1188 542 1439 586 quaestionibus,
1464 541 1505 576 de
1530 542 1633 584 ejeeco
1654 554 1708 586 per
1729 543 1833 585 ipsum
1850 545 1966 578 Sancto
1979 544 2073 579 Con-

1189 592 1485 636 stantinopolitano
1506 591 1689 630 Patriarcha
1714 592 1907 640 Nicephoro
1925 618 1935 634 ,
1959 595 1992 628 &
2011 595 2073 631 Ec-

1187 643 1288 676 cleliis
1309 642 1474 679 reddenda
1497 653 1574 686 pace
1596 643 1715 687 scripsit
1736 642 1777 677 ad
1812 644 1958 682 Leonem
1981 645 2073 678 Con-

1190 691 1490 736 stantinopolitanae
1519 693 1666 727 Ecclesia:
1698 692 1905 730 Sacellarium
1920 704 2074 731 veneran-

1189 743 1249 776 dus
1271 742 1420 777 Studiani
1463 741 1660 777 Monasterii
1695 742 1809 776 Abbas
1849 742 2073 780 Theodorus.-

1190 795 1282 837 ,Quod
1293 791 1323 835 fi
1341 798 1410 834 quis
1421 802 1501 837 roget
1513 816 1524 833 ,
1549 804 1604 835 quo
1612 792 1701 834 paeto
1713 793 1925 827 Ecclefiarum
1938 805 1999 836 pax
2007 793 2073 835 fieri

1186 844 1294 885 poffit?
1319 846 1351 876 si
1363 844 1530 882 excedant,
1554 849 1677 886 inquam
1691 866 1702 883 ,
1723 841 1856 885 Ecclefiis
1870 843 2050 878 Heterodoxi
2063 867 2073 882 ‚

1190 894 1223 926 (ἐν
1241 899 1393 934 propriam
1415 894 1519 926 sedem
1550 899 1671 935 recipiar
1698 892 1882 935 nicephorus
1907 893 1994 938 sacer
2017 895 2076 925 Pa-

1189 942 1342 984 triarcha‚
1371 949 1423 986 qui
1444 943 1538 977 coaevo
1561 955 1659 979 eorum
1682 947 1840 977 Conventa
1853 966 1864 983 ‚
1890 952 1956 975 cum
1968 941 2074 984 quibus

1188 1002 1336 1026 certamen
1343 991 1481 1036 sustinuit
1490 1019 1500 1033 ‚
1520 993 1621 1037 fifieri
1634 1005 1691 1027 non
1699 995 1778 1036 poffit
1791 1018 1801 1034 ,
1827 1000 1861 1026 ut
1875 991 1913 1026 ab
1935 992 2005 1027 aliis
2018 994 2077 1024 Pa-

1188 1041 1327 1075 rriarthis
1340 1041 1434 1082 adsint
1447 1045 1557 1076 Vicarii'
1570 1067 1577 1074 .
1602 1046 1695 1088 ,Quod
1702 1045 1779 1078 certe
1788 1044 1855 1087 fieri
1864 1042 1954 1085 potest
1965 1066 1975 1082 ‚
1989 1039 2020 1084 fi
2026 1053 2078 1075 ve·

1188 1093 1224 1124 lit
1245 1096 1407 1134 Imperator
1430 1094 1645 1127 occidentalem
1658 1094 1787 1137 interesse
1806 1118 1817 1134 ,
1840 1099 1886 1131 cui
1898 1094 1932 1127 cir
1943 1091 2080 1134 potestas

1189 1142 1323 1184 defertur
1333 1141 1526 1176 OEcumenicae
1540 1144 1661 1181 synodi.
1688 1143 1897 1180 Occidentali
1912 1168 1923 1183 ,
1943 1143 1996 1176 seu
2010 1142 2081 1175 Ro-

1191 1204 1291 1227 mano
1314 1190 1507 1227 Patriarchae
1519 1192 1666 1227 adfirmat
1679 1194 1741 1226 effe
1753 1203 1883 1227 tantam
1897 1190 2080 1226 OEcumeni·

1191 1254 1234 1276 cae
1247 1240 1373 1285 Synodi
1389 1243 1614 1277 audieritatem
1627 1267 1637 1283 ‚
1667 1253 1703 1276 ut
1715 1243 1781 1276 sine
1793 1243 1863 1285 ipso
1876 1242 1933 1275 alii
1945 1241 2086 1275 Patriar·

1190 1291 1257 1327 chae
1269 1303 1328 1326 nec
1340 1291 1444 1326 adesse
1457 1292 1560 1326 velint
1571 1316 1582 1333 ,
1595 1303 1655 1327 nec
1669 1293 1775 1341 legare
1782 1291 1938 1327 rVicarios
1948 1317 1955 1324 .
1979 1289 2083 1338 Quod

1192 1353 1308 1385 nempe
1321 1342 1432 1375 norint
1444 1343 1474 1375 se
1486 1343 1552 1377 fine
1565 1342 1633 1386 ipso
1646 1354 1713 1377 non
1727 1344 1790 1377 esse
1803 1342 1974 1385 Synodum
1990 1366 2000 1381 ,
2028 1339 2083 1374 sed

1191 1392 1350 1434 acephalas
1359 1390 1482 1431 locustas
1492 1417 1499 1424 .
1528 1393 1577 1426 Ita
1590 1392 1680 1426 enim
1693 1392 1734 1428 de
1748 1389 1916 1425 BasiIeensi
1929 1391 2084 1426 Conven-

1192 1443 1295 1478 ticulo
1308 1442 1534 1486 pronuntiavit
1547 1453 1679 1483 quartus
1704 1442 1894 1486 Eugenius.
1924 1441 1967 1474 Et
1992 1441 2026 1474 in
2049 1440 2086 1473 li-

1193 1492 1251 1526 bro
1263 1492 1305 1525 de
1330 1492 1498 1533 inculpata
1522 1491 1787 1527 Christianorum
1811 1491 1989 1534 Religione
2012 1490 2086 1524 scri·

1193 1541 1241 1574 bit
1256 1563 1268 1580 ,
1290 1541 1330 1573 de
1344 1539 1491 1572 secundae
1507 1540 1649 1574 Nicaenae
1660 1539 1787 1581 Synodi
1802 1539 1895 1573 Astis
1907 1539 2060 1573 disserens
2074 1563 2086 1578 ‚

1190 1588 1341 1622 laudatus
1363 1585 1551 1621 Patriarcha
1565 1588 1798 1631 Nicephorus:
1830 1588 1964 1631 Derisum
1987 1588 2024 1628 est
2036 1588 2086 1620 hoc

1187 1639 1359 1680 potifflmum
1367 1640 1484 1679 jurium
1496 1640 1530 1672 (τ
1556 1642 1712 1672 Canonum
1736 1637 1916 1682 Praescri'pto
1931 1663 1941 1678 ,
1966 1639 2103 1681 quando'

1183 1691 1281 1729 juxta
1292 1688 1330 1720 ab
1350 1692 1517 1731 antiquitus
1545 1690 1655 1721 divina
1682 1693 1827 1728 Decreta,
1855 1695 1887 1721 in
1908 1701 1943 1721 ea
1968 1695 2085 1729 primas

1190 1738 1340 1773 obtinebat
1353 1736 1594 1780 &praefidebam
1621 1740 1703 1781 quod
1722 1750 1759 1772 ex
1785 1738 2021 1773 Occidentalibus
2047 1738 2087 1769 lo—

1189 1794 1231 1821 cis
1253 1789 1422 1825 advenerat
1432 1813 1443 1829 ,
1463 1788 1527 1829 five
1535 1787 1664 1831 senioris
1679 1793 1780 1821 Romae
1788 1797 1865 1831 pars
1880 1785 1937 1830 non
1959 1797 2088 1821 contem-

1192 1840 1312 1877 nenda,
1341 1849 1462 1881 quorum
1475 1836 1580 1881 absque
1591 1836 1726 1882 consensu
1735 1839 1841 1882 dogma
1858 1863 1868 1877 ,
1894 1839 1974 1881 quod
1984 1843 2015 1870 in
2029 1841 2087 1870 Ec-

1190 1888 1272 1931 clefia
1293 1896 1448 1932 movetur,
1476 1894 1522 1922 uti
1545 1889 1658 1932 legibus
1678 1913 1688 1929 ‚
1717 1888 1888 1922 Canonibus
1901 1911 1911 1927 ‚
1936 1889 1970 1922 ὢ·
1984 1886 2084 1931 sacris

1191 1936 1443 1981 consuetudinibus
1452 1937 1663 1982 praescriptum
1690 1939 1730 1973 ab
1754 1945 1878 1982 antiquo
1898 1937 1955 1980 est,
1979 1937 2087 1982 proba-

1191 1993 1299 2022 tionem
1324 1999 1381 2024 non
1403 1988 1546 2030 habebit,
1573 1991 1624 2023 vel
1629 1989 1723 2032 finem
1736 2001 1868 2032 unquam
1894 1990 2020 2031 aliquem
2025 1986 2086 2031 sor·

1192 2044 1279 2072 rietur
1291 2063 1298 2070 .
1328 2039 1395 2071 Illis
1408 2044 1487 2076 enim
1501 2045 1534 2072 in
1544 2039 1633 2073 rebus
1641 2037 1736 2083 sacris
1750 2043 1962 2081 Principatum
1974 2039 2087 2072 obtine-

1192 2099 1224 2119 re
1244 2088 1399 2129 concessum
1416 2088 1453 2127 est
1468 2112 1478 2127 ,
1503 2090 1538 2126 1&
1552 2093 1726 2130 Principum
1749 2097 1827 2127 inter
1842 2089 1980 2132 Apostolos
1991 2090 2087 2132 digni·-

1191 2143 1290 2168 tatem
1305 2134 1407 2178 sortiti
1426 2133 1499 2182 sunt
1516 2158 1523 2166 -
1551 2138 1677 2170 Lucide
1689 2141 1857 2180 profitetur
1877 2140 2024 2173 Romani
2043 2140 2086 2172 E·

1194 2185 1315 2232 piscopi
1338 2185 1374 2222 in
1395 2184 1540 2229 generali
1569 2183 1708 2229 Synodo
1733 2186 1972 2220 Praesidentiam
1985 2199 2022 2221 ac
2038 2189 2084 2221 su-

1193 2246 1337 2278 premam
1359 2235 1587 2269 auctoritatem
1609 2237 1671 2269 effe
1692 2235 1733 2269 de
1745 2235 1873 2278 Synodi
1888 2235 2084 2278 substantia,

1191 2286 1226 2318 δι’
1249 2286 1293 2318 ita
1316 2285 1474 2327 praescribi
1495 2283 1514 2317 ὲ
1529 2285 1654 2330 legibus
1677 2310 1687 2325 ‚
1725 2285 1920 2320 Canonibus
1941 2312 1950 2326 ‚
1989 2287 2084 2321 sacris

1192 2334 1500 2376 consuetudinibus,
1544 2337 1578 2371 &
1604 2335 1738 2370 Divinis
1760 2336 1906 2369 Decretis
1926 2361 1933 2368 .
1962 2337 2085 2380 Loqui-

1193 2397 1244 2421 tur
1262 2395 1337 2419 cum
1362 2383 1561 2428 Imperatore
1583 2385 1824 2424 Valentiniano
1843 2387 1939 2420 tertio
1963 2410 1973 2426 ,
2011 2388 2086 2421 scri·

1193 2434 1290 2470 bente
1308 2435 1348 2468 ad
1368 2434 1600 2470 Theodosium
1619 2435 1799 2473 secundum
1821 2448 1879 2483 pro
1891 2447 2013 2482 magno
2022 2437 2083 2472 Pa·

1194 2498 1234 2530 pa
1245 2486 1358 2520 Leone
1370 2485 1519 2519 adversus
1541 2483 1740 2529 Ephesinum
1763 2488 1998 2523 latrocinium:
2027 2491 2085 2522 De-

1194 2537 1291 2571 bemus
1315 2546 1380 2568 cum
1404 2540 1482 2568 omni
1501 2542 1675 2580 competenti
1713 2538 1866 2574 devotione
1906 2538 2085 2583 dignitatem

1190 2591 1323 2630 propriae
1344 2590 1549 2621 venerationis
1573 2587 1658 2621 beato
1679 2587 1805 2631 Apostolo
1831 2590 1919 2624 Petro
1929 2594 2087 2623 intemera-

1195 2637 1306 2674 tam&
1331 2640 1364 2670 in
1384 2635 1484 2676 nostris
1506 2637 1684 2680 temporibus
1708 2637 1880 2681 conservare
1900 2661 1910 2677 ‚
1936 2648 2084 2680 quatenus

1195 2687 1367 2727 beatiffimus
1379 2691 1523 2722 Romana·
1537 2693 1676 2722 civitatis
1692 2686 1856 2731 Episcopus
1871 2712 1882 2728 ,
1908 2695 1954 2721 cui
1969 2691 2085 2722 Princi-

1191 2747 1301 2781 patum
1324 2739 1486 2774 sacerdotii
1503 2735 1594 2781 super
1621 2749 1720 2773 omnes
1745 2738 1866 2772 contulit
1887 2742 2058 2780 antiquitas
2071 2762 2083 2778 ,

1194 2791 1284 2822 locum
1305 2787 1413 2824 babeat
1426 2799 1461 2822 ac
1485 2786 1661 2830 facultatem
1685 2790 1722 2823 de
1739 2788 1799 2830 fide
1822 2790 1856 2822 &
1878 2788 2083 2821 sacerdotibus

1195 2840 1229 2873 in
1251 2839 1411 2883 postulata
1436 2849 1490 2882 per
1516 2839 1710 2875 Flavianum
1741 2838 2083 2881 Constantinopolita-

1197 2900 1274 2924 num
1295 2889 1494 2934 Episcopum
1519 2889 1663 2935 generali
1686 2886 1822 2932 Synodo
1841 2889 1980 2928 judicare
2004 2913 2011 2920 .
2042 2887 2082 2921 ln

1193 2939 1337 2986 generali
1358 2940 1448 2975 enim
1471 2939 1609 2984 Synodo
1631 2939 1803 2975 Romanus
1818 2939 2019 2981 Episcopus,
2046 2938 2084 2971 li·

1193 3001 1322 3025 cernon
1350 2989 1564 3035 potestatem,
1590 2990 1676 3024 solus
1696 3000 1805 3023 tamen
1826 2987 1923 3021 habet
1947 2987 2082 3021 auetori-

1193 3049 1293 3075 tatem
1309 3041 1350 3074 de
1377 3041 1444 3075 fide
1465 3040 1499 3073 δε
1523 3039 1754 3075 Sacerdotibus
1776 3035 1960 3084 judicandi.
1989 3038 2082 3071 Hinc

1193 3090 1235 3125 ad
1259 3090 1401 3126 eundem
1424 3091 1621 3126 Pontificem
1647 3087 1769 3133 scripsit
1791 3088 1971 3132 Imperator
1996 3088 2082 3121 Mar-

1192 3141 1330 3174 cianus:
1355 3140 1509 3186 superest,
1533 3150 1566 3175 ut
1571 3139 1601 3182 fi
1602 3141 1746 3182 placuerit
1760 3148 1821 3172 tuae
1846 3138 2077 3172 Beatitudi'niin

1195 3190 1250 3224 has
1258 3198 1365 3234 partes
1379 3193 1544 3233 advenire,
1569 3191 1755 3233 &Synodum
1764 3190 1928 3228 celebrare,
1954 3186 2005 3220 hoc
2025 3185 2083 3228 fa·

1194 3251 1255 3275 cere
1265 3241 1411 3285 religionis
1423 3241 1544 3283 adfec‘lu
1558 3243 1714 3285 dignetur.
1744 3242 1787 3274 Et
1801 3239 1883 3273 infra
1896 3237 1930 3271 in
1956 3234 2081 3271 eisdem

1196 3291 1333 3325 litteris:
1360 3295 1470 3325 Omnes
1490 3290 1659 3335 sanc‘hfflmi
1679 3289 1819 3333 Episcopi
1857 3287 1984 3322 debeant
2019 3297 2084 3319 con-

1195 3347 1318 3382 venire,
1353 3342 1388 3376 &⁵
1410 3353 1478 3385 quae
1500 3342 1733 3382 Christianorum
1756 3341 1884 3384 religioni
1905 3347 1994 3380 atque
2023 3339 2084 3367 Ca-

1195 3390 1308 3426 tholicae
1331 3390 1403 3434 fidei
1420 3391 1552 3435 prosint,
1584 3391 1656 3433 ficut
1678 3391 1833 3426 Sandlitas
1852 3397 1904 3423 tua
1921 3384 2081 3466 seczgdfcm

2010 3445 2036 3469 ς.
