<?xml version="1.0" encoding="UTF-8"?>
<!DOCTYPE html PUBLIC "-//W3C//DTD XHTML 1.0 Transitional//EN"
    "http://www.w3.org/TR/xhtml1/DTD/xhtml1-transitional.dtd">
<html xmlns="http://www.w3.org/1999/xhtml" xml:lang="en" lang="en">
 <head>
  <title>
</title>
<meta http-equiv="Content-Type" content="text/html;charset=utf-8" />
  <meta name='ocr-system' content='tesseract 3.04.00' />
  <meta name='ocr-capabilities' content='ocr_page ocr_carea ocr_par ocr_line ocrx_word'/>
</head>
<body>
  <div class='ocr_page' id='page_1' title='image "./operaomniastudio05lupuuoft/operaomniastudio05lupuuoft_0102.png"; bbox 0 0 2366 3756; ppageno 0'>
   <div class='ocr_carea' id='block_1_1' title="bbox 367 155 919 216">
    <p class='ocr_par' dir='ltr' id='par_1_1' title="bbox 367 155 919 216">
     <span class='ocr_line' id='line_1_1' title="bbox 367 155 919 216; baseline -0.002 -10"><span class='ocrx_word' id='word_1_1' title='bbox 367 174 437 216; x_wconf 66' lang='lat'>22</span> <span class='ocrx_word' id='word_1_2' title='bbox 508 155 919 206; x_wconf 78' lang='lat' dir='ltr'>NlcoLAI</span> 
     </span>
    </p>
   </div>
   <div class='ocr_carea' id='block_1_2' title="bbox 987 174 1381 207">
    <p class='ocr_par' dir='ltr' id='par_1_2' title="bbox 987 174 1381 207">
     <span class='ocr_line' id='line_1_2' title="bbox 987 174 1381 207; baseline 0.008 -3"><span class='ocrx_word' id='word_1_3' title='bbox 987 174 1381 207; x_wconf 33' lang='lat' dir='ltr'>*SECUNDI</span> 
     </span>
    </p>
   </div>
   <div class='ocr_carea' id='block_1_3' title="bbox 1452 161 2021 212">
    <p class='ocr_par' dir='ltr' id='par_1_3' title="bbox 1452 161 2021 212">
     <span class='ocr_line' id='line_1_3' title="bbox 1452 161 2021 212; baseline 0.011 -6"><span class='ocrx_word' id='word_1_4' title='bbox 1452 161 2021 212; x_wconf 70' lang='lat' dir='ltr'>P0N111=1C1s</span> 
     </span>
    </p>
   </div>
   <div class='ocr_carea' id='block_1_4' title="bbox 301 244 2147 304">
    <p class='ocr_par' dir='ltr' id='par_1_4' title="bbox 301 244 2147 304">
     <span class='ocr_line' id='line_1_4' title="bbox 301 244 2147 304; baseline 0.005 -25"><span class='ocrx_word' id='word_1_5' title='bbox 301 245 485 289; x_wconf 83' lang='lat' dir='ltr'>Presbyteri</span> <span class='ocrx_word' id='word_1_6' title='bbox 499 247 650 279; x_wconf 85' lang='lat' dir='ltr'>Domum</span> <span class='ocrx_word' id='word_1_7' title='bbox 661 244 780 280; x_wconf 62' lang='lat' dir='ltr'>directa</span> <span class='ocrx_word' id='word_1_8' title='bbox 791 245 885 279; x_wconf 79' lang='lat' dir='ltr'>fuisse</span> <span class='ocrx_word' id='word_1_9' title='bbox 909 244 1036 279; x_wconf 85' lang='lat' dir='ltr'>videtur</span> <span class='ocrx_word' id='word_1_10' title='bbox 1047 245 1176 280; x_wconf 89' lang='lat' dir='ltr'>oblatio</span> <span class='ocrx_word' id='word_1_11' title='bbox 1187 257 1212 304; x_wconf 34' lang='grc' dir='ltr'>Ἰ</span> <span class='ocrx_word' id='word_1_12' title='bbox 1254 254 1344 283; x_wconf 82' lang='lat' dir='ltr'>cimas</span> <span class='ocrx_word' id='word_1_13' title='bbox 1357 249 1465 281; x_wconf 83' lang='lat' dir='ltr'>damus</span> <span class='ocrx_word' id='word_1_14' title='bbox 1477 272 1484 280; x_wconf 95' lang='lat'><strong>.</strong></span> <span class='ocrx_word' id='word_1_15' title='bbox 1513 246 1764 291; x_wconf 75' lang='lat' dir='ltr'>Antiqu·iffimas</span> <span class='ocrx_word' id='word_1_16' title='bbox 1784 257 1896 284; x_wconf 88' lang='lat' dir='ltr'>tamen</span> <span class='ocrx_word' id='word_1_17' title='bbox 1914 252 1979 287; x_wconf 77' lang='lat' dir='ltr'>effe</span> <span class='ocrx_word' id='word_1_18' title='bbox 1993 250 2147 289; x_wconf 79' lang='lat' dir='ltr'>Christia-</span> 
     </span>
    </p>
   </div>
   <div class='ocr_carea' id='block_1_5' title="bbox 93 296 1194 3351">
    <p class='ocr_par' dir='ltr' id='par_1_5' title="bbox 93 296 1194 2589">
     <span class='ocr_line' id='line_1_5' title="bbox 300 296 1194 339; baseline 0 -8"><span class='ocrx_word' id='word_1_19' title='bbox 300 296 346 331; x_wconf 77' lang='lat' dir='ltr'>Et</span> <span class='ocrx_word' id='word_1_20' title='bbox 368 298 474 339; x_wconf 89' lang='lat' dir='ltr'>plures</span> <span class='ocrx_word' id='word_1_21' title='bbox 491 296 608 330; x_wconf 77' lang='lat' dir='ltr'>vetusti</span> <span class='ocrx_word' id='word_1_22' title='bbox 631 297 788 331; x_wconf 87' lang='lat' dir='ltr'>Canones</span> <span class='ocrx_word' id='word_1_23' title='bbox 809 296 973 330; x_wconf 78' lang='lat' dir='ltr'>affirmant</span> <span class='ocrx_word' id='word_1_24' title='bbox 992 307 1127 331; x_wconf 89' lang='lat' dir='ltr'>omnem</span> <span class='ocrx_word' id='word_1_25' title='bbox 1140 297 1194 332; x_wconf 78' lang='lat' dir='ltr'>fi&#39;e-</span> 
     </span>
     <span class='ocr_line' id='line_1_6' title="bbox 299 345 1194 395; baseline 0.002 -15"><span class='ocrx_word' id='word_1_26' title='bbox 299 347 326 380; x_wconf 83' lang='lat' dir='ltr'>ri</span> <span class='ocrx_word' id='word_1_27' title='bbox 347 345 399 379; x_wconf 90' lang='lat' dir='ltr'>vel</span> <span class='ocrx_word' id='word_1_28' title='bbox 425 345 466 380; x_wconf 87' lang='lat' dir='ltr'>ad</span> <span class='ocrx_word' id='word_1_29' title='bbox 492 345 783 388; x_wconf 87' lang='lat' dir='ltr'>Gazophylacium</span> <span class='ocrx_word' id='word_1_30' title='bbox 805 346 858 380; x_wconf 86' lang='lat' dir='ltr'>vel</span> <span class='ocrx_word' id='word_1_31' title='bbox 871 346 913 381; x_wconf 82' lang='lat' dir='ltr'>ad</span> <span class='ocrx_word' id='word_1_32' title='bbox 928 346 1060 381; x_wconf 85' lang='lat' dir='ltr'>Altare.</span> <span class='ocrx_word' id='word_1_33' title='bbox 1091 347 1194 395; x_wconf 84' lang='lat' dir='ltr'>Qid-</span> 
     </span>
     <span class='ocr_line' id='line_1_7' title="bbox 297 394 1192 438; baseline 0.004 -10"><span class='ocrx_word' id='word_1_34' title='bbox 297 394 376 438; x_wconf 89' lang='lat' dir='ltr'>quid</span> <span class='ocrx_word' id='word_1_35' title='bbox 398 395 437 429; x_wconf 82' lang='lat' dir='ltr'>sit</span> <span class='ocrx_word' id='word_1_36' title='bbox 460 420 472 437; x_wconf 88' lang='lat'>,</span> <span class='ocrx_word' id='word_1_37' title='bbox 509 395 656 430; x_wconf 84' lang='lat' dir='ltr'>laudatus</span> <span class='ocrx_word' id='word_1_38' title='bbox 679 397 808 431; x_wconf 75' lang='lat' dir='ltr'>Doctor</span> <span class='ocrx_word' id='word_1_39' title='bbox 834 396 1073 432; x_wconf 83' lang='lat' dir='ltr'>Primitiarium</span> <span class='ocrx_word' id='word_1_40' title='bbox 1100 399 1192 433; x_wconf 88' lang='lat' dir='ltr'>obla·</span> 
     </span>
     <span class='ocr_line' id='line_1_8' title="bbox 296 444 1190 492; baseline 0.006 -13"><span class='ocrx_word' id='word_1_41' title='bbox 296 447 425 479; x_wconf 85' lang='lat' dir='ltr'>tionem</span> <span class='ocrx_word' id='word_1_42' title='bbox 450 444 663 481; x_wconf 86' lang='lat' dir='ltr'>commendat</span> <span class='ocrx_word' id='word_1_43' title='bbox 691 446 726 480; x_wconf 87' lang='lat' dir='ltr'>in</span> <span class='ocrx_word' id='word_1_44' title='bbox 753 446 1031 492; x_wconf 83' lang='lat' dir='ltr'>Apostolicorum</span> <span class='ocrx_word' id='word_1_45' title='bbox 1045 449 1190 484; x_wconf 68' lang='lat' dir='ltr'>Astuum</span> 
     </span>
     <span class='ocr_line' id='line_1_9' title="bbox 290 495 1190 542; baseline 0.004 -11"><span class='ocrx_word' id='word_1_46' title='bbox 290 495 575 537; x_wconf 81' lang='lat' dir='ltr'>Commentariis,</span> <span class='ocrx_word' id='word_1_47' title='bbox 604 496 782 540; x_wconf 80' lang='lat' dir='ltr'>opulentos</span> <span class='ocrx_word' id='word_1_48' title='bbox 807 508 895 532; x_wconf 82' lang='lat' dir='ltr'>terrae</span> <span class='ocrx_word' id='word_1_49' title='bbox 922 501 1110 542; x_wconf 74' lang='lat' dir='ltr'>possessores</span> <span class='ocrx_word' id='word_1_50' title='bbox 1136 500 1190 535; x_wconf 87' lang='lat' dir='ltr'>ad·</span> 
     </span>
     <span class='ocr_line' id='line_1_10' title="bbox 293 544 1185 597; baseline 0.007 -19"><span class='ocrx_word' id='word_1_51' title='bbox 293 544 429 579; x_wconf 85' lang='lat' dir='ltr'>hortans</span> <span class='ocrx_word' id='word_1_52' title='bbox 454 544 506 585; x_wconf 57' lang='lat' dir='ltr'>ad,</span> <span class='ocrx_word' id='word_1_53' title='bbox 524 546 613 581; x_wconf 80' lang='lat' dir='ltr'>suam</span> <span class='ocrx_word' id='word_1_54' title='bbox 638 548 758 591; x_wconf 85' lang='lat' dir='ltr'>cuique</span> <span class='ocrx_word' id='word_1_55' title='bbox 785 547 867 583; x_wconf 83' lang='lat' dir='ltr'>villae</span> <span class='ocrx_word' id='word_1_56' title='bbox 895 550 949 585; x_wconf 87' lang='lat' dir='ltr'>seu</span> <span class='ocrx_word' id='word_1_57' title='bbox 978 561 1063 597; x_wconf 86' lang='lat' dir='ltr'>pago</span> <span class='ocrx_word' id='word_1_58' title='bbox 1089 548 1185 585; x_wconf 83' lang='lat' dir='ltr'>aedifi-</span> 
     </span>
     <span class='ocr_line' id='line_1_11' title="bbox 291 595 1191 638; baseline 0.007 -9"><span class='ocrx_word' id='word_1_59' title='bbox 291 595 431 630; x_wconf 77' lang='lat' dir='ltr'>eandam</span> <span class='ocrx_word' id='word_1_60' title='bbox 459 596 663 638; x_wconf 72' lang='lat' dir='ltr'>Ecclesiam,</span> <span class='ocrx_word' id='word_1_61' title='bbox 688 595 789 634; x_wconf 54' lang='lat' dir='ltr'>&amp;aie</span> <span class='ocrx_word' id='word_1_62' title='bbox 817 597 910 634; x_wconf 86' lang='lat' dir='ltr'>Cleri</span> <span class='ocrx_word' id='word_1_63' title='bbox 936 599 1008 635; x_wconf 89' lang='lat' dir='ltr'>istic</span> <span class='ocrx_word' id='word_1_64' title='bbox 1019 611 1098 637; x_wconf 90' lang='lat' dir='ltr'>tunc</span> <span class='ocrx_word' id='word_1_65' title='bbox 1109 613 1191 635; x_wconf 81' lang='lat' dir='ltr'>eon-</span> 
     </span>
     <span class='ocr_line' id='line_1_12' title="bbox 290 645 1189 695; baseline 0.007 -16"><span class='ocrx_word' id='word_1_66' title='bbox 290 645 912 695; x_wconf 82' lang='lat' dir='ltr'>stituendisustentationeadjungens:</span> <span class='ocrx_word' id='word_1_67' title='bbox 941 653 1032 684; x_wconf 47' lang='lat' dir='ltr'>umet*</span> <span class='ocrx_word' id='word_1_68' title='bbox 1060 648 1091 681; x_wconf 71' lang='grc' dir='ltr'>ἐξ</span> <span class='ocrx_word' id='word_1_69' title='bbox 1112 652 1189 675; x_wconf 68' lang='grc' dir='ltr'>0“λ”’</span> 
     </span>
     <span class='ocr_line' id='line_1_13' title="bbox 290 693 1192 741; baseline 0.014 -27"><span class='ocrx_word' id='word_1_70' title='bbox 290 695 347 733; x_wconf 59' lang='lat'>⁰¹⁶⁷?</span> <span class='ocrx_word' id='word_1_71' title='bbox 368 693 470 727; x_wconf 66' lang='grc' dir='ltr'>καρπῶ</span> <span class='ocrx_word' id='word_1_72' title='bbox 490 693 544 741; x_wconf 54' lang='grc' dir='ltr'><strong><em>ιη’ῒζ</em></strong></span> <span class='ocrx_word' id='word_1_73' title='bbox 564 693 621 721; x_wconf 64' lang='lat' dir='ltr'>nir</span> <span class='ocrx_word' id='word_1_74' title='bbox 651 701 694 725; x_wconf 69' lang='grc' dir='ltr'>τοι</span> <span class='ocrx_word' id='word_1_75' title='bbox 723 699 784 724; x_wconf 68' lang='grc' dir='ltr'>ςεσν</span> <span class='ocrx_word' id='word_1_76' title='bbox 815 704 935 736; x_wconf 62' lang='grc' dir='ltr'>προτερον</span> <span class='ocrx_word' id='word_1_77' title='bbox 966 702 1108 737; x_wconf 54' lang='lat' dir='ltr'>monemur</span> <span class='ocrx_word' id='word_1_78' title='bbox 1137 697 1192 729; x_wconf 64' lang='lat' dir='ltr'>uate*</span> 
     </span>
     <span class='ocr_line' id='line_1_14' title="bbox 288 734 1188 790; baseline 0.006 -12"><span class='ocrx_word' id='word_1_79' title='bbox 288 734 422 772; x_wconf 39' lang='lat' dir='ltr'>“⁸²⁹‘stss</span> <span class='ocrx_word' id='word_1_80' title='bbox 442 741 587 770; x_wconf 65' lang='grc' dir='ltr'>λ“μβ“ἐ”</span> <span class='ocrx_word' id='word_1_81' title='bbox 603 769 613 779; x_wconf 90' lang='grc'><strong>.</strong></span> <span class='ocrx_word' id='word_1_82' title='bbox 641 748 797 782; x_wconf 85' lang='lat' dir='ltr'>Parumne</span> <span class='ocrx_word' id='word_1_83' title='bbox 821 749 859 790; x_wconf 86' lang='lat' dir='ltr'>est</span> <span class='ocrx_word' id='word_1_84' title='bbox 881 753 977 786; x_wconf 89' lang='lat' dir='ltr'>Deum</span> <span class='ocrx_word' id='word_1_85' title='bbox 1002 759 1040 782; x_wconf 84' lang='lat' dir='ltr'>ex</span> <span class='ocrx_word' id='word_1_86' title='bbox 1052 748 1188 783; x_wconf 84' lang='lat' dir='ltr'>omnibus</span> 
     </span>
     <span class='ocr_line' id='line_1_15' title="bbox 114 789 1188 842; baseline -0.006 -4"><span class='ocrx_word' id='word_1_87' title='bbox 114 810 206 842; x_wconf 78' lang='lat' dir='ltr'>Hom.</span> <span class='ocrx_word' id='word_1_88' title='bbox 226 813 270 842; x_wconf 64' lang='lat'>12.</span> <span class='ocrx_word' id='word_1_89' title='bbox 280 789 438 834; x_wconf 54' lang='lat' dir='ltr'>fruamus</span> <span class='ocrx_word' id='word_1_90' title='bbox 465 799 526 829; x_wconf 79' lang='lat' dir='ltr'>tuis</span> <span class='ocrx_word' id='word_1_91' title='bbox 547 801 683 838; x_wconf 76' lang='lat' dir='ltr'>primam</span> <span class='ocrx_word' id='word_1_92' title='bbox 703 805 827 840; x_wconf 81' lang='lat' dir='ltr'>partem</span> <span class='ocrx_word' id='word_1_93' title='bbox 853 801 888 835; x_wconf 71' lang='lat' dir='ltr'>ee</span> <span class='ocrx_word' id='word_1_94' title='bbox 927 803 1089 836; x_wconf 73' lang='lat' dir='ltr'>Primitias</span> <span class='ocrx_word' id='word_1_95' title='bbox 1116 804 1188 833; x_wconf 74' lang='lat' dir='ltr'>acci·-</span> 
     </span>
     <span class='ocr_line' id='line_1_16' title="bbox 282 844 1190 892; baseline 0.009 -15"><span class='ocrx_word' id='word_1_96' title='bbox 282 844 381 884; x_wconf 79' lang='lat' dir='ltr'>pere?</span> <span class='ocrx_word' id='word_1_97' title='bbox 403 844 484 880; x_wconf 90' lang='lat' dir='ltr'>Hoc</span> <span class='ocrx_word' id='word_1_98' title='bbox 505 845 596 881; x_wconf 87' lang='lat' dir='ltr'>enim</span> <span class='ocrx_word' id='word_1_99' title='bbox 620 847 723 883; x_wconf 90' lang='lat' dir='ltr'>modo</span> <span class='ocrx_word' id='word_1_100' title='bbox 745 850 880 892; x_wconf 81' lang='lat' dir='ltr'>praesens</span> <span class='ocrx_word' id='word_1_101' title='bbox 890 858 1065 885; x_wconf 82' lang='lat' dir='ltr'>contextus</span> <span class='ocrx_word' id='word_1_102' title='bbox 1076 850 1190 885; x_wconf 88' lang='lat' dir='ltr'>omni·</span> 
     </span>
     <span class='ocr_line' id='line_1_17' title="bbox 286 891 1186 945; baseline 0.011 -20"><span class='ocrx_word' id='word_1_103' title='bbox 286 891 333 926; x_wconf 71' lang='lat' dir='ltr'>nd</span> <span class='ocrx_word' id='word_1_104' title='bbox 357 893 457 931; x_wconf 90' lang='lat' dir='ltr'>debet</span> <span class='ocrx_word' id='word_1_105' title='bbox 475 897 579 932; x_wconf 84' lang='lat' dir='ltr'>verti.</span> <span class='ocrx_word' id='word_1_106' title='bbox 607 897 652 932; x_wconf 90' lang='lat' dir='ltr'>Et</span> <span class='ocrx_word' id='word_1_107' title='bbox 671 899 707 933; x_wconf 91' lang='lat' dir='ltr'>in</span> <span class='ocrx_word' id='word_1_108' title='bbox 728 899 869 936; x_wconf 82' lang='lat' dir='ltr'>laudatis</span> <span class='ocrx_word' id='word_1_109' title='bbox 891 900 1095 945; x_wconf 84' lang='lat' dir='ltr'>Apostolicae</span> <span class='ocrx_word' id='word_1_110' title='bbox 1144 901 1186 935; x_wconf 88' lang='lat' dir='ltr'>ad</span> 
     </span>
     <span class='ocr_line' id='line_1_18' title="bbox 285 943 1185 995; baseline 0.01 -18"><span class='ocrx_word' id='word_1_111' title='bbox 285 943 485 981; x_wconf 80' lang='lat' dir='ltr'>Corinthios</span> <span class='ocrx_word' id='word_1_112' title='bbox 520 946 679 992; x_wconf 79' lang='lat' dir='ltr'>Epistolae</span> <span class='ocrx_word' id='word_1_113' title='bbox 717 949 979 987; x_wconf 80' lang='lat' dir='ltr'>CommentariIs</span> <span class='ocrx_word' id='word_1_114' title='bbox 999 964 1012 987; x_wconf 73' lang='grc' dir='ltr'><strong>ι</strong></span> <span class='ocrx_word' id='word_1_115' title='bbox 1048 950 1185 995; x_wconf 76' lang='lat' dir='ltr'>opifex,</span> 
     </span>
     <span class='ocr_line' id='line_1_19' title="bbox 283 997 1182 1046; baseline 0.008 -17"><span class='ocrx_word' id='word_1_116' title='bbox 283 997 388 1036; x_wconf 68' lang='lat' dir='ltr'>utpote</span> <span class='ocrx_word' id='word_1_117' title='bbox 409 998 570 1031; x_wconf 86' lang='lat' dir='ltr'>calceorum</span> <span class='ocrx_word' id='word_1_118' title='bbox 594 998 834 1043; x_wconf 74' lang='lat' dir='ltr'>consarcinator,</span> <span class='ocrx_word' id='word_1_119' title='bbox 855 1001 962 1046; x_wconf 77' lang='lat' dir='ltr'>fictor,</span> <span class='ocrx_word' id='word_1_120' title='bbox 981 1001 1075 1045; x_wconf 81' lang='lat' dir='ltr'>faber</span> <span class='ocrx_word' id='word_1_121' title='bbox 1107 1014 1182 1036; x_wconf 81' lang='lat' dir='ltr'>aera-</span> 
     </span>
     <span class='ocr_line' id='line_1_20' title="bbox 283 1047 1183 1096; baseline 0.011 -21"><span class='ocrx_word' id='word_1_122' title='bbox 283 1048 345 1078; x_wconf 85' lang='lat' dir='ltr'>rius</span> <span class='ocrx_word' id='word_1_123' title='bbox 358 1068 370 1086; x_wconf 86' lang='lat'>,</span> <span class='ocrx_word' id='word_1_124' title='bbox 402 1047 454 1081; x_wconf 82' lang='lat' dir='ltr'>vel</span> <span class='ocrx_word' id='word_1_125' title='bbox 475 1054 579 1091; x_wconf 83' lang='lat' dir='ltr'>quivis</span> <span class='ocrx_word' id='word_1_126' title='bbox 605 1050 685 1084; x_wconf 84' lang='lat' dir='ltr'>alius</span> <span class='ocrx_word' id='word_1_127' title='bbox 711 1051 829 1095; x_wconf 80' lang='lat' dir='ltr'>artifex</span> <span class='ocrx_word' id='word_1_128' title='bbox 843 1079 854 1095; x_wconf 92' lang='lat'>‚</span> <span class='ocrx_word' id='word_1_129' title='bbox 877 1054 943 1087; x_wconf 65' lang='lat' dir='ltr'>cum</span> <span class='ocrx_word' id='word_1_130' title='bbox 967 1054 1087 1096; x_wconf 86' lang='lat' dir='ltr'>aliquid</span> <span class='ocrx_word' id='word_1_131' title='bbox 1109 1064 1183 1087; x_wconf 80' lang='lat' dir='ltr'>ven-</span> 
     </span>
     <span class='ocr_line' id='line_1_21' title="bbox 283 1095 1178 1148; baseline 0.011 -22"><span class='ocrx_word' id='word_1_132' title='bbox 283 1095 401 1130; x_wconf 81' lang='lat' dir='ltr'>diderit</span> <span class='ocrx_word' id='word_1_133' title='bbox 423 1109 462 1132; x_wconf 83' lang='lat' dir='ltr'>ex</span> <span class='ocrx_word' id='word_1_134' title='bbox 484 1105 527 1134; x_wconf 86' lang='lat' dir='ltr'>eis</span> <span class='ocrx_word' id='word_1_135' title='bbox 538 1098 671 1143; x_wconf 80' lang='lat' dir='ltr'>quaesua</span> <span class='ocrx_word' id='word_1_136' title='bbox 679 1111 748 1136; x_wconf 81' lang='lat' dir='ltr'>arte</span> <span class='ocrx_word' id='word_1_137' title='bbox 757 1102 857 1148; x_wconf 81' lang='lat' dir='ltr'>fiunt,</span> <span class='ocrx_word' id='word_1_138' title='bbox 883 1105 935 1139; x_wconf 88' lang='lat' dir='ltr'>det</span> <span class='ocrx_word' id='word_1_139' title='bbox 947 1105 1008 1137; x_wconf 83' lang='lat' dir='ltr'>Deo</span> <span class='ocrx_word' id='word_1_140' title='bbox 1021 1106 1178 1136; x_wconf 80' lang='lat' dir='ltr'>Primitias</span> 
     </span>
     <span class='ocr_line' id='line_1_22' title="bbox 278 1148 1181 1195; baseline 0.002 -10"><span class='ocrx_word' id='word_1_141' title='bbox 278 1151 373 1185; x_wconf 69' lang='lat' dir='ltr'>pretii</span> <span class='ocrx_word' id='word_1_142' title='bbox 385 1172 396 1188; x_wconf 89' lang='lat'>,</span> <span class='ocrx_word' id='word_1_143' title='bbox 422 1148 466 1182; x_wconf 74' lang='lat' dir='ltr'>ibi</span> <span class='ocrx_word' id='word_1_144' title='bbox 481 1158 619 1192; x_wconf 85' lang='lat' dir='ltr'>parvam</span> <span class='ocrx_word' id='word_1_145' title='bbox 636 1159 759 1193; x_wconf 87' lang='lat' dir='ltr'>partem</span> <span class='ocrx_word' id='word_1_146' title='bbox 783 1155 928 1195; x_wconf 73' lang='lat' dir='ltr'>dejiciat,</span> <span class='ocrx_word' id='word_1_147' title='bbox 953 1163 987 1188; x_wconf 86' lang='lat' dir='ltr'>ut</span> <span class='ocrx_word' id='word_1_148' title='bbox 1013 1165 1051 1188; x_wconf 85' lang='lat' dir='ltr'>ex</span> <span class='ocrx_word' id='word_1_149' title='bbox 1073 1159 1181 1187; x_wconf 81' lang='lat' dir='ltr'>minori</span> 
     </span>
     <span class='ocr_line' id='line_1_23' title="bbox 277 1202 1180 1247; baseline 0.011 -18"><span class='ocrx_word' id='word_1_150' title='bbox 277 1202 371 1236; x_wconf 79' lang='lat' dir='ltr'>parte</span> <span class='ocrx_word' id='word_1_151' title='bbox 392 1210 457 1232; x_wconf 85' lang='lat' dir='ltr'>cum</span> <span class='ocrx_word' id='word_1_152' title='bbox 479 1203 540 1234; x_wconf 85' lang='lat' dir='ltr'>Deo</span> <span class='ocrx_word' id='word_1_153' title='bbox 556 1207 713 1243; x_wconf 78' lang='lat' dir='ltr'><em>partiatur</em></span> <span class='ocrx_word' id='word_1_154' title='bbox 736 1227 743 1235; x_wconf 87' lang='lat'>.</span> <span class='ocrx_word' id='word_1_155' title='bbox 771 1203 828 1238; x_wconf 90' lang='lat' dir='ltr'>Ab</span> <span class='ocrx_word' id='word_1_156' title='bbox 840 1206 935 1238; x_wconf 87' lang='lat' dir='ltr'>omni</span> <span class='ocrx_word' id='word_1_157' title='bbox 949 1203 1037 1239; x_wconf 85' lang='lat' dir='ltr'>fideli</span> <span class='ocrx_word' id='word_1_158' title='bbox 1049 1216 1180 1247; x_wconf 88' lang='lat' dir='ltr'>parvam</span> 
     </span>
     <span class='ocr_line' id='line_1_24' title="bbox 281 1250 1180 1299; baseline 0.01 -19"><span class='ocrx_word' id='word_1_159' title='bbox 281 1257 392 1282; x_wconf 85' lang='lat' dir='ltr'>arcam</span> <span class='ocrx_word' id='word_1_160' title='bbox 415 1273 428 1290; x_wconf 87' lang='lat'>,</span> <span class='ocrx_word' id='word_1_161' title='bbox 466 1250 503 1284; x_wconf 85' lang='lat' dir='ltr'>in</span> <span class='ocrx_word' id='word_1_162' title='bbox 526 1262 590 1294; x_wconf 87' lang='lat' dir='ltr'>qua</span> <span class='ocrx_word' id='word_1_163' title='bbox 612 1251 763 1295; x_wconf 73' lang='lat' dir='ltr'>quotidie</span> <span class='ocrx_word' id='word_1_164' title='bbox 783 1253 858 1288; x_wconf 87' lang='lat' dir='ltr'>istas</span> <span class='ocrx_word' id='word_1_165' title='bbox 883 1255 1050 1290; x_wconf 86' lang='lat' dir='ltr'>Primitias</span> <span class='ocrx_word' id='word_1_166' title='bbox 1075 1255 1180 1299; x_wconf 83' lang='lat' dir='ltr'>depo-</span> 
     </span>
     <span class='ocr_line' id='line_1_25' title="bbox 280 1299 1178 1348; baseline 0.011 -18"><span class='ocrx_word' id='word_1_167' title='bbox 280 1307 359 1338; x_wconf 86' lang='lat' dir='ltr'>nat,</span> <span class='ocrx_word' id='word_1_168' title='bbox 387 1299 500 1335; x_wconf 80' lang='lat' dir='ltr'>suadet·</span> <span class='ocrx_word' id='word_1_169' title='bbox 523 1302 594 1335; x_wconf 75' lang='lat' dir='ltr'>fieri</span> <span class='ocrx_word' id='word_1_170' title='bbox 616 1302 659 1336; x_wconf 76' lang='lat' dir='ltr'>ad</span> <span class='ocrx_word' id='word_1_171' title='bbox 685 1301 824 1344; x_wconf 56' lang='lat' dir='ltr'>lcitum,</span> <span class='ocrx_word' id='word_1_172' title='bbox 850 1304 892 1339; x_wconf 91' lang='lat' dir='ltr'>ab</span> <span class='ocrx_word' id='word_1_173' title='bbox 912 1305 972 1338; x_wconf 87' lang='lat' dir='ltr'>illa·</span> <span class='ocrx_word' id='word_1_174' title='bbox 982 1305 1178 1348; x_wconf 86' lang='lat' dir='ltr'>promittens</span> 
     </span>
     <span class='ocr_line' id='line_1_26' title="bbox 277 1346 1179 1392; baseline 0.009 -14"><span class='ocrx_word' id='word_1_175' title='bbox 277 1346 486 1383; x_wconf 59' lang='lat' dir='ltr'>securitatem</span> <span class='ocrx_word' id='word_1_176' title='bbox 507 1350 659 1384; x_wconf 76' lang='lat' dir='ltr'>adversus</span> <span class='ocrx_word' id='word_1_177' title='bbox 671 1352 929 1392; x_wconf 76' lang='lat' dir='ltr'>perturbationes</span> <span class='ocrx_word' id='word_1_178' title='bbox 941 1356 1179 1388; x_wconf 69' lang='lat' dir='ltr'>nocturnorum</span> 
     </span>
     <span class='ocr_line' id='line_1_27' title="bbox 277 1395 1180 1447; baseline 0.008 -17"><span class='ocrx_word' id='word_1_179' title='bbox 277 1395 422 1430; x_wconf 79' lang='lat' dir='ltr'>visorum</span> <span class='ocrx_word' id='word_1_180' title='bbox 443 1408 542 1442; x_wconf 87' lang='lat' dir='ltr'>atque</span> <span class='ocrx_word' id='word_1_181' title='bbox 565 1400 814 1435; x_wconf 84' lang='lat' dir='ltr'>insomniorum</span> <span class='ocrx_word' id='word_1_182' title='bbox 835 1425 842 1433; x_wconf 83' lang='lat'><em>.</em></span> <span class='ocrx_word' id='word_1_183' title='bbox 869 1402 912 1436; x_wconf 86' lang='lat' dir='ltr'>Et</span> <span class='ocrx_word' id='word_1_184' title='bbox 942 1403 1048 1447; x_wconf 87' lang='lat' dir='ltr'>pergit</span> <span class='ocrx_word' id='word_1_185' title='bbox 1073 1415 1085 1436; x_wconf 82' lang='lat'>.-</span> <span class='ocrx_word' id='word_1_186' title='bbox 1123 1406 1180 1437; x_wconf 86' lang='lat' dir='ltr'>Hoc</span> 
     </span>
     <span class='ocr_line' id='line_1_28' title="bbox 278 1447 1174 1494; baseline 0.004 -14"><span class='ocrx_word' id='word_1_187' title='bbox 278 1453 375 1480; x_wconf 78' lang='lat' dir='ltr'>autem</span> <span class='ocrx_word' id='word_1_188' title='bbox 388 1447 447 1488; x_wconf 81' lang='lat' dir='ltr'>fac</span> <span class='ocrx_word' id='word_1_189' title='bbox 469 1460 526 1483; x_wconf 85' lang='lat' dir='ltr'>non</span> <span class='ocrx_word' id='word_1_190' title='bbox 550 1448 645 1491; x_wconf 73' lang='lat' dir='ltr'>solum</span> <span class='ocrx_word' id='word_1_191' title='bbox 671 1452 830 1493; x_wconf 76' lang='lat' dir='ltr'>vendens,</span> <span class='ocrx_word' id='word_1_192' title='bbox 856 1452 917 1494; x_wconf 86' lang='lat' dir='ltr'>sed</span> <span class='ocrx_word' id='word_1_193' title='bbox 938 1458 1031 1486; x_wconf 84' lang='lat' dir='ltr'>etiam</span> <span class='ocrx_word' id='word_1_194' title='bbox 1052 1464 1154 1487; x_wconf 84' lang='lat' dir='ltr'>emens</span> <span class='ocrx_word' id='word_1_195' title='bbox 1167 1476 1174 1484; x_wconf 93' lang='lat'><strong>.</strong></span> 
     </span>
     <span class='ocr_line' id='line_1_29' title="bbox 277 1497 1177 1542; baseline 0.001 -10"><span class='ocrx_word' id='word_1_196' title='bbox 277 1505 367 1533; x_wconf 80' lang='lat' dir='ltr'>Hanc</span> <span class='ocrx_word' id='word_1_197' title='bbox 389 1499 480 1541; x_wconf 82' lang='lat' dir='ltr'>legem</span> <span class='ocrx_word' id='word_1_198' title='bbox 504 1504 599 1531; x_wconf 83' lang='lat' dir='ltr'>etiam</span> <span class='ocrx_word' id='word_1_199' title='bbox 620 1497 744 1540; x_wconf 81' lang='lat' dir='ltr'>servent</span> <span class='ocrx_word' id='word_1_200' title='bbox 768 1505 821 1541; x_wconf 78' lang='lat' dir='ltr'>que·</span> <span class='ocrx_word' id='word_1_201' title='bbox 841 1501 964 1541; x_wconf 72' lang='lat' dir='ltr'>pradia</span> <span class='ocrx_word' id='word_1_202' title='bbox 984 1498 1132 1542; x_wconf 81' lang='lat' dir='ltr'>possident</span> <span class='ocrx_word' id='word_1_203' title='bbox 1142 1507 1177 1533; x_wconf 82' lang='lat' dir='ltr'>in</span> 
     </span>
     <span class='ocr_line' id='line_1_30' title="bbox 274 1548 1174 1594; baseline 0.003 -13"><span class='ocrx_word' id='word_1_204' title='bbox 274 1548 494 1590; x_wconf 77' lang='lat' dir='ltr'>proventibus:</span> <span class='ocrx_word' id='word_1_205' title='bbox 521 1551 632 1581; x_wconf 82' lang='lat' dir='ltr'>Etiam</span> <span class='ocrx_word' id='word_1_206' title='bbox 654 1560 754 1582; x_wconf 87' lang='lat' dir='ltr'>omnes</span> <span class='ocrx_word' id='word_1_207' title='bbox 780 1554 834 1591; x_wconf 83' lang='lat' dir='ltr'>qui</span> <span class='ocrx_word' id='word_1_208' title='bbox 852 1549 937 1592; x_wconf 82' lang='lat' dir='ltr'>justa</span> <span class='ocrx_word' id='word_1_209' title='bbox 962 1552 1101 1594; x_wconf 84' lang='lat' dir='ltr'>eolligunt</span> <span class='ocrx_word' id='word_1_210' title='bbox 1124 1561 1174 1584; x_wconf 83' lang='lat' dir='ltr'>ve-</span> 
     </span>
     <span class='ocr_line' id='line_1_31' title="bbox 277 1598 1170 1646; baseline 0.002 -15"><span class='ocrx_word' id='word_1_211' title='bbox 277 1599 401 1642; x_wconf 66' lang='lat' dir='ltr'>&amp;galia</span> <span class='ocrx_word' id='word_1_212' title='bbox 413 1622 421 1630; x_wconf 91' lang='lat'>.</span> <span class='ocrx_word' id='word_1_213' title='bbox 450 1599 500 1631; x_wconf 73' lang='lat' dir='ltr'>Ad</span> <span class='ocrx_word' id='word_1_214' title='bbox 517 1609 565 1632; x_wconf 88' lang='lat' dir='ltr'>eos</span> <span class='ocrx_word' id='word_1_215' title='bbox 585 1604 666 1632; x_wconf 83' lang='lat' dir='ltr'>enim</span> <span class='ocrx_word' id='word_1_216' title='bbox 686 1604 738 1641; x_wconf 78' lang='lat' dir='ltr'>qui</span> <span class='ocrx_word' id='word_1_217' title='bbox 757 1598 863 1642; x_wconf 83' lang='lat' dir='ltr'>usuras</span> <span class='ocrx_word' id='word_1_218' title='bbox 886 1605 1010 1646; x_wconf 84' lang='lat' dir='ltr'>exigunt</span> <span class='ocrx_word' id='word_1_219' title='bbox 1030 1620 1040 1642; x_wconf 90' lang='lat'>,-</span> <span class='ocrx_word' id='word_1_220' title='bbox 1076 1602 1098 1633; x_wconf 74' lang='grc' dir='ltr'><em>ἃ</em></span> <span class='ocrx_word' id='word_1_221' title='bbox 1124 1612 1170 1637; x_wconf 86' lang='lat' dir='ltr'>me</span> 
     </span>
     <span class='ocr_line' id='line_1_32' title="bbox 278 1648 1173 1694; baseline 0.001 -11"><span class='ocrx_word' id='word_1_222' title='bbox 278 1648 374 1683; x_wconf 78' lang='lat' dir='ltr'>verba</span> <span class='ocrx_word' id='word_1_223' title='bbox 400 1659 458 1681; x_wconf 88' lang='lat' dir='ltr'>non</span> <span class='ocrx_word' id='word_1_224' title='bbox 475 1648 580 1690; x_wconf 85' lang='lat' dir='ltr'>fiunt,</span> <span class='ocrx_word' id='word_1_225' title='bbox 607 1659 698 1691; x_wconf 83' lang='lat' dir='ltr'>neque</span> <span class='ocrx_word' id='word_1_226' title='bbox 724 1650 770 1681; x_wconf 86' lang='lat' dir='ltr'>ad</span> <span class='ocrx_word' id='word_1_227' title='bbox 792 1651 902 1683; x_wconf 79' lang='lat' dir='ltr'>milites</span> <span class='ocrx_word' id='word_1_228' title='bbox 913 1657 965 1694; x_wconf 85' lang='lat' dir='ltr'>qui</span> <span class='ocrx_word' id='word_1_229' title='bbox 981 1657 1173 1692; x_wconf 83' lang='lat' dir='ltr'>concutiunt,</span> 
     </span>
     <span class='ocr_line' id='line_1_33' title="bbox 279 1699 1175 1740; baseline 0.001 -7"><span class='ocrx_word' id='word_1_230' title='bbox 279 1701 314 1733; x_wconf 66' lang='grc' dir='ltr'>(τ</span> <span class='ocrx_word' id='word_1_231' title='bbox 334 1700 404 1732; x_wconf 83' lang='lat' dir='ltr'>aliis</span> <span class='ocrx_word' id='word_1_232' title='bbox 420 1707 589 1740; x_wconf 80' lang='lat' dir='ltr'>procurant</span> <span class='ocrx_word' id='word_1_233' title='bbox 610 1700 800 1733; x_wconf 79' lang='lat' dir='ltr'>calamitates</span> <span class='ocrx_word' id='word_1_234' title='bbox 814 1724 821 1732; x_wconf 90' lang='lat'>.</span> <span class='ocrx_word' id='word_1_235' title='bbox 850 1699 1045 1734; x_wconf 82' lang='lat' dir='ltr'>Generatim</span> <span class='ocrx_word' id='word_1_236' title='bbox 1071 1712 1114 1733; x_wconf 87' lang='lat' dir='ltr'>ex</span> <span class='ocrx_word' id='word_1_237' title='bbox 1127 1712 1175 1734; x_wconf 86' lang='lat' dir='ltr'>re-</span> 
     </span>
     <span class='ocr_line' id='line_1_34' title="bbox 278 1747 1175 1792; baseline 0.002 -10"><span class='ocrx_word' id='word_1_238' title='bbox 278 1748 339 1783; x_wconf 91' lang='lat' dir='ltr'>bus</span> <span class='ocrx_word' id='word_1_239' title='bbox 360 1747 474 1792; x_wconf 76' lang='lat' dir='ltr'>inique</span> <span class='ocrx_word' id='word_1_240' title='bbox 496 1747 658 1792; x_wconf 78' lang='lat' dir='ltr'>acquisitis</span> <span class='ocrx_word' id='word_1_241' title='bbox 681 1749 808 1783; x_wconf 90' lang='lat' dir='ltr'>nullam</span> <span class='ocrx_word' id='word_1_242' title='bbox 834 1750 905 1783; x_wconf 89' lang='lat' dir='ltr'>vult</span> <span class='ocrx_word' id='word_1_243' title='bbox 935 1751 1005 1784; x_wconf 86' lang='lat' dir='ltr'>fieri</span> <span class='ocrx_word' id='word_1_244' title='bbox 1032 1750 1175 1785; x_wconf 86' lang='lat' dir='ltr'>oblatio·</span> 
     </span>
     <span class='ocr_line' id='line_1_35' title="bbox 96 1798 1176 1843; baseline 0.001 -10"><span class='ocrx_word' id='word_1_245' title='bbox 96 1813 260 1843; x_wconf 45' lang='lat'>0242„</span> <span class='ocrx_word' id='word_1_246' title='bbox 279 1810 356 1834; x_wconf 87' lang='lat' dir='ltr'>nem</span> <span class='ocrx_word' id='word_1_247' title='bbox 385 1825 392 1831; x_wconf 93' lang='lat'><strong>.</strong></span> <span class='ocrx_word' id='word_1_248' title='bbox 434 1798 604 1835; x_wconf 85' lang='lat' dir='ltr'>Primitias</span> <span class='ocrx_word' id='word_1_249' title='bbox 625 1799 728 1833; x_wconf 83' lang='lat' dir='ltr'>etiam</span> <span class='ocrx_word' id='word_1_250' title='bbox 757 1800 942 1843; x_wconf 78' lang='lat' dir='ltr'>fiequenter</span> <span class='ocrx_word' id='word_1_251' title='bbox 967 1801 1176 1835; x_wconf 85' lang='lat' dir='ltr'>&amp;instanter</span> 
     </span>
     <span class='ocr_line' id='line_1_36' title="bbox 93 1845 1175 1893; baseline 0.005 -12"><span class='ocrx_word' id='word_1_252' title='bbox 93 1862 148 1886; x_wconf 29' lang='lat'><strong><em>¹27.</em></strong></span> <span class='ocrx_word' id='word_1_253' title='bbox 172 1859 220 1888; x_wconf 75' lang='lat'>34·</span> <span class='ocrx_word' id='word_1_254' title='bbox 238 1845 245 1850; x_wconf 80' lang='grc'>’</span> <span class='ocrx_word' id='word_1_255' title='bbox 277 1849 515 1884; x_wconf 84' lang='lat' dir='ltr'>commendant</span> <span class='ocrx_word' id='word_1_256' title='bbox 541 1849 813 1893; x_wconf 78' lang='lat' dir='ltr'>Apostolicaesub</span> <span class='ocrx_word' id='word_1_257' title='bbox 832 1852 978 1885; x_wconf 86' lang='lat' dir='ltr'>Romani</span> <span class='ocrx_word' id='word_1_258' title='bbox 994 1851 1175 1886; x_wconf 87' lang='lat' dir='ltr'>Clementis</span> 
     </span>
     <span class='ocr_line' id='line_1_37' title="bbox 279 1898 1174 1939; baseline 0.001 -4"><span class='ocrx_word' id='word_1_259' title='bbox 279 1899 417 1935; x_wconf 83' lang='lat' dir='ltr'>nomine</span> <span class='ocrx_word' id='word_1_260' title='bbox 444 1898 716 1939; x_wconf 79' lang='lat' dir='ltr'>constitutiones,</span> <span class='ocrx_word' id='word_1_261' title='bbox 743 1901 915 1935; x_wconf 79' lang='lat' dir='ltr'>afferentes</span> <span class='ocrx_word' id='word_1_262' title='bbox 935 1903 997 1935; x_wconf 72' lang='lat' dir='ltr'>esse</span> <span class='ocrx_word' id='word_1_263' title='bbox 1009 1902 1174 1936; x_wconf 87' lang='lat' dir='ltr'>Divinum</span> 
     </span>
     <span class='ocr_line' id='line_1_38' title="bbox 278 1949 1173 1996; baseline 0.002 -11"><span class='ocrx_word' id='word_1_264' title='bbox 278 1951 480 1994; x_wconf 66' lang='lat' dir='ltr'>Praeceptum</span> <span class='ocrx_word' id='word_1_265' title='bbox 503 1963 510 1985; x_wconf 90' lang='lat'>:</span> <span class='ocrx_word' id='word_1_266' title='bbox 552 1949 686 1996; x_wconf 88' lang='lat' dir='ltr'>Utique</span> <span class='ocrx_word' id='word_1_267' title='bbox 707 1949 908 1996; x_wconf 78' lang='lat' dir='ltr'>Praeceptum</span> <span class='ocrx_word' id='word_1_268' title='bbox 932 1952 1047 1986; x_wconf 77' lang='lat' dir='ltr'>veteris</span> <span class='ocrx_word' id='word_1_269' title='bbox 1067 1952 1173 1996; x_wconf 87' lang='lat' dir='ltr'>legis,</span> 
     </span>
     <span class='ocr_line' id='line_1_39' title="bbox 277 1999 1173 2045; baseline 0.001 -10"><span class='ocrx_word' id='word_1_270' title='bbox 277 2001 320 2036; x_wconf 82' lang='lat' dir='ltr'>ab</span> <span class='ocrx_word' id='word_1_271' title='bbox 347 1999 522 2045; x_wconf 85' lang='lat' dir='ltr'>Apostolis</span> <span class='ocrx_word' id='word_1_272' title='bbox 547 2001 744 2035; x_wconf 85' lang='lat' dir='ltr'>translatum</span> <span class='ocrx_word' id='word_1_273' title='bbox 770 2002 804 2035; x_wconf 92' lang='lat' dir='ltr'>in</span> <span class='ocrx_word' id='word_1_274' title='bbox 843 2002 1019 2037; x_wconf 83' lang='lat' dir='ltr'>Ecclesiam</span> <span class='ocrx_word' id='word_1_275' title='bbox 1040 2028 1047 2036; x_wconf 86' lang='lat'><strong>.</strong></span> <span class='ocrx_word' id='word_1_276' title='bbox 1084 2005 1173 2038; x_wconf 86' lang='lat' dir='ltr'>Nam</span> 
     </span>
     <span class='ocr_line' id='line_1_40' title="bbox 278 2050 1175 2098; baseline 0.002 -12"><span class='ocrx_word' id='word_1_277' title='bbox 278 2052 312 2086; x_wconf 71' lang='grc' dir='ltr'>δε</span> <span class='ocrx_word' id='word_1_278' title='bbox 334 2050 390 2085; x_wconf 82' lang='lat' dir='ltr'>hic</span> <span class='ocrx_word' id='word_1_279' title='bbox 412 2052 521 2086; x_wconf 84' lang='lat' dir='ltr'>nostra</span> <span class='ocrx_word' id='word_1_280' title='bbox 544 2051 668 2095; x_wconf 82' lang='lat' dir='ltr'>justitia</span> <span class='ocrx_word' id='word_1_281' title='bbox 695 2052 861 2086; x_wconf 89' lang='lat' dir='ltr'>abundare</span> <span class='ocrx_word' id='word_1_282' title='bbox 888 2054 983 2089; x_wconf 88' lang='lat' dir='ltr'>debet</span> <span class='ocrx_word' id='word_1_283' title='bbox 1010 2055 1102 2097; x_wconf 89' lang='lat' dir='ltr'>supra</span> <span class='ocrx_word' id='word_1_284' title='bbox 1130 2055 1175 2098; x_wconf 83' lang='lat' dir='ltr'>ju-</span> 
     </span>
     <span class='ocr_line' id='line_1_41' title="bbox 277 2101 1173 2137; baseline 0.001 -1"><span class='ocrx_word' id='word_1_285' title='bbox 277 2103 399 2137; x_wconf 83' lang='lat' dir='ltr'>stitiam</span> <span class='ocrx_word' id='word_1_286' title='bbox 428 2101 613 2137; x_wconf 78' lang='lat' dir='ltr'>Scribarum</span> <span class='ocrx_word' id='word_1_287' title='bbox 640 2102 675 2135; x_wconf 73' lang='grc' dir='ltr'>ὅ(</span> <span class='ocrx_word' id='word_1_288' title='bbox 711 2101 948 2137; x_wconf 81' lang='lat' dir='ltr'>Pharisaeorum</span> <span class='ocrx_word' id='word_1_289' title='bbox 971 2129 978 2136; x_wconf 90' lang='lat'><strong>.</strong></span> <span class='ocrx_word' id='word_1_290' title='bbox 1018 2105 1060 2137; x_wconf 90' lang='lat' dir='ltr'>Et</span> <span class='ocrx_word' id='word_1_291' title='bbox 1095 2105 1173 2137; x_wconf 85' lang='lat' dir='ltr'>hinc</span> 
     </span>
     <span class='ocr_line' id='line_1_42' title="bbox 275 2149 1177 2191; baseline -0.002 -4"><span class='ocrx_word' id='word_1_292' title='bbox 275 2164 400 2187; x_wconf 82' lang='lat' dir='ltr'>coecam</span> <span class='ocrx_word' id='word_1_293' title='bbox 428 2151 661 2184; x_wconf 82' lang='lat' dir='ltr'>Gentilitatem</span> <span class='ocrx_word' id='word_1_294' title='bbox 675 2149 1052 2191; x_wconf 72' lang='lat' dir='ltr'>Christiauis‘moribus,</span> <span class='ocrx_word' id='word_1_295' title='bbox 1080 2152 1177 2185; x_wconf 87' lang='lat' dir='ltr'>Chri-</span> 
     </span>
     <span class='ocr_line' id='line_1_43' title="bbox 276 2200 1176 2244; baseline 0.001 -8"><span class='ocrx_word' id='word_1_296' title='bbox 276 2203 380 2236; x_wconf 80' lang='lat' dir='ltr'>stiana</span> <span class='ocrx_word' id='word_1_297' title='bbox 408 2200 580 2244; x_wconf 65' lang='lat' dir='ltr'>praesertim</span> <span class='ocrx_word' id='word_1_298' title='bbox 600 2200 635 2233; x_wconf 90' lang='lat' dir='ltr'>in</span> <span class='ocrx_word' id='word_1_299' title='bbox 658 2209 817 2243; x_wconf 87' lang='lat' dir='ltr'>pauperes</span> <span class='ocrx_word' id='word_1_300' title='bbox 844 2202 1098 2242; x_wconf 85' lang='lat' dir='ltr'>munificentia,</span> <span class='ocrx_word' id='word_1_301' title='bbox 1124 2203 1176 2237; x_wconf 91' lang='lat' dir='ltr'>fu·</span> 
     </span>
     <span class='ocr_line' id='line_1_44' title="bbox 276 2250 1174 2296; baseline 0 -10"><span class='ocrx_word' id='word_1_302' title='bbox 276 2263 350 2288; x_wconf 86' lang='lat' dir='ltr'>care</span> <span class='ocrx_word' id='word_1_303' title='bbox 375 2250 518 2296; x_wconf 78' lang='lat' dir='ltr'>gestiens</span> <span class='ocrx_word' id='word_1_304' title='bbox 540 2251 720 2293; x_wconf 83' lang='lat' dir='ltr'>Imperator</span> <span class='ocrx_word' id='word_1_305' title='bbox 758 2250 918 2292; x_wconf 86' lang='lat' dir='ltr'>Apostata</span> <span class='ocrx_word' id='word_1_306' title='bbox 956 2252 1106 2294; x_wconf 87' lang='lat' dir='ltr'>Julianus</span> <span class='ocrx_word' id='word_1_307' title='bbox 1133 2252 1174 2286; x_wconf 86' lang='lat' dir='ltr'>ad</span> 
     </span>
     <span class='ocr_line' id='line_1_45' title="bbox 280 2298 1176 2344; baseline -0.002 -7"><span class='ocrx_word' id='word_1_308' title='bbox 280 2302 455 2338; x_wconf 74' lang='lat' dir='ltr'>Arsacium</span> <span class='ocrx_word' id='word_1_309' title='bbox 482 2300 622 2334; x_wconf 86' lang='lat' dir='ltr'>Galatiae</span> <span class='ocrx_word' id='word_1_310' title='bbox 648 2298 850 2334; x_wconf 87' lang='lat' dir='ltr'>Pontificem</span> <span class='ocrx_word' id='word_1_311' title='bbox 878 2300 998 2344; x_wconf 74' lang='lat' dir='ltr'>scripsit</span> <span class='ocrx_word' id='word_1_312' title='bbox 1021 2314 1032 2334; x_wconf 89' lang='lat'><em>:</em></span> <span class='ocrx_word' id='word_1_313' title='bbox 1071 2305 1176 2335; x_wconf 87' lang='lat' dir='ltr'>Doceto</span> 
     </span>
     <span class='ocr_line' id='line_1_46' title="bbox 278 2349 1175 2394; baseline -0.003 -6"><span class='ocrx_word' id='word_1_314' title='bbox 278 2352 416 2388; x_wconf 77' lang='lat' dir='ltr'>Gentiles</span> <span class='ocrx_word' id='word_1_315' title='bbox 439 2357 472 2384; x_wconf 87' lang='lat' dir='ltr'>in</span> <span class='ocrx_word' id='word_1_316' title='bbox 491 2349 630 2393; x_wconf 86' lang='lat' dir='ltr'>ejusmodi</span> <span class='ocrx_word' id='word_1_317' title='bbox 655 2349 821 2390; x_wconf 84' lang='lat' dir='ltr'>Ministeria</span> <span class='ocrx_word' id='word_1_318' title='bbox 839 2357 998 2392; x_wconf 84' lang='lat' dir='ltr'>pecuniam</span> <span class='ocrx_word' id='word_1_319' title='bbox 1021 2351 1175 2394; x_wconf 87' lang='lat' dir='ltr'>conferre,</span> 
     </span>
     <span class='ocr_line' id='line_1_47' title="bbox 262 2400 1177 2446; baseline -0.001 -11"><span class='ocrx_word' id='word_1_320' title='bbox 262 2406 314 2438; x_wconf 42' lang='lat' dir='ltr'>*e*</span> <span class='ocrx_word' id='word_1_321' title='bbox 334 2412 429 2446; x_wconf 86' lang='lat' dir='ltr'><em>pagos</em></span> <span class='ocrx_word' id='word_1_322' title='bbox 453 2403 619 2435; x_wconf 83' lang='lat' dir='ltr'>Gentilium</span> <span class='ocrx_word' id='word_1_323' title='bbox 638 2412 676 2433; x_wconf 85' lang='lat' dir='ltr'>ex</span> <span class='ocrx_word' id='word_1_324' title='bbox 692 2400 847 2441; x_wconf 67' lang='lat' dir='ltr'>frudlibus</span> <span class='ocrx_word' id='word_1_325' title='bbox 869 2401 970 2442; x_wconf 86' lang='lat' dir='ltr'>offerre</span> <span class='ocrx_word' id='word_1_326' title='bbox 983 2405 1052 2434; x_wconf 90' lang='lat' dir='ltr'>Diis</span> <span class='ocrx_word' id='word_1_327' title='bbox 1065 2405 1177 2434; x_wconf 88' lang='lat' dir='ltr'>Primi-</span> 
     </span>
     <span class='ocr_line' id='line_1_48' title="bbox 110 2449 1171 2508; baseline 0.001 -24"><span class='ocrx_word' id='word_1_328' title='bbox 110 2467 193 2508; x_wconf 49' lang='lat' dir='ltr'>3pist·</span> <span class='ocrx_word' id='word_1_329' title='bbox 214 2480 252 2507; x_wconf 74' lang='lat'>49</span> <span class='ocrx_word' id='word_1_330' title='bbox 281 2460 343 2488; x_wconf 80' lang='lat' dir='ltr'>tias</span> <span class='ocrx_word' id='word_1_331' title='bbox 370 2477 381 2493; x_wconf 92' lang='lat'>‚</span> <span class='ocrx_word' id='word_1_332' title='bbox 420 2453 453 2486; x_wconf 73' lang='lat' dir='ltr'>tb-</span> <span class='ocrx_word' id='word_1_333' title='bbox 476 2449 618 2494; x_wconf 84' lang='lat' dir='ltr'>ejusmodi</span> <span class='ocrx_word' id='word_1_334' title='bbox 640 2451 835 2492; x_wconf 63' lang='lat' dir='ltr'>beneficentiae</span> <span class='ocrx_word' id='word_1_335' title='bbox 862 2453 960 2494; x_wconf 85' lang='lat' dir='ltr'>officiis</span> <span class='ocrx_word' id='word_1_336' title='bbox 984 2452 1171 2496; x_wconf 81' lang='lat' dir='ltr'>affuefacito.</span> 
     </span>
     <span class='ocr_line' id='line_1_49' title="bbox 283 2501 1173 2551; baseline 0.001 -14"><span class='ocrx_word' id='word_1_337' title='bbox 283 2501 387 2551; x_wconf 75' lang='lat' dir='ltr'>Qod</span> <span class='ocrx_word' id='word_1_338' title='bbox 412 2503 527 2545; x_wconf 76' lang='lat' dir='ltr'>nempe</span> <span class='ocrx_word' id='word_1_339' title='bbox 548 2510 629 2536; x_wconf 75' lang='lat' dir='ltr'>tunc</span> <span class='ocrx_word' id='word_1_340' title='bbox 650 2501 709 2535; x_wconf 89' lang='lat' dir='ltr'>ista</span> <span class='ocrx_word' id='word_1_341' title='bbox 733 2512 776 2535; x_wconf 84' lang='lat' dir='ltr'>ex</span> <span class='ocrx_word' id='word_1_342' title='bbox 798 2501 887 2536; x_wconf 85' lang='lat' dir='ltr'>avito</span> <span class='ocrx_word' id='word_1_343' title='bbox 911 2514 1002 2537; x_wconf 86' lang='lat' dir='ltr'>more</span> <span class='ocrx_word' id='word_1_344' title='bbox 1028 2504 1173 2538; x_wconf 80' lang='lat' dir='ltr'>observa-</span> 
     </span>
     <span class='ocr_line' id='line_1_50' title="bbox 279 2550 576 2589; baseline -0.01 0"><span class='ocrx_word' id='word_1_345' title='bbox 279 2563 355 2589; x_wconf 84' lang='lat' dir='ltr'>rent</span> <span class='ocrx_word' id='word_1_346' title='bbox 375 2550 554 2588; x_wconf 81' lang='lat' dir='ltr'>Christiani</span> <span class='ocrx_word' id='word_1_347' title='bbox 567 2578 576 2586; x_wconf 89' lang='lat'><strong>.</strong></span> 
     </span>
    </p>

    <p class='ocr_par' dir='ltr' id='par_1_6' title="bbox 280 2602 1184 3351">
     <span class='ocr_line' id='line_1_51' title="bbox 333 2602 1175 2648; baseline -0.002 -9"><span class='ocrx_word' id='word_1_348' title='bbox 333 2604 497 2639; x_wconf 86' lang='lat' dir='ltr'>Divinam</span> <span class='ocrx_word' id='word_1_349' title='bbox 519 2602 662 2645; x_wconf 80' lang='lat' dir='ltr'>ejusdem</span> <span class='ocrx_word' id='word_1_350' title='bbox 688 2603 802 2643; x_wconf 87' lang='lat' dir='ltr'>veteris</span> <span class='ocrx_word' id='word_1_351' title='bbox 829 2603 1012 2638; x_wconf 86' lang='lat' dir='ltr'>testamenti</span> <span class='ocrx_word' id='word_1_352' title='bbox 1038 2628 1049 2644; x_wconf 92' lang='lat'>‚</span> <span class='ocrx_word' id='word_1_353' title='bbox 1085 2602 1175 2648; x_wconf 76' lang='lat' dir='ltr'>quod</span> 
     </span>
     <span class='ocr_line' id='line_1_52' title="bbox 280 2647 1176 2698; baseline 0 -10"><span class='ocrx_word' id='word_1_354' title='bbox 280 2653 412 2689; x_wconf 87' lang='lat' dir='ltr'>Levitis</span> <span class='ocrx_word' id='word_1_355' title='bbox 434 2653 591 2689; x_wconf 90' lang='lat' dir='ltr'>Decimas</span> <span class='ocrx_word' id='word_1_356' title='bbox 613 2647 799 2696; x_wconf 78' lang='lat' dir='ltr'>adscripsit,</span> <span class='ocrx_word' id='word_1_357' title='bbox 826 2653 932 2698; x_wconf 87' lang='lat' dir='ltr'>legem</span> <span class='ocrx_word' id='word_1_358' title='bbox 955 2654 1112 2688; x_wconf 89' lang='lat' dir='ltr'>laudatin</span> <span class='ocrx_word' id='word_1_359' title='bbox 1126 2655 1176 2688; x_wconf 90' lang='lat' dir='ltr'>lit-</span> 
     </span>
     <span class='ocr_line' id='line_1_53' title="bbox 283 2702 1175 2748; baseline 0 -9"><span class='ocrx_word' id='word_1_360' title='bbox 283 2706 359 2740; x_wconf 81' lang='lat' dir='ltr'>teris</span> <span class='ocrx_word' id='word_1_361' title='bbox 380 2704 421 2739; x_wconf 88' lang='lat' dir='ltr'>ad</span> <span class='ocrx_word' id='word_1_362' title='bbox 443 2704 617 2739; x_wconf 86' lang='lat' dir='ltr'>Furnensis</span> <span class='ocrx_word' id='word_1_363' title='bbox 641 2702 792 2737; x_wconf 83' lang='lat' dir='ltr'>Ecclefiae</span> <span class='ocrx_word' id='word_1_364' title='bbox 816 2703 950 2738; x_wconf 85' lang='lat' dir='ltr'>Clerum</span> <span class='ocrx_word' id='word_1_365' title='bbox 963 2704 1097 2739; x_wconf 66' lang='lat' dir='ltr'>Sanstus</span> <span class='ocrx_word' id='word_1_366' title='bbox 1109 2705 1175 2748; x_wconf 89' lang='lat' dir='ltr'>Cy-</span> 
     </span>
     <span class='ocr_line' id='line_1_54' title="bbox 286 2751 1176 2799; baseline 0.001 -11"><span class='ocrx_word' id='word_1_367' title='bbox 286 2756 418 2799; x_wconf 86' lang='lat' dir='ltr'>prianus</span> <span class='ocrx_word' id='word_1_368' title='bbox 433 2780 443 2795; x_wconf 92' lang='lat'>,</span> <span class='ocrx_word' id='word_1_369' title='bbox 466 2756 502 2789; x_wconf 83' lang='lat'>&amp;</span> <span class='ocrx_word' id='word_1_370' title='bbox 514 2753 666 2798; x_wconf 83' lang='lat' dir='ltr'>adjungit</span> <span class='ocrx_word' id='word_1_371' title='bbox 684 2753 726 2787; x_wconf 91' lang='lat' dir='ltr'>de</span> <span class='ocrx_word' id='word_1_372' title='bbox 751 2751 1015 2788; x_wconf 80' lang='lat' dir='ltr'>Christianorum</span> <span class='ocrx_word' id='word_1_373' title='bbox 1031 2755 1176 2789; x_wconf 85' lang='lat' dir='ltr'>Clerico·</span> 
     </span>
     <span class='ocr_line' id='line_1_55' title="bbox 284 2803 1170 2848; baseline 0 -9"><span class='ocrx_word' id='word_1_374' title='bbox 284 2816 360 2839; x_wconf 85' lang='lat' dir='ltr'>rum</span> <span class='ocrx_word' id='word_1_375' title='bbox 382 2804 639 2838; x_wconf 80' lang='lat' dir='ltr'>sustentatione:</span> <span class='ocrx_word' id='word_1_376' title='bbox 667 2808 704 2838; x_wconf 84' lang='lat' dir='ltr'>In</span> <span class='ocrx_word' id='word_1_377' title='bbox 721 2803 826 2838; x_wconf 88' lang='lat' dir='ltr'>bonore</span> <span class='ocrx_word' id='word_1_378' title='bbox 847 2803 1082 2848; x_wconf 81' lang='lat' dir='ltr'>sportulantium</span> <span class='ocrx_word' id='word_1_379' title='bbox 1096 2810 1170 2839; x_wconf 80' lang='lat' dir='ltr'>Fra-</span> 
     </span>
     <span class='ocr_line' id='line_1_56' title="bbox 285 2854 1176 2897; baseline 0.002 -9"><span class='ocrx_word' id='word_1_380' title='bbox 285 2865 367 2888; x_wconf 79' lang='lat' dir='ltr'>trum</span> <span class='ocrx_word' id='word_1_381' title='bbox 387 2863 544 2897; x_wconf 82' lang='lat' dir='ltr'>tamquam</span> <span class='ocrx_word' id='word_1_382' title='bbox 564 2858 705 2887; x_wconf 79' lang='lat' dir='ltr'>Decimas</span> <span class='ocrx_word' id='word_1_383' title='bbox 713 2854 912 2896; x_wconf 69' lang='lat' dir='ltr'>exfrufflbus</span> <span class='ocrx_word' id='word_1_384' title='bbox 923 2860 1089 2897; x_wconf 79' lang='lat' dir='ltr'>accipiant.</span> <span class='ocrx_word' id='word_1_385' title='bbox 1120 2857 1176 2890; x_wconf 89' lang='lat' dir='ltr'>Ad</span> 
     </span>
     <span class='ocr_line' id='line_1_57' title="bbox 286 2903 1179 2950; baseline 0 -10"><span class='ocrx_word' id='word_1_386' title='bbox 286 2917 385 2950; x_wconf 85' lang='lat' dir='ltr'>quem</span> <span class='ocrx_word' id='word_1_387' title='bbox 407 2906 527 2939; x_wconf 82' lang='lat' dir='ltr'>locum</span> <span class='ocrx_word' id='word_1_388' title='bbox 540 2903 649 2938; x_wconf 85' lang='lat' dir='ltr'>scribit</span> <span class='ocrx_word' id='word_1_389' title='bbox 660 2905 822 2939; x_wconf 88' lang='lat' dir='ltr'>Nicolaus</span> <span class='ocrx_word' id='word_1_390' title='bbox 834 2905 1020 2950; x_wconf 88' lang='lat' dir='ltr'>Rigaltius:</span> <span class='ocrx_word' id='word_1_391' title='bbox 1049 2909 1179 2940; x_wconf 76' lang='lat' dir='ltr'>Decima·</span> 
     </span>
     <span class='ocr_line' id='line_1_58' title="bbox 281 2953 1178 3000; baseline 0 -11"><span class='ocrx_word' id='word_1_392' title='bbox 281 2957 409 3000; x_wconf 65' lang='lat' dir='ltr'>‹quide-m</span> <span class='ocrx_word' id='word_1_393' title='bbox 428 2957 500 2996; x_wconf 58' lang='lat' dir='ltr'>,iure</span> <span class='ocrx_word' id='word_1_394' title='bbox 528 2953 653 2998; x_wconf 87' lang='lat' dir='ltr'>Mosaico</span> <span class='ocrx_word' id='word_1_395' title='bbox 677 2955 859 2989; x_wconf 82' lang='lat' dir='ltr'>debebantur</span> <span class='ocrx_word' id='word_1_396' title='bbox 883 2980 894 2996; x_wconf 90' lang='lat'>‚</span> <span class='ocrx_word' id='word_1_397' title='bbox 927 2957 1064 2989; x_wconf 58' lang='lat' dir='ltr'>minime</span> <span class='ocrx_word' id='word_1_398' title='bbox 1077 2966 1178 2989; x_wconf 88' lang='lat' dir='ltr'>autem</span> 
     </span>
     <span class='ocr_line' id='line_1_59' title="bbox 282 3004 1180 3050; baseline -0.001 -10"><span class='ocrx_word' id='word_1_399' title='bbox 282 3011 354 3050; x_wconf 85' lang='lat' dir='ltr'>jure</span> <span class='ocrx_word' id='word_1_400' title='bbox 381 3004 565 3045; x_wconf 52' lang='lat' dir='ltr'>christiana</span> <span class='ocrx_word' id='word_1_401' title='bbox 591 3010 698 3049; x_wconf 87' lang='lat' dir='ltr'>Itaque</span> <span class='ocrx_word' id='word_1_402' title='bbox 723 3006 761 3039; x_wconf 89' lang='lat' dir='ltr'>ab</span> <span class='ocrx_word' id='word_1_403' title='bbox 790 3006 929 3048; x_wconf 68' lang='lat' dir='ltr'>apostolis</span> <span class='ocrx_word' id='word_1_404' title='bbox 955 3005 1044 3049; x_wconf 88' lang='lat' dir='ltr'>usque</span> <span class='ocrx_word' id='word_1_405' title='bbox 1068 3008 1114 3039; x_wconf 87' lang='lat' dir='ltr'>ad</span> <span class='ocrx_word' id='word_1_406' title='bbox 1126 3011 1180 3045; x_wconf 83' lang='lat' dir='ltr'>Cy-</span> 
     </span>
     <span class='ocr_line' id='line_1_60' title="bbox 285 3055 1180 3101; baseline 0.001 -12"><span class='ocrx_word' id='word_1_407' title='bbox 285 3057 394 3101; x_wconf 74' lang='lat' dir='ltr'>priani</span> <span class='ocrx_word' id='word_1_408' title='bbox 416 3063 549 3096; x_wconf 80' lang='lat' dir='ltr'>tempora</span> <span class='ocrx_word' id='word_1_409' title='bbox 576 3057 660 3089; x_wconf 84' lang='lat' dir='ltr'>nulla</span> <span class='ocrx_word' id='word_1_410' title='bbox 678 3055 746 3098; x_wconf 84' lang='lat' dir='ltr'>fuit</span> <span class='ocrx_word' id='word_1_411' title='bbox 769 3063 851 3090; x_wconf 75' lang='lat' dir='ltr'>inter</span> <span class='ocrx_word' id='word_1_412' title='bbox 881 3055 1058 3097; x_wconf 80' lang='lat' dir='ltr'>Christiana</span> <span class='ocrx_word' id='word_1_413' title='bbox 1083 3055 1180 3100; x_wconf 75' lang='lat' dir='ltr'>vsubfi-</span> 
     </span>
     <span class='ocr_line' id='line_1_61' title="bbox 291 3106 1179 3150; baseline -0.001 -10"><span class='ocrx_word' id='word_1_414' title='bbox 291 3109 345 3140; x_wconf 84' lang='lat' dir='ltr'>dia</span> <span class='ocrx_word' id='word_1_415' title='bbox 370 3111 478 3140; x_wconf 79' lang='lat' dir='ltr'>mentio</span> <span class='ocrx_word' id='word_1_416' title='bbox 503 3108 710 3138; x_wconf 73' lang='lat' dir='ltr'>Decimarum.</span> <span class='ocrx_word' id='word_1_417' title='bbox 738 3106 856 3147; x_wconf 81' lang='lat' dir='ltr'>Ufitatae</span> <span class='ocrx_word' id='word_1_418' title='bbox 881 3108 1069 3150; x_wconf 77' lang='lat' dir='ltr'>aliquamdiu</span> <span class='ocrx_word' id='word_1_419' title='bbox 1092 3106 1179 3150; x_wconf 73' lang='lat' dir='ltr'>spor-</span> 
     </span>
     <span class='ocr_line' id='line_1_62' title="bbox 287 3154 1182 3200; baseline 0.007 -15"><span class='ocrx_word' id='word_1_420' title='bbox 287 3159 384 3192; x_wconf 53' lang='grc' dir='ltr'><em>παῖε.</em></span> <span class='ocrx_word' id='word_1_421' title='bbox 412 3154 514 3195; x_wconf 76' lang='lat' dir='ltr'>Postea</span> <span class='ocrx_word' id='word_1_422' title='bbox 537 3157 609 3199; x_wconf 63' lang='lat' dir='ltr'>verb</span> <span class='ocrx_word' id='word_1_423' title='bbox 633 3179 646 3196; x_wconf 91' lang='lat'><em>‚</em></span> <span class='ocrx_word' id='word_1_424' title='bbox 672 3157 849 3199; x_wconf 80' lang='lat' dir='ltr'>exolescente</span> <span class='ocrx_word' id='word_1_425' title='bbox 868 3156 1070 3200; x_wconf 87' lang='lat' dir='ltr'>sportularum</span> <span class='ocrx_word' id='word_1_426' title='bbox 1095 3157 1182 3191; x_wconf 82' lang='lat' dir='ltr'>hono-</span> 
     </span>
     <span class='ocr_line' id='line_1_63' title="bbox 292 3205 1184 3251; baseline 0.002 -11"><span class='ocrx_word' id='word_1_427' title='bbox 292 3218 344 3247; x_wconf 82' lang='lat' dir='ltr'>re,</span> <span class='ocrx_word' id='word_1_428' title='bbox 372 3211 527 3240; x_wconf 76' lang='lat' dir='ltr'>intravere</span> <span class='ocrx_word' id='word_1_429' title='bbox 549 3209 583 3237; x_wconf 84' lang='lat' dir='ltr'>in</span> <span class='ocrx_word' id='word_1_430' title='bbox 606 3205 761 3246; x_wconf 75' lang='lat' dir='ltr'>Ecclesiam</span> <span class='ocrx_word' id='word_1_431' title='bbox 782 3211 934 3246; x_wconf 81' lang='lat' dir='ltr'>Decimae,</span> <span class='ocrx_word' id='word_1_432' title='bbox 961 3208 1121 3251; x_wconf 79' lang='lat' dir='ltr'>Religionis</span> <span class='ocrx_word' id='word_1_433' title='bbox 1132 3208 1184 3242; x_wconf 85' lang='lat' dir='ltr'>ob-</span> 
     </span>
     <span class='ocr_line' id='line_1_64' title="bbox 294 3256 1180 3299; baseline 0.003 -9"><span class='ocrx_word' id='word_1_434' title='bbox 294 3265 377 3292; x_wconf 79' lang='lat' dir='ltr'>tentu</span> <span class='ocrx_word' id='word_1_435' title='bbox 391 3281 401 3296; x_wconf 95' lang='lat'>,</span> <span class='ocrx_word' id='word_1_436' title='bbox 427 3267 461 3288; x_wconf 85' lang='lat' dir='ltr'>ac</span> <span class='ocrx_word' id='word_1_437' title='bbox 490 3257 592 3298; x_wconf 61' lang='lat' dir='ltr'>prima</span> <span class='ocrx_word' id='word_1_438' title='bbox 630 3257 754 3297; x_wconf 79' lang='lat' dir='ltr'>quidem</span> <span class='ocrx_word' id='word_1_439' title='bbox 783 3256 952 3299; x_wconf 70' lang='lat' dir='ltr'>spontanea</span> <span class='ocrx_word' id='word_1_440' title='bbox 977 3258 1180 3299; x_wconf 74' lang='lat' dir='ltr'>liberalitate,</span> 
     </span>
     <span class='ocr_line' id='line_1_65' title="bbox 296 3304 1183 3351; baseline 0.002 -11"><span class='ocrx_word' id='word_1_441' title='bbox 296 3304 379 3351; x_wconf 72' lang='lat' dir='ltr'>quast</span> <span class='ocrx_word' id='word_1_442' title='bbox 394 3305 538 3351; x_wconf 63' lang='lat' dir='ltr'>sportulis</span> <span class='ocrx_word' id='word_1_443' title='bbox 565 3304 649 3338; x_wconf 85' lang='lat' dir='ltr'>haud</span> <span class='ocrx_word' id='word_1_444' title='bbox 671 3304 904 3348; x_wconf 82' lang='lat' dir='ltr'>sufficientibus,</span> <span class='ocrx_word' id='word_1_445' title='bbox 929 3306 1039 3341; x_wconf 79' lang='lat' dir='ltr'>oblatae</span> <span class='ocrx_word' id='word_1_446' title='bbox 1067 3333 1077 3348; x_wconf 89' lang='lat'>,</span> <span class='ocrx_word' id='word_1_447' title='bbox 1113 3321 1183 3342; x_wconf 85' lang='lat' dir='ltr'>mox</span> 
     </span>
    </p>
   </div>
   <div class='ocr_carea' id='block_1_6' title="bbox 113 2823 270 2864">
    <p class='ocr_par' dir='ltr' id='par_1_7' title="bbox 113 2823 270 2864">
     <span class='ocr_line' id='line_1_66' title="bbox 113 2823 270 2864; baseline -0.019 -6"><span class='ocrx_word' id='word_1_448' title='bbox 113 2823 200 2864; x_wconf 64' lang='lat' dir='ltr'>npist.</span> <span class='ocrx_word' id='word_1_449' title='bbox 217 2829 270 2855; x_wconf 75' lang='lat'>66-</span> 
     </span>
    </p>
   </div>
   <div class='ocr_carea' id='block_1_7' title="bbox 1206 306 1211 438">
    <p class='ocr_par' dir='ltr' id='par_1_8' title="bbox 1206 306 1211 438">
     <span class='ocr_line' id='line_1_67' title="bbox 1206 306 1211 438; baseline 0 3318"><span class='ocrx_word' id='word_1_450' title='bbox 1206 306 1211 438; x_wconf 95' lang='lat' dir='ltr'> </span> 
     </span>
    </p>
   </div>
   <div class='ocr_carea' id='block_1_8' title="bbox 1203 442 1209 632">
    <p class='ocr_par' dir='ltr' id='par_1_9' title="bbox 1203 442 1209 632">
     <span class='ocr_line' id='line_1_68' title="bbox 1203 442 1209 632; baseline 0 3124"><span class='ocrx_word' id='word_1_451' title='bbox 1203 442 1209 632; x_wconf 95' lang='lat' dir='ltr'> </span> 
     </span>
    </p>
   </div>
   <div class='ocr_carea' id='block_1_9' title="bbox 1238 296 2316 2148">
    <p class='ocr_par' dir='ltr' id='par_1_10' title="bbox 1238 296 2316 2148">
     <span class='ocr_line' id='line_1_69' title="bbox 1257 296 2146 347; baseline 0.003 -14"><span class='ocrx_word' id='word_1_452' title='bbox 1257 310 1377 333; x_wconf 90' lang='lat' dir='ltr'>norum</span> <span class='ocrx_word' id='word_1_453' title='bbox 1404 298 1562 333; x_wconf 81' lang='lat' dir='ltr'>Decimas</span> <span class='ocrx_word' id='word_1_454' title='bbox 1574 297 1720 332; x_wconf 83' lang='lat' dir='ltr'>ostendit</span> <span class='ocrx_word' id='word_1_455' title='bbox 1739 296 1895 335; x_wconf 68' lang='lat' dir='ltr'>adductus</span> <span class='ocrx_word' id='word_1_456' title='bbox 1922 303 2030 337; x_wconf 71' lang='lat' dir='ltr'>Sanffl</span> <span class='ocrx_word' id='word_1_457' title='bbox 2050 304 2146 347; x_wconf 88' lang='lat' dir='ltr'>Joan-</span> 
     </span>
     <span class='ocr_line' id='line_1_70' title="bbox 1258 346 2148 397; baseline 0.004 -14"><span class='ocrx_word' id='word_1_458' title='bbox 1258 350 1309 383; x_wconf 91' lang='lat' dir='ltr'>nis</span> <span class='ocrx_word' id='word_1_459' title='bbox 1337 346 1566 391; x_wconf 82' lang='lat' dir='ltr'>Chrysostomi</span> <span class='ocrx_word' id='word_1_460' title='bbox 1591 348 1704 384; x_wconf 83' lang='lat' dir='ltr'>locus.</span> <span class='ocrx_word' id='word_1_461' title='bbox 1735 350 1870 383; x_wconf 88' lang='lat' dir='ltr'>Etenim</span> <span class='ocrx_word' id='word_1_462' title='bbox 1882 350 2052 397; x_wconf 54' lang='lat' dir='ltr'>adjungit:</span> <span class='ocrx_word' id='word_1_463' title='bbox 2079 358 2148 390; x_wconf 75' lang='lat' dir='ltr'>Ne-</span> 
     </span>
     <span class='ocr_line' id='line_1_71' title="bbox 1254 395 2146 446; baseline -0.003 -14"><span class='ocrx_word' id='word_1_464' title='bbox 1254 411 1313 442; x_wconf 85' lang='lat' dir='ltr'>que</span> <span class='ocrx_word' id='word_1_465' title='bbox 1331 411 1475 443; x_wconf 85' lang='lat' dir='ltr'>magnum</span> <span class='ocrx_word' id='word_1_466' title='bbox 1495 401 1573 442; x_wconf 87' lang='lat' dir='ltr'>quid</span> <span class='ocrx_word' id='word_1_467' title='bbox 1588 407 1657 441; x_wconf 84' lang='lat' dir='ltr'>peto</span> <span class='ocrx_word' id='word_1_468' title='bbox 1670 425 1680 439; x_wconf 92' lang='lat'>‚</span> <span class='ocrx_word' id='word_1_469' title='bbox 1706 398 1764 442; x_wconf 70' lang='lat' dir='ltr'>sed</span> <span class='ocrx_word' id='word_1_470' title='bbox 1786 395 1906 436; x_wconf 65' lang='lat' dir='ltr'>tannim</span> <span class='ocrx_word' id='word_1_471' title='bbox 1932 405 2146 446; x_wconf 63' lang='lat' dir='ltr'>wntumju.</span> 
     </span>
     <span class='ocr_line' id='line_1_72' title="bbox 1254 448 2147 493; baseline 0.004 -11"><span class='ocrx_word' id='word_1_472' title='bbox 1254 451 1388 484; x_wconf 77' lang='lat' dir='ltr'>daeorum</span> <span class='ocrx_word' id='word_1_473' title='bbox 1410 448 1571 490; x_wconf 82' lang='lat' dir='ltr'>Infantes,</span> <span class='ocrx_word' id='word_1_474' title='bbox 1598 453 1633 485; x_wconf 61' lang='grc' dir='ltr'>(θ’</span> <span class='ocrx_word' id='word_1_475' title='bbox 1655 451 1735 485; x_wconf 85' lang='lat' dir='ltr'>mille</span> <span class='ocrx_word' id='word_1_476' title='bbox 1756 450 1845 483; x_wconf 75' lang='lat' dir='ltr'>malis</span> <span class='ocrx_word' id='word_1_477' title='bbox 1870 453 1953 492; x_wconf 71' lang='lat' dir='ltr'>pleni</span> <span class='ocrx_word' id='word_1_478' title='bbox 1972 470 1988 493; x_wconf 64' lang='grc' dir='ltr'>ς,-</span> <span class='ocrx_word' id='word_1_479' title='bbox 2024 455 2147 487; x_wconf 76' lang='lat' dir='ltr'>tantum</span> 
     </span>
     <span class='ocr_line' id='line_1_73' title="bbox 1255 499 2147 544; baseline 0.006 -11"><span class='ocrx_word' id='word_1_480' title='bbox 1255 512 1307 533; x_wconf 85' lang='lat' dir='ltr'>nos</span> <span class='ocrx_word' id='word_1_481' title='bbox 1328 505 1379 544; x_wconf 83' lang='lat' dir='ltr'>qui</span> <span class='ocrx_word' id='word_1_482' title='bbox 1391 499 1495 534; x_wconf 79' lang='lat' dir='ltr'>caelum</span> <span class='ocrx_word' id='word_1_483' title='bbox 1514 499 1720 544; x_wconf 62' lang='lat' dir='ltr'>exspedlamus</span> <span class='ocrx_word' id='word_1_484' title='bbox 1733 524 1743 539; x_wconf 91' lang='lat'>,</span> <span class='ocrx_word' id='word_1_485' title='bbox 1762 501 2034 542; x_wconf 72' lang='lat' dir='ltr'>faciamus.&#39;1—1aee</span> <span class='ocrx_word' id='word_1_486' title='bbox 2045 512 2147 539; x_wconf 86' lang='lat' dir='ltr'>autem</span> 
     </span>
     <span class='ocr_line' id='line_1_74' title="bbox 1254 551 2149 596; baseline 0.004 -13"><span class='ocrx_word' id='word_1_487' title='bbox 1254 552 1318 583; x_wconf 83' lang='lat' dir='ltr'>dico</span> <span class='ocrx_word' id='word_1_488' title='bbox 1334 574 1346 592; x_wconf 95' lang='lat'>‚</span> <span class='ocrx_word' id='word_1_489' title='bbox 1373 561 1430 583; x_wconf 90' lang='lat' dir='ltr'>non</span> <span class='ocrx_word' id='word_1_490' title='bbox 1455 551 1547 595; x_wconf 85' lang='lat' dir='ltr'>legem</span> <span class='ocrx_word' id='word_1_491' title='bbox 1564 551 1672 594; x_wconf 84' lang='lat' dir='ltr'>ferens</span> <span class='ocrx_word' id='word_1_492' title='bbox 1686 576 1696 591; x_wconf 82' lang='grc'>,</span> <span class='ocrx_word' id='word_1_493' title='bbox 1725 562 1816 594; x_wconf 86' lang='lat' dir='ltr'>neque</span> <span class='ocrx_word' id='word_1_494' title='bbox 1836 552 2002 594; x_wconf 74' lang='lat' dir='ltr'>prohibens</span> <span class='ocrx_word' id='word_1_495' title='bbox 2030 564 2067 588; x_wconf 83' lang='lat' dir='ltr'>ne</span> <span class='ocrx_word' id='word_1_496' title='bbox 2075 553 2149 596; x_wconf 80' lang='lat' dir='ltr'>plus</span> 
     </span>
     <span class='ocr_line' id='line_1_75' title="bbox 1254 599 2146 646; baseline 0.001 -11"><span class='ocrx_word' id='word_1_497' title='bbox 1254 613 1372 645; x_wconf 79' lang='lat' dir='ltr'>eroges,</span> <span class='ocrx_word' id='word_1_498' title='bbox 1395 599 1452 644; x_wconf 75' lang='lat' dir='ltr'>fid</span> <span class='ocrx_word' id='word_1_499' title='bbox 1475 613 1593 643; x_wconf 81' lang='lat' dir='ltr'>aequum</span> <span class='ocrx_word' id='word_1_500' title='bbox 1616 601 1761 645; x_wconf 86' lang='lat' dir='ltr'>censens,</span> <span class='ocrx_word' id='word_1_501' title='bbox 1787 612 1820 635; x_wconf 89' lang='lat' dir='ltr'>ut</span> <span class='ocrx_word' id='word_1_502' title='bbox 1846 614 1903 637; x_wconf 82' lang='lat' dir='ltr'>non</span> <span class='ocrx_word' id='word_1_503' title='bbox 1929 605 2029 646; x_wconf 72' lang='lat' dir='ltr'>minus</span> <span class='ocrx_word' id='word_1_504' title='bbox 2056 606 2146 646; x_wconf 83' lang='lat' dir='ltr'>depo·</span> 
     </span>
     <span class='ocr_line' id='line_1_76' title="bbox 1255 651 2148 694; baseline 0.003 -9"><span class='ocrx_word' id='word_1_505' title='bbox 1255 664 1311 685; x_wconf 81' lang='lat' dir='ltr'>nas</span> <span class='ocrx_word' id='word_1_506' title='bbox 1327 676 1337 692; x_wconf 92' lang='lat'>,</span> <span class='ocrx_word' id='word_1_507' title='bbox 1367 652 1460 694; x_wconf 70' lang='lat' dir='ltr'>quam</span> <span class='ocrx_word' id='word_1_508' title='bbox 1476 660 1600 693; x_wconf 85' lang='lat' dir='ltr'>partem</span> <span class='ocrx_word' id='word_1_509' title='bbox 1627 657 1798 687; x_wconf 80' lang='lat' dir='ltr'>Decimam.</span> <span class='ocrx_word' id='word_1_510' title='bbox 1828 651 1994 688; x_wconf 84' lang='lat' dir='ltr'>Primitias</span> <span class='ocrx_word' id='word_1_511' title='bbox 2020 655 2091 689; x_wconf 87' lang='lat' dir='ltr'>vult</span> <span class='ocrx_word' id='word_1_512' title='bbox 2102 655 2148 688; x_wconf 85' lang='lat' dir='ltr'>es-</span> 
     </span>
     <span class='ocr_line' id='line_1_77' title="bbox 1254 701 2145 749; baseline 0.002 -13"><span class='ocrx_word' id='word_1_513' title='bbox 1254 703 1286 736; x_wconf 87' lang='lat' dir='ltr'>se</span> <span class='ocrx_word' id='word_1_514' title='bbox 1308 703 1486 739; x_wconf 84' lang='lat' dir='ltr'>Decimam</span> <span class='ocrx_word' id='word_1_515' title='bbox 1508 701 1669 738; x_wconf 69' lang='lat' dir='ltr'>fructuum</span> <span class='ocrx_word' id='word_1_516' title='bbox 1695 703 1730 736; x_wconf 85' lang='lat'>&amp;</span> <span class='ocrx_word' id='word_1_517' title='bbox 1753 702 1892 746; x_wconf 84' lang='lat' dir='ltr'>cujusvis</span> <span class='ocrx_word' id='word_1_518' title='bbox 1902 704 1985 739; x_wconf 75' lang='lat' dir='ltr'>lucri</span> <span class='ocrx_word' id='word_1_519' title='bbox 1999 715 2145 749; x_wconf 85' lang='lat' dir='ltr'>partem.</span> 
     </span>
     <span class='ocr_line' id='line_1_78' title="bbox 1254 753 2145 799; baseline 0 -11"><span class='ocrx_word' id='word_1_520' title='bbox 1254 753 1411 789; x_wconf 86' lang='lat' dir='ltr'>Decimas</span> <span class='ocrx_word' id='word_1_521' title='bbox 1441 753 1617 789; x_wconf 83' lang='lat' dir='ltr'>confundit</span> <span class='ocrx_word' id='word_1_522' title='bbox 1652 765 1729 788; x_wconf 86' lang='lat' dir='ltr'>cum</span> <span class='ocrx_word' id='word_1_523' title='bbox 1757 753 1954 794; x_wconf 73' lang='lat' dir='ltr'>primitiis,</span> <span class='ocrx_word' id='word_1_524' title='bbox 1995 755 2145 799; x_wconf 81' lang='lat' dir='ltr'>adeoque</span> 
     </span>
     <span class='ocr_line' id='line_1_79' title="bbox 1253 802 2146 847; baseline 0.003 -10"><span class='ocrx_word' id='word_1_525' title='bbox 1253 802 1454 847; x_wconf 88' lang='lat' dir='ltr'>ubicumque</span> <span class='ocrx_word' id='word_1_526' title='bbox 1477 803 1591 839; x_wconf 83' lang='lat' dir='ltr'>laudat</span> <span class='ocrx_word' id='word_1_527' title='bbox 1612 804 1803 846; x_wconf 84' lang='lat' dir='ltr'>Primitias,</span> <span class='ocrx_word' id='word_1_528' title='bbox 1830 805 2010 839; x_wconf 87' lang='lat' dir='ltr'>censendus</span> <span class='ocrx_word' id='word_1_529' title='bbox 2036 805 2082 839; x_wconf 88' lang='lat' dir='ltr'>est</span> <span class='ocrx_word' id='word_1_530' title='bbox 2108 805 2146 840; x_wconf 75' lang='grc' dir='ltr'>δι’</span> 
     </span>
     <span class='ocr_line' id='line_1_80' title="bbox 1252 853 2145 899; baseline 0 -10"><span class='ocrx_word' id='word_1_531' title='bbox 1252 853 1408 889; x_wconf 82' lang='lat' dir='ltr'>Decimas</span> <span class='ocrx_word' id='word_1_532' title='bbox 1430 853 1580 890; x_wconf 80' lang='lat' dir='ltr'>laudare.</span> <span class='ocrx_word' id='word_1_533' title='bbox 1620 855 1664 890; x_wconf 87' lang='lat' dir='ltr'>Et</span> <span class='ocrx_word' id='word_1_534' title='bbox 1684 855 1765 888; x_wconf 88' lang='lat' dir='ltr'>hinc</span> <span class='ocrx_word' id='word_1_535' title='bbox 1790 855 1900 888; x_wconf 88' lang='lat' dir='ltr'>forsan</span> <span class='ocrx_word' id='word_1_536' title='bbox 1926 856 2019 899; x_wconf 71' lang='lat' dir='ltr'>supra</span> <span class='ocrx_word' id='word_1_537' title='bbox 2044 854 2145 889; x_wconf 84' lang='lat' dir='ltr'>addu-</span> 
     </span>
     <span class='ocr_line' id='line_1_81' title="bbox 1251 903 2146 948; baseline 0 -9"><span class='ocrx_word' id='word_1_538' title='bbox 1251 906 1339 939; x_wconf 70' lang='lat' dir='ltr'>etum</span> <span class='ocrx_word' id='word_1_539' title='bbox 1362 918 1404 940; x_wconf 81' lang='lat' dir='ltr'>ex</span> <span class='ocrx_word' id='word_1_540' title='bbox 1427 903 1699 948; x_wconf 84' lang='lat' dir='ltr'>Apostolicorum</span> <span class='ocrx_word' id='word_1_541' title='bbox 1721 905 1864 940; x_wconf 74' lang='lat' dir='ltr'>Arstuurn</span> <span class='ocrx_word' id='word_1_542' title='bbox 1884 905 2146 940; x_wconf 84' lang='lat' dir='ltr'>Commentariis</span> 
     </span>
     <span class='ocr_line' id='line_1_82' title="bbox 1251 955 2145 997; baseline -0.001 -7"><span class='ocrx_word' id='word_1_543' title='bbox 1251 956 1387 996; x_wconf 82' lang='lat' dir='ltr'>locum,</span> <span class='ocrx_word' id='word_1_544' title='bbox 1414 955 1584 990; x_wconf 74' lang='lat' dir='ltr'>manifeste</span> <span class='ocrx_word' id='word_1_545' title='bbox 1603 955 1791 990; x_wconf 82' lang='lat' dir='ltr'>laudantem</span> <span class='ocrx_word' id='word_1_546' title='bbox 1829 956 1914 990; x_wconf 90' lang='lat' dir='ltr'>solas</span> <span class='ocrx_word' id='word_1_547' title='bbox 1952 956 2145 997; x_wconf 83' lang='lat' dir='ltr'>Primitias,</span> 
     </span>
     <span class='ocr_line' id='line_1_83' title="bbox 1250 1005 2144 1049; baseline 0.002 -9"><span class='ocrx_word' id='word_1_548' title='bbox 1250 1007 1404 1049; x_wconf 80' lang='lat' dir='ltr'>antiquus</span> <span class='ocrx_word' id='word_1_549' title='bbox 1415 1005 1589 1040; x_wconf 89' lang='lat' dir='ltr'>translator</span> <span class='ocrx_word' id='word_1_550' title='bbox 1606 1006 1652 1041; x_wconf 72' lang='lat' dir='ltr'>ita</span> <span class='ocrx_word' id='word_1_551' title='bbox 1665 1007 1784 1041; x_wconf 78' lang='lat' dir='ltr'>Latine</span> <span class='ocrx_word' id='word_1_552' title='bbox 1795 1007 1958 1042; x_wconf 85' lang='lat' dir='ltr'>reddidit:</span> <span class='ocrx_word' id='word_1_553' title='bbox 1989 1010 2144 1042; x_wconf 75' lang='lat' dir='ltr'>Parumne</span> 
     </span>
     <span class='ocr_line' id='line_1_84' title="bbox 1248 1055 2143 1100; baseline 0.001 -11"><span class='ocrx_word' id='word_1_554' title='bbox 1248 1055 1288 1096; x_wconf 85' lang='lat' dir='ltr'>est</span> <span class='ocrx_word' id='word_1_555' title='bbox 1315 1059 1409 1090; x_wconf 90' lang='lat' dir='ltr'>Deum</span> <span class='ocrx_word' id='word_1_556' title='bbox 1433 1068 1472 1090; x_wconf 85' lang='lat' dir='ltr'>ex</span> <span class='ocrx_word' id='word_1_557' title='bbox 1498 1056 1632 1090; x_wconf 85' lang='lat' dir='ltr'>omnibus</span> <span class='ocrx_word' id='word_1_558' title='bbox 1650 1057 1795 1100; x_wconf 79' lang='lat' dir='ltr'>frugibus</span> <span class='ocrx_word' id='word_1_559' title='bbox 1837 1058 1926 1099; x_wconf 77' lang='lat' dir='ltr'>prius</span> <span class='ocrx_word' id='word_1_560' title='bbox 1949 1064 2071 1099; x_wconf 85' lang='lat' dir='ltr'>partem</span> <span class='ocrx_word' id='word_1_561' title='bbox 2105 1067 2143 1090; x_wconf 77' lang='lat' dir='ltr'>ae</span> 
     </span>
     <span class='ocr_line' id='line_1_85' title="bbox 1249 1107 2144 1148; baseline 0.004 -10"><span class='ocrx_word' id='word_1_562' title='bbox 1249 1109 1386 1140; x_wconf 82' lang='lat' dir='ltr'>Decimas</span> <span class='ocrx_word' id='word_1_563' title='bbox 1412 1108 1564 1148; x_wconf 63' lang='lat' dir='ltr'>accwere?</span> <span class='ocrx_word' id='word_1_564' title='bbox 1592 1107 1700 1141; x_wconf 84' lang='lat' dir='ltr'>Norat</span> <span class='ocrx_word' id='word_1_565' title='bbox 1726 1107 1894 1141; x_wconf 83' lang='lat' dir='ltr'>Primitias</span> <span class='ocrx_word' id='word_1_566' title='bbox 1919 1119 1957 1142; x_wconf 88' lang='lat' dir='ltr'>ac</span> <span class='ocrx_word' id='word_1_567' title='bbox 1982 1107 2144 1142; x_wconf 86' lang='lat' dir='ltr'>Decimas</span> 
     </span>
     <span class='ocr_line' id='line_1_86' title="bbox 1247 1155 2144 1207; baseline 0.002 -18"><span class='ocrx_word' id='word_1_568' title='bbox 1247 1156 1265 1189; x_wconf 69' lang='lat' dir='ltr'>a</span> <span class='ocrx_word' id='word_1_569' title='bbox 1294 1155 1535 1201; x_wconf 82' lang='lat' dir='ltr'>chrysostomo</span> <span class='ocrx_word' id='word_1_570' title='bbox 1560 1157 1744 1193; x_wconf 86' lang='lat' dir='ltr'>confundi.</span> <span class='ocrx_word' id='word_1_571' title='bbox 1771 1158 1947 1207; x_wconf 84' lang='lat' dir='ltr'>Qidquid</span> <span class='ocrx_word' id='word_1_572' title='bbox 1967 1158 2006 1192; x_wconf 89' lang='lat' dir='ltr'>sit</span> <span class='ocrx_word' id='word_1_573' title='bbox 2027 1182 2038 1198; x_wconf 93' lang='lat'>,</span> <span class='ocrx_word' id='word_1_574' title='bbox 2076 1157 2144 1191; x_wconf 90' lang='lat' dir='ltr'>De-</span> 
     </span>
     <span class='ocr_line' id='line_1_87' title="bbox 1247 1204 2144 1252; baseline 0.001 -12"><span class='ocrx_word' id='word_1_575' title='bbox 1247 1207 1349 1242; x_wconf 88' lang='lat' dir='ltr'>cimas</span> <span class='ocrx_word' id='word_1_576' title='bbox 1375 1217 1523 1252; x_wconf 86' lang='lat' dir='ltr'>patenter</span> <span class='ocrx_word' id='word_1_577' title='bbox 1543 1207 1656 1243; x_wconf 87' lang='lat' dir='ltr'>laudat</span> <span class='ocrx_word' id='word_1_578' title='bbox 1677 1208 1779 1243; x_wconf 85' lang='lat' dir='ltr'>etiam</span> <span class='ocrx_word' id='word_1_579' title='bbox 1806 1210 1842 1243; x_wconf 89' lang='lat' dir='ltr'>in</span> <span class='ocrx_word' id='word_1_580' title='bbox 1871 1208 2074 1252; x_wconf 81' lang='lat' dir='ltr'>Apostolicae</span> <span class='ocrx_word' id='word_1_581' title='bbox 2099 1204 2144 1242; x_wconf 81' lang='lat' dir='ltr'>ad</span> 
     </span>
     <span class='ocr_line' id='line_1_88' title="bbox 1247 1255 2145 1304; baseline 0.001 -14"><span class='ocrx_word' id='word_1_582' title='bbox 1247 1255 1403 1300; x_wconf 75' lang='lat' dir='ltr'>Ephesios</span> <span class='ocrx_word' id='word_1_583' title='bbox 1442 1257 1598 1304; x_wconf 65' lang='lat' dir='ltr'>Epistola</span> <span class='ocrx_word' id='word_1_584' title='bbox 1633 1259 1885 1293; x_wconf 85' lang='lat' dir='ltr'>commentariis</span> <span class='ocrx_word' id='word_1_585' title='bbox 1905 1282 1916 1297; x_wconf 89' lang='lat'>,</span> <span class='ocrx_word' id='word_1_586' title='bbox 1961 1258 2145 1292; x_wconf 71' lang='lat' dir='ltr'>asseverans</span> 
     </span>
     <span class='ocr_line' id='line_1_89' title="bbox 1246 1305 2142 1354; baseline -0.001 -13"><span class='ocrx_word' id='word_1_587' title='bbox 1246 1305 1454 1343; x_wconf 83' lang='lat' dir='ltr'>Christianos</span> <span class='ocrx_word' id='word_1_588' title='bbox 1481 1308 1582 1353; x_wconf 74' lang='lat' dir='ltr'>longe</span> <span class='ocrx_word' id='word_1_589' title='bbox 1607 1308 1725 1343; x_wconf 66' lang='lat' dir='ltr'>armus</span> <span class='ocrx_word' id='word_1_590' title='bbox 1751 1308 1851 1352; x_wconf 74' lang='lat' dir='ltr'>quam</span> <span class='ocrx_word' id='word_1_591' title='bbox 1892 1307 2021 1354; x_wconf 83' lang='lat' dir='ltr'>Judaeos</span> <span class='ocrx_word' id='word_1_592' title='bbox 2055 1306 2142 1341; x_wconf 88' lang='lat' dir='ltr'>obli-</span> 
     </span>
     <span class='ocr_line' id='line_1_90' title="bbox 1246 1357 2143 1402; baseline 0.001 -13"><span class='ocrx_word' id='word_1_593' title='bbox 1246 1357 1316 1399; x_wconf 86' lang='lat' dir='ltr'>gari</span> <span class='ocrx_word' id='word_1_594' title='bbox 1353 1357 1395 1389; x_wconf 82' lang='lat' dir='ltr'>ad</span> <span class='ocrx_word' id='word_1_595' title='bbox 1432 1358 1656 1397; x_wconf 79' lang='lat' dir='ltr'>eleemosyna-s</span> <span class='ocrx_word' id='word_1_596' title='bbox 1677 1380 1688 1396; x_wconf 90' lang='lat'>,</span> <span class='ocrx_word' id='word_1_597' title='bbox 1731 1359 1767 1391; x_wconf 90' lang='lat'>&amp;</span> <span class='ocrx_word' id='word_1_598' title='bbox 1804 1358 1985 1402; x_wconf 69' lang='lat' dir='ltr'>adiungens</span> <span class='ocrx_word' id='word_1_599' title='bbox 2007 1371 2018 1391; x_wconf 88' lang='grc'>.·</span> <span class='ocrx_word' id='word_1_600' title='bbox 2054 1361 2143 1390; x_wconf 79' lang='lat' dir='ltr'>Nam</span> 
     </span>
     <span class='ocr_line' id='line_1_91' title="bbox 1244 1404 2144 1450; baseline 0.003 -12"><span class='ocrx_word' id='word_1_601' title='bbox 1244 1404 1322 1446; x_wconf 85' lang='lat' dir='ltr'>quid</span> <span class='ocrx_word' id='word_1_602' title='bbox 1336 1406 1454 1450; x_wconf 82' lang='lat' dir='ltr'>Judaei</span> <span class='ocrx_word' id='word_1_603' title='bbox 1480 1416 1538 1438; x_wconf 89' lang='lat' dir='ltr'>non</span> <span class='ocrx_word' id='word_1_604' title='bbox 1560 1404 1743 1450; x_wconf 73' lang='lat' dir='ltr'>faciebant?</span> <span class='ocrx_word' id='word_1_605' title='bbox 1768 1409 1911 1441; x_wconf 81' lang='lat' dir='ltr'>Decimas</span> <span class='ocrx_word' id='word_1_606' title='bbox 1924 1425 1946 1448; x_wconf 60' lang='lat'>,&gt;</span> <span class='ocrx_word' id='word_1_607' title='bbox 1962 1410 1997 1441; x_wconf 66' lang='lat' dir='ltr'>t&amp;</span> <span class='ocrx_word' id='word_1_608' title='bbox 2021 1409 2144 1441; x_wconf 67' lang='lat' dir='ltr'>rursum</span> 
     </span>
     <span class='ocr_line' id='line_1_92' title="bbox 1244 1442 2316 1502; baseline 0.006 -17"><span class='ocrx_word' id='word_1_609' title='bbox 1244 1457 1381 1488; x_wconf 84' lang='lat' dir='ltr'>Decimas</span> <span class='ocrx_word' id='word_1_610' title='bbox 1402 1454 1586 1498; x_wconf 81' lang='lat' dir='ltr'>praebebant</span> <span class='ocrx_word' id='word_1_611' title='bbox 1597 1455 1777 1497; x_wconf 71' lang='lat' dir='ltr'>orphanis,</span> <span class='ocrx_word' id='word_1_612' title='bbox 1802 1458 1932 1496; x_wconf 80' lang='lat' dir='ltr'>Viduis,</span> <span class='ocrx_word' id='word_1_613' title='bbox 1960 1455 2141 1502; x_wconf 72' lang='lat' dir='ltr'>Proselytis.</span> <span class='ocrx_word' id='word_1_614' title='bbox 2158 1442 2269 1475; x_wconf 60' lang='lat' dir='ltr'><strong>Homn‘</strong></span> <span class='ocrx_word' id='word_1_615' title='bbox 2290 1451 2316 1481; x_wconf 78' lang='lat'>5·</span> 
     </span>
     <span class='ocr_line' id='line_1_93' title="bbox 1243 1504 2142 1546; baseline 0.007 -12"><span class='ocrx_word' id='word_1_616' title='bbox 1243 1504 1305 1535; x_wconf 78' lang='lat' dir='ltr'>sed</span> <span class='ocrx_word' id='word_1_617' title='bbox 1331 1504 1407 1535; x_wconf 79' lang='lat' dir='ltr'>mihi</span> <span class='ocrx_word' id='word_1_618' title='bbox 1432 1505 1561 1545; x_wconf 83' lang='lat' dir='ltr'>quidam</span> <span class='ocrx_word' id='word_1_619' title='bbox 1587 1506 1625 1537; x_wconf 86' lang='lat' dir='ltr'>de</span> <span class='ocrx_word' id='word_1_620' title='bbox 1651 1511 1790 1546; x_wconf 83' lang='lat' dir='ltr'>quopiam</span> <span class='ocrx_word' id='word_1_621' title='bbox 1815 1507 1959 1540; x_wconf 84' lang='lat' dir='ltr'>dicebat:</span> <span class='ocrx_word' id='word_1_622' title='bbox 1998 1513 2058 1541; x_wconf 80' lang='lat' dir='ltr'>Hic</span> <span class='ocrx_word' id='word_1_623' title='bbox 2086 1515 2142 1540; x_wconf 79' lang='lat' dir='ltr'>aut</span> 
     </span>
     <span class='ocr_line' id='line_1_94' title="bbox 1243 1553 2140 1597; baseline 0.006 -13"><span class='ocrx_word' id='word_1_624' title='bbox 1243 1553 1293 1585; x_wconf 83' lang='lat' dir='ltr'>ille</span> <span class='ocrx_word' id='word_1_625' title='bbox 1317 1553 1373 1585; x_wconf 84' lang='lat' dir='ltr'>dat</span> <span class='ocrx_word' id='word_1_626' title='bbox 1399 1555 1540 1587; x_wconf 83' lang='lat' dir='ltr'>Decimas</span> <span class='ocrx_word' id='word_1_627' title='bbox 1562 1578 1569 1585; x_wconf 94' lang='lat'>.</span> <span class='ocrx_word' id='word_1_628' title='bbox 1596 1555 1724 1597; x_wconf 74' lang='lat' dir='ltr'>,Quanto</span> <span class='ocrx_word' id='word_1_629' title='bbox 1747 1553 1787 1595; x_wconf 80' lang='lat' dir='ltr'>est</span> <span class='ocrx_word' id='word_1_630' title='bbox 1811 1553 1863 1587; x_wconf 81' lang='lat' dir='ltr'>boc</span> <span class='ocrx_word' id='word_1_631' title='bbox 1883 1556 2011 1597; x_wconf 84' lang='lat' dir='ltr'>plenum</span> <span class='ocrx_word' id='word_1_632' title='bbox 2027 1555 2140 1597; x_wconf 82' lang='lat' dir='ltr'>probro</span> 
     </span>
     <span class='ocr_line' id='line_1_95' title="bbox 1242 1602 2136 1647; baseline 0.004 -12"><span class='ocrx_word' id='word_1_633' title='bbox 1242 1603 1275 1635; x_wconf 62' lang='grc' dir='ltr'>Θ</span> <span class='ocrx_word' id='word_1_634' title='bbox 1300 1603 1458 1643; x_wconf 85' lang='lat' dir='ltr'>dedecore,</span> <span class='ocrx_word' id='word_1_635' title='bbox 1477 1602 1510 1645; x_wconf 83' lang='lat' dir='ltr'><strong><em>fi</em></strong></span> <span class='ocrx_word' id='word_1_636' title='bbox 1528 1605 1612 1646; x_wconf 84' lang='lat' dir='ltr'>quod</span> <span class='ocrx_word' id='word_1_637' title='bbox 1626 1606 1716 1646; x_wconf 86' lang='lat' dir='ltr'>apud</span> <span class='ocrx_word' id='word_1_638' title='bbox 1726 1605 1861 1647; x_wconf 83' lang='lat' dir='ltr'>Judaeos</span> <span class='ocrx_word' id='word_1_639' title='bbox 1890 1618 1948 1640; x_wconf 85' lang='lat' dir='ltr'>non</span> <span class='ocrx_word' id='word_1_640' title='bbox 1968 1605 2136 1640; x_wconf 85' lang='lat' dir='ltr'>habebatur</span> 
     </span>
     <span class='ocr_line' id='line_1_96' title="bbox 1241 1653 2140 1697; baseline 0.008 -13"><span class='ocrx_word' id='word_1_641' title='bbox 1241 1658 1274 1685; x_wconf 85' lang='lat' dir='ltr'>in</span> <span class='ocrx_word' id='word_1_642' title='bbox 1296 1654 1497 1687; x_wconf 79' lang='lat' dir='ltr'>admiratione</span> <span class='ocrx_word' id='word_1_643' title='bbox 1518 1676 1530 1692; x_wconf 97' lang='lat'>,</span> <span class='ocrx_word' id='word_1_644' title='bbox 1563 1653 1615 1686; x_wconf 81' lang='lat' dir='ltr'>boc</span> <span class='ocrx_word' id='word_1_645' title='bbox 1636 1656 1724 1696; x_wconf 79' lang='lat' dir='ltr'>apud</span> <span class='ocrx_word' id='word_1_646' title='bbox 1752 1654 1938 1693; x_wconf 80' lang='lat' dir='ltr'>Christianos</span> <span class='ocrx_word' id='word_1_647' title='bbox 1953 1655 2078 1697; x_wconf 62' lang='lat' dir='ltr'>fabium</span> <span class='ocrx_word' id='word_1_648' title='bbox 2099 1655 2140 1696; x_wconf 79' lang='lat' dir='ltr'>est</span> 
     </span>
     <span class='ocr_line' id='line_1_97' title="bbox 1241 1702 2139 1748; baseline 0.004 -12"><span class='ocrx_word' id='word_1_649' title='bbox 1241 1702 1420 1737; x_wconf 76' lang='lat' dir='ltr'>admirabile</span> <span class='ocrx_word' id='word_1_650' title='bbox 1440 1704 1458 1736; x_wconf 74' lang='grc' dir='ltr'><em>ἓ</em></span> <span class='ocrx_word' id='word_1_651' title='bbox 1479 1705 1513 1736; x_wconf 79' lang='lat' dir='ltr'>si</span> <span class='ocrx_word' id='word_1_652' title='bbox 1531 1711 1603 1739; x_wconf 80' lang='lat' dir='ltr'>tune</span> <span class='ocrx_word' id='word_1_653' title='bbox 1626 1714 1694 1738; x_wconf 82' lang='lat' dir='ltr'>erat</span> <span class='ocrx_word' id='word_1_654' title='bbox 1711 1708 1878 1748; x_wconf 85' lang='lat' dir='ltr'>periculum</span> <span class='ocrx_word' id='word_1_655' title='bbox 1910 1710 2053 1740; x_wconf 84' lang='lat' dir='ltr'>Decimas</span> <span class='ocrx_word' id='word_1_656' title='bbox 2079 1718 2139 1740; x_wconf 83' lang='lat' dir='ltr'>non</span> 
     </span>
     <span class='ocr_line' id='line_1_98' title="bbox 1241 1752 2140 1800; baseline 0.007 -16"><span class='ocrx_word' id='word_1_657' title='bbox 1241 1752 1427 1794; x_wconf 77' lang='lat' dir='ltr'>relinquere,</span> <span class='ocrx_word' id='word_1_658' title='bbox 1452 1758 1547 1796; x_wconf 80' lang='lat' dir='ltr'>cogita</span> <span class='ocrx_word' id='word_1_659' title='bbox 1564 1757 1713 1796; x_wconf 70' lang='lat' dir='ltr'>quantum</span> <span class='ocrx_word' id='word_1_660' title='bbox 1734 1755 1874 1797; x_wconf 79' lang='lat' dir='ltr'>nuncfit.</span> <span class='ocrx_word' id='word_1_661' title='bbox 1903 1756 1958 1791; x_wconf 66' lang='lat' dir='ltr'>Ei:</span> <span class='ocrx_word' id='word_1_662' title='bbox 1969 1768 2036 1800; x_wconf 89' lang='lat' dir='ltr'>quo</span> <span class='ocrx_word' id='word_1_663' title='bbox 2047 1757 2140 1790; x_wconf 80' lang='lat' dir='ltr'>vides</span> 
     </span>
     <span class='ocr_line' id='line_1_99' title="bbox 1242 1803 2139 1840; baseline 0.004 -4"><span class='ocrx_word' id='word_1_664' title='bbox 1242 1803 1401 1838; x_wconf 84' lang='lat' dir='ltr'>Decimas</span> <span class='ocrx_word' id='word_1_665' title='bbox 1419 1811 1502 1837; x_wconf 89' lang='lat' dir='ltr'>tunc</span> <span class='ocrx_word' id='word_1_666' title='bbox 1526 1804 1620 1840; x_wconf 70' lang='lat' dir='ltr'>fuisse</span> <span class='ocrx_word' id='word_1_667' title='bbox 1640 1805 1817 1840; x_wconf 82' lang='lat' dir='ltr'>dumtaxat</span> <span class='ocrx_word' id='word_1_668' title='bbox 1827 1805 2027 1840; x_wconf 79' lang='lat' dir='ltr'>voluntarias</span> <span class='ocrx_word' id='word_1_669' title='bbox 2042 1829 2049 1837; x_wconf 89' lang='lat'>.</span> <span class='ocrx_word' id='word_1_670' title='bbox 2074 1805 2139 1840; x_wconf 80' lang='lat' dir='ltr'>Eas</span> 
     </span>
     <span class='ocr_line' id='line_1_100' title="bbox 1240 1852 2139 1901; baseline 0.004 -15"><span class='ocrx_word' id='word_1_671' title='bbox 1240 1852 1362 1897; x_wconf 74' lang='lat' dir='ltr'>quippe</span> <span class='ocrx_word' id='word_1_672' title='bbox 1383 1865 1454 1887; x_wconf 88' lang='lat' dir='ltr'>non</span> <span class='ocrx_word' id='word_1_673' title='bbox 1475 1854 1717 1901; x_wconf 69' lang='lat' dir='ltr'>unusquisque,</span> <span class='ocrx_word' id='word_1_674' title='bbox 1742 1855 1794 1889; x_wconf 88' lang='lat' dir='ltr'>sed</span> <span class='ocrx_word' id='word_1_675' title='bbox 1819 1854 1874 1890; x_wconf 87' lang='lat' dir='ltr'>hic</span> <span class='ocrx_word' id='word_1_676' title='bbox 1897 1854 2139 1890; x_wconf 84' lang='lat' dir='ltr'>dumtaxataut</span> 
     </span>
     <span class='ocr_line' id='line_1_101' title="bbox 1241 1901 2138 1951; baseline 0.003 -16"><span class='ocrx_word' id='word_1_677' title='bbox 1241 1901 1295 1936; x_wconf 91' lang='lat' dir='ltr'>ille</span> <span class='ocrx_word' id='word_1_678' title='bbox 1312 1903 1410 1939; x_wconf 84' lang='lat' dir='ltr'>dabat</span> <span class='ocrx_word' id='word_1_679' title='bbox 1429 1929 1440 1945; x_wconf 94' lang='lat'>,</span> <span class='ocrx_word' id='word_1_680' title='bbox 1475 1914 1610 1948; x_wconf 86' lang='lat' dir='ltr'>eratque</span> <span class='ocrx_word' id='word_1_681' title='bbox 1634 1917 1716 1950; x_wconf 87' lang='lat' dir='ltr'>opus</span> <span class='ocrx_word' id='word_1_682' title='bbox 1737 1905 1959 1940; x_wconf 85' lang='lat' dir='ltr'>admiratione</span> <span class='ocrx_word' id='word_1_683' title='bbox 1977 1908 2138 1951; x_wconf 85' lang='lat' dir='ltr'>dignum.</span> 
     </span>
     <span class='ocr_line' id='line_1_102' title="bbox 1242 1953 2138 2000; baseline 0.006 -14"><span class='ocrx_word' id='word_1_684' title='bbox 1242 1953 1315 1990; x_wconf 75' lang='lat' dir='ltr'>Effe</span> <span class='ocrx_word' id='word_1_685' title='bbox 1337 1963 1447 1988; x_wconf 84' lang='lat' dir='ltr'>tamen</span> <span class='ocrx_word' id='word_1_686' title='bbox 1472 1955 1489 1987; x_wconf 71' lang='lat' dir='ltr'>a</span> <span class='ocrx_word' id='word_1_687' title='bbox 1514 1956 1642 1989; x_wconf 73' lang='lat' dir='ltr'>cunstis</span> <span class='ocrx_word' id='word_1_688' title='bbox 1665 1956 1791 1990; x_wconf 87' lang='lat' dir='ltr'>debitas</span> <span class='ocrx_word' id='word_1_689' title='bbox 1813 1955 2071 2000; x_wconf 80' lang='lat' dir='ltr'>Chrysostomus</span> <span class='ocrx_word' id='word_1_690' title='bbox 2082 1968 2138 1991; x_wconf 89' lang='lat' dir='ltr'>co-</span> 
     </span>
     <span class='ocr_line' id='line_1_103' title="bbox 1242 2003 2137 2048; baseline 0.006 -12"><span class='ocrx_word' id='word_1_691' title='bbox 1242 2013 1336 2037; x_wconf 87' lang='lat' dir='ltr'>natus</span> <span class='ocrx_word' id='word_1_692' title='bbox 1357 2003 1403 2037; x_wconf 87' lang='lat' dir='ltr'>est</span> <span class='ocrx_word' id='word_1_693' title='bbox 1425 2003 1611 2048; x_wconf 87' lang='lat' dir='ltr'>persuadere</span> <span class='ocrx_word' id='word_1_694' title='bbox 1626 2030 1633 2036; x_wconf 93' lang='lat'><strong>.</strong></span> <span class='ocrx_word' id='word_1_695' title='bbox 1668 2006 1808 2041; x_wconf 84' lang='lat' dir='ltr'>Easdem</span> <span class='ocrx_word' id='word_1_696' title='bbox 1829 2006 2002 2041; x_wconf 73' lang='lat' dir='ltr'>manifeste</span> <span class='ocrx_word' id='word_1_697' title='bbox 2024 2006 2137 2041; x_wconf 85' lang='lat' dir='ltr'>laudat</span> 
     </span>
     <span class='ocr_line' id='line_1_104' title="bbox 1238 2054 2137 2100; baseline 0.004 -13"><span class='ocrx_word' id='word_1_698' title='bbox 1238 2054 1395 2096; x_wconf 83' lang='lat' dir='ltr'>Synodus</span> <span class='ocrx_word' id='word_1_699' title='bbox 1423 2055 1625 2100; x_wconf 84' lang='lat' dir='ltr'>Gangrensis</span> <span class='ocrx_word' id='word_1_700' title='bbox 1649 2081 1660 2097; x_wconf 94' lang='lat'>‚</span> <span class='ocrx_word' id='word_1_701' title='bbox 1689 2057 1862 2092; x_wconf 81' lang='lat' dir='ltr'>consuetas</span> <span class='ocrx_word' id='word_1_702' title='bbox 1886 2067 1965 2091; x_wconf 85' lang='lat' dir='ltr'>tunc</span> <span class='ocrx_word' id='word_1_703' title='bbox 1986 2056 2137 2091; x_wconf 85' lang='lat' dir='ltr'>fidelium</span> 
     </span>
     <span class='ocr_line' id='line_1_105' title="bbox 1239 2103 2137 2148; baseline 0.004 -11"><span class='ocrx_word' id='word_1_704' title='bbox 1239 2103 1430 2139; x_wconf 83' lang='lat' dir='ltr'>oblationes</span> <span class='ocrx_word' id='word_1_705' title='bbox 1448 2116 1570 2139; x_wconf 88' lang='lat' dir='ltr'>vocans</span> <span class='ocrx_word' id='word_1_706' title='bbox 1588 2106 1789 2147; x_wconf 65' lang='lat' dir='ltr'>’‘⁹²1⁹&#39;‘200P1&#39;2‘1,</span> <span class='ocrx_word' id='word_1_707' title='bbox 1816 2107 1850 2141; x_wconf 88' lang='lat' dir='ltr'>id</span> <span class='ocrx_word' id='word_1_708' title='bbox 1871 2107 1918 2141; x_wconf 89' lang='lat' dir='ltr'>est</span> <span class='ocrx_word' id='word_1_709' title='bbox 1938 2131 1950 2148; x_wconf 89' lang='lat'>,</span> <span class='ocrx_word' id='word_1_710' title='bbox 1972 2107 2137 2142; x_wconf 69' lang='lat' dir='ltr'>frustuum</span> 
     </span>
    </p>
   </div>
   <div class='ocr_carea' id='block_1_10' title="bbox 1218 2152 2297 2204">
    <p class='ocr_par' dir='ltr' id='par_1_11' title="bbox 1218 2152 2297 2204">
     <span class='ocr_line' id='line_1_106' title="bbox 1218 2152 2297 2204; baseline 0.006 -18"><span class='ocrx_word' id='word_1_711' title='bbox 1218 2157 1219 2160; x_wconf 79' lang='grc'>’</span> <span class='ocrx_word' id='word_1_712' title='bbox 1241 2152 1446 2186; x_wconf 86' lang='lat' dir='ltr'>oblationes.</span> <span class='ocrx_word' id='word_1_713' title='bbox 1469 2155 1579 2188; x_wconf 85' lang='lat' dir='ltr'>Etiam</span> <span class='ocrx_word' id='word_1_714' title='bbox 1604 2154 1818 2191; x_wconf 85' lang='lat' dir='ltr'>Antiochena</span> <span class='ocrx_word' id='word_1_715' title='bbox 1840 2158 1997 2201; x_wconf 86' lang='lat' dir='ltr'>Synodus</span> <span class='ocrx_word' id='word_1_716' title='bbox 2024 2157 2137 2192; x_wconf 77' lang='lat' dir='ltr'>Eccle·</span> <span class='ocrx_word' id='word_1_717' title='bbox 2153 2170 2188 2200; x_wconf 78' lang='lat' dir='ltr'>c,</span> <span class='ocrx_word' id='word_1_718' title='bbox 2208 2179 2236 2204; x_wconf 91' lang='lat'>7·</span> <span class='ocrx_word' id='word_1_719' title='bbox 2256 2174 2272 2201; x_wconf 78' lang='lat'><em>8</em></span> <span class='ocrx_word' id='word_1_720' title='bbox 2288 2192 2297 2201; x_wconf 69' lang='lat'>,</span> 
     </span>
    </p>
   </div>
   <div class='ocr_carea' id='block_1_11' title="bbox 1236 2202 2305 3351">
    <p class='ocr_par' dir='ltr' id='par_1_12' title="bbox 1240 2202 2139 2298">
     <span class='ocr_line' id='line_1_107' title="bbox 1241 2202 2137 2251; baseline 0.009 -17"><span class='ocrx_word' id='word_1_721' title='bbox 1241 2202 1437 2236; x_wconf 83' lang='lat' dir='ltr'>siasticarum</span> <span class='ocrx_word' id='word_1_722' title='bbox 1472 2203 1704 2244; x_wconf 68' lang='lat' dir='ltr'>possessionum</span> <span class='ocrx_word' id='word_1_723' title='bbox 1730 2205 1853 2239; x_wconf 84' lang='lat' dir='ltr'>reditus</span> <span class='ocrx_word' id='word_1_724' title='bbox 1884 2206 2062 2251; x_wconf 87' lang='lat' dir='ltr'>distinguit</span> <span class='ocrx_word' id='word_1_725' title='bbox 2093 2207 2137 2242; x_wconf 81' lang='lat' dir='ltr'>ab</span> 
     </span>
     <span class='ocr_line' id='line_1_108' title="bbox 1240 2252 2139 2298; baseline 0.009 -15"><span class='ocrx_word' id='word_1_726' title='bbox 1240 2264 1379 2296; x_wconf 70' lang='lat' dir='ltr'>agrorum</span> <span class='ocrx_word' id='word_1_727' title='bbox 1392 2252 1548 2292; x_wconf 72' lang='lat' dir='ltr'>fruc&#39;i&#39;ibus</span> <span class='ocrx_word' id='word_1_728' title='bbox 1561 2278 1572 2293; x_wconf 94' lang='lat'>‚</span> <span class='ocrx_word' id='word_1_729' title='bbox 1597 2266 1682 2296; x_wconf 89' lang='lat' dir='ltr'>quos</span> <span class='ocrx_word' id='word_1_730' title='bbox 1694 2257 1768 2298; x_wconf 86' lang='lat' dir='ltr'>quis</span> <span class='ocrx_word' id='word_1_731' title='bbox 1788 2267 1857 2290; x_wconf 89' lang='lat' dir='ltr'>non</span> <span class='ocrx_word' id='word_1_732' title='bbox 1873 2255 1982 2291; x_wconf 88' lang='lat' dir='ltr'>videat</span> <span class='ocrx_word' id='word_1_733' title='bbox 1994 2257 2057 2291; x_wconf 81' lang='lat' dir='ltr'>esse</span> <span class='ocrx_word' id='word_1_734' title='bbox 2069 2257 2139 2291; x_wconf 88' lang='lat' dir='ltr'>De-</span> 
     </span>
    </p>

    <p class='ocr_par' dir='ltr' id='par_1_13' title="bbox 1236 2287 2305 2951">
     <span class='ocr_line' id='line_1_109' title="bbox 1239 2287 2266 2340; baseline 0.004 -4"><span class='ocrx_word' id='word_1_735' title='bbox 1239 2302 1369 2336; x_wconf 80' lang='lat' dir='ltr'>cimas?</span> <span class='ocrx_word' id='word_1_736' title='bbox 1397 2301 1442 2334; x_wconf 90' lang='lat' dir='ltr'>Et</span> <span class='ocrx_word' id='word_1_737' title='bbox 1463 2302 1502 2334; x_wconf 83' lang='lat' dir='ltr'>ad</span> <span class='ocrx_word' id='word_1_738' title='bbox 1528 2303 1731 2337; x_wconf 86' lang='lat' dir='ltr'>Herminum</span> <span class='ocrx_word' id='word_1_739' title='bbox 1758 2305 1926 2338; x_wconf 85' lang='lat' dir='ltr'>Comitem</span> <span class='ocrx_word' id='word_1_740' title='bbox 1948 2306 2060 2340; x_wconf 90' lang='lat' dir='ltr'>scribit</span> <span class='ocrx_word' id='word_1_741' title='bbox 2081 2306 2137 2340; x_wconf 90' lang='lat' dir='ltr'>Isi·</span> <span class='ocrx_word' id='word_1_742' title='bbox 2151 2287 2188 2316; x_wconf 62' lang='grc' dir='ltr'>ε’</span> <span class='ocrx_word' id='word_1_743' title='bbox 2215 2295 2266 2323; x_wconf 59' lang='lat'>²5*</span> 
     </span>
     <span class='ocr_line' id='line_1_110' title="bbox 1239 2351 2288 2398; baseline 0.005 -13"><span class='ocrx_word' id='word_1_744' title='bbox 1239 2352 1336 2385; x_wconf 89' lang='lat' dir='ltr'>dorus</span> <span class='ocrx_word' id='word_1_745' title='bbox 1347 2351 1509 2386; x_wconf 83' lang='lat' dir='ltr'>Pelufiota</span> <span class='ocrx_word' id='word_1_746' title='bbox 1525 2364 1535 2384; x_wconf 84' lang='grc'>.·</span> <span class='ocrx_word' id='word_1_747' title='bbox 1565 2354 1718 2385; x_wconf 72' lang='lat' dir='ltr'>Praeclare</span> <span class='ocrx_word' id='word_1_748' title='bbox 1731 2377 1742 2393; x_wconf 93' lang='lat'>,</span> <span class='ocrx_word' id='word_1_749' title='bbox 1764 2357 1922 2386; x_wconf 80' lang='lat' dir='ltr'>Dominum</span> <span class='ocrx_word' id='word_1_750' title='bbox 1932 2366 2022 2388; x_wconf 86' lang='lat' dir='ltr'>ornas</span> <span class='ocrx_word' id='word_1_751' title='bbox 2036 2381 2047 2396; x_wconf 89' lang='lat'>‚</span> <span class='ocrx_word' id='word_1_752' title='bbox 2070 2358 2135 2389; x_wconf 70' lang='lat' dir='ltr'>cum</span> <span class='ocrx_word' id='word_1_753' title='bbox 2287 2395 2288 2398; x_wconf 13' lang='grc' dir='ltr'><strong>Ἰ</strong></span> 
     </span>
     <span class='ocr_line' id='line_1_111' title="bbox 1238 2400 2305 2445; baseline 0.004 -11"><span class='ocrx_word' id='word_1_754' title='bbox 1238 2402 1322 2434; x_wconf 77' lang='lat' dir='ltr'>nobis</span> <span class='ocrx_word' id='word_1_755' title='bbox 1338 2401 1495 2442; x_wconf 76' lang='lat' dir='ltr'>fruc‘luum</span> <span class='ocrx_word' id='word_1_756' title='bbox 1514 2410 1632 2435; x_wconf 88' lang='lat' dir='ltr'>tuorum</span> <span class='ocrx_word' id='word_1_757' title='bbox 1643 2405 1805 2436; x_wconf 80' lang='lat' dir='ltr'>Primittas</span> <span class='ocrx_word' id='word_1_758' title='bbox 1824 2405 1947 2445; x_wconf 78' lang='lat' dir='ltr'>tribuis,</span> <span class='ocrx_word' id='word_1_759' title='bbox 1963 2409 2132 2439; x_wconf 83' lang='lat' dir='ltr'>Decimam·</span> <span class='ocrx_word' id='word_1_760' title='bbox 2153 2404 2182 2431; x_wconf 80' lang='lat'>1-</span> <span class='ocrx_word' id='word_1_761' title='bbox 2195 2400 2305 2442; x_wconf 73' lang='lat' dir='ltr'>¹·Epist·</span> 
     </span>
     <span class='ocr_line' id='line_1_112' title="bbox 1238 2450 2220 2498; baseline 0.005 -13"><span class='ocrx_word' id='word_1_762' title='bbox 1238 2464 1292 2495; x_wconf 90' lang='lat' dir='ltr'>que</span> <span class='ocrx_word' id='word_1_763' title='bbox 1313 2460 1436 2494; x_wconf 87' lang='lat' dir='ltr'>partem</span> <span class='ocrx_word' id='word_1_764' title='bbox 1460 2464 1498 2485; x_wconf 85' lang='lat' dir='ltr'>ex</span> <span class='ocrx_word' id='word_1_765' title='bbox 1523 2451 1658 2485; x_wconf 86' lang='lat' dir='ltr'>ubertate</span> <span class='ocrx_word' id='word_1_766' title='bbox 1679 2463 1771 2487; x_wconf 68' lang='lat' dir='ltr'>terrae</span> <span class='ocrx_word' id='word_1_767' title='bbox 1781 2462 1841 2486; x_wconf 85' lang='lat' dir='ltr'>tuae</span> <span class='ocrx_word' id='word_1_768' title='bbox 1848 2455 1961 2496; x_wconf 81' lang='lat' dir='ltr'>pendis</span> <span class='ocrx_word' id='word_1_769' title='bbox 1973 2461 2001 2488; x_wconf 81' lang='lat' dir='ltr'>ei</span> <span class='ocrx_word' id='word_1_770' title='bbox 2015 2480 2026 2496; x_wconf 83' lang='grc'>,</span> <span class='ocrx_word' id='word_1_771' title='bbox 2044 2458 2133 2498; x_wconf 62' lang='lat' dir='ltr'>Aqua</span> <span class='ocrx_word' id='word_1_772' title='bbox 2152 2450 2220 2476; x_wconf 77' lang='lat'>³¹7·</span> 
     </span>
     <span class='ocr_line' id='line_1_113' title="bbox 1237 2501 2134 2547; baseline 0.007 -13"><span class='ocrx_word' id='word_1_773' title='bbox 1237 2501 1335 2546; x_wconf 77' lang='lat' dir='ltr'>ipsam</span> <span class='ocrx_word' id='word_1_774' title='bbox 1357 2502 1504 2543; x_wconf 81' lang='lat' dir='ltr'>accepisti.</span> <span class='ocrx_word' id='word_1_775' title='bbox 1529 2503 1573 2536; x_wconf 90' lang='lat' dir='ltr'>Et</span> <span class='ocrx_word' id='word_1_776' title='bbox 1585 2503 1618 2536; x_wconf 91' lang='lat' dir='ltr'>in</span> <span class='ocrx_word' id='word_1_777' title='bbox 1633 2503 1761 2537; x_wconf 80' lang='lat' dir='ltr'>decima</span> <span class='ocrx_word' id='word_1_778' title='bbox 1776 2514 1890 2547; x_wconf 86' lang='lat' dir='ltr'>quarta</span> <span class='ocrx_word' id='word_1_779' title='bbox 1903 2504 2040 2546; x_wconf 78' lang='lat' dir='ltr'>Joannis</span> <span class='ocrx_word' id='word_1_780' title='bbox 2053 2506 2134 2540; x_wconf 86' lang='lat' dir='ltr'>Cas-</span> 
     </span>
     <span class='ocr_line' id='line_1_114' title="bbox 1238 2552 2131 2598; baseline 0.003 -12"><span class='ocrx_word' id='word_1_781' title='bbox 1238 2554 1319 2587; x_wconf 88' lang='lat' dir='ltr'>siani</span> <span class='ocrx_word' id='word_1_782' title='bbox 1340 2553 1520 2587; x_wconf 86' lang='lat' dir='ltr'>collatione</span> <span class='ocrx_word' id='word_1_783' title='bbox 1539 2553 1581 2585; x_wconf 90' lang='lat' dir='ltr'>ad</span> <span class='ocrx_word' id='word_1_784' title='bbox 1599 2552 1765 2589; x_wconf 78' lang='lat' dir='ltr'>Abbatem</span> <span class='ocrx_word' id='word_1_785' title='bbox 1789 2555 1951 2596; x_wconf 74' lang='lat' dir='ltr'>Ioannem</span> <span class='ocrx_word' id='word_1_786' title='bbox 1961 2554 2046 2587; x_wconf 86' lang='lat' dir='ltr'>dixit</span> <span class='ocrx_word' id='word_1_787' title='bbox 2057 2555 2131 2598; x_wconf 89' lang='lat' dir='ltr'>quis</span> 
     </span>
     <span class='ocr_line' id='line_1_115' title="bbox 1237 2600 2133 2647; baseline 0.002 -11"><span class='ocrx_word' id='word_1_788' title='bbox 1237 2604 1310 2646; x_wconf 88' lang='lat' dir='ltr'>pius</span> <span class='ocrx_word' id='word_1_789' title='bbox 1332 2602 1470 2636; x_wconf 84' lang='lat' dir='ltr'>rusticus</span> <span class='ocrx_word' id='word_1_790' title='bbox 1485 2600 1519 2644; x_wconf 88' lang='lat' dir='ltr'>se</span> <span class='ocrx_word' id='word_1_791' title='bbox 1540 2613 1705 2645; x_wconf 87' lang='lat' dir='ltr'>numquam</span> <span class='ocrx_word' id='word_1_792' title='bbox 1729 2604 1767 2635; x_wconf 90' lang='lat' dir='ltr'>de</span> <span class='ocrx_word' id='word_1_793' title='bbox 1792 2602 1948 2643; x_wconf 65' lang='lat' dir='ltr'>frullibus</span> <span class='ocrx_word' id='word_1_794' title='bbox 1977 2602 2042 2647; x_wconf 73' lang='lat' dir='ltr'>suis</span> <span class='ocrx_word' id='word_1_795' title='bbox 2075 2606 2133 2639; x_wconf 82' lang='lat' dir='ltr'>ali-</span> 
     </span>
     <span class='ocr_line' id='line_1_116' title="bbox 1236 2651 2131 2698; baseline 0.003 -12"><span class='ocrx_word' id='word_1_796' title='bbox 1236 2654 1311 2696; x_wconf 85' lang='lat' dir='ltr'>quid</span> <span class='ocrx_word' id='word_1_797' title='bbox 1331 2651 1480 2696; x_wconf 82' lang='lat' dir='ltr'>usurpaffe</span> <span class='ocrx_word' id='word_1_798' title='bbox 1493 2676 1503 2692; x_wconf 89' lang='lat'>,</span> <span class='ocrx_word' id='word_1_799' title='bbox 1541 2651 1696 2694; x_wconf 72' lang='lat' dir='ltr'>nist‘prius</span> <span class='ocrx_word' id='word_1_800' title='bbox 1719 2655 1781 2686; x_wconf 89' lang='lat' dir='ltr'>Deo</span> <span class='ocrx_word' id='word_1_801' title='bbox 1803 2656 1963 2686; x_wconf 83' lang='lat' dir='ltr'>Primitias</span> <span class='ocrx_word' id='word_1_802' title='bbox 1983 2666 2084 2698; x_wconf 82' lang='lat' dir='ltr'>eorum</span> <span class='ocrx_word' id='word_1_803' title='bbox 2094 2667 2131 2689; x_wconf 82' lang='lat' dir='ltr'>ac</span> 
     </span>
     <span class='ocr_line' id='line_1_117' title="bbox 1241 2703 2130 2741; baseline 0.007 -6"><span class='ocrx_word' id='word_1_804' title='bbox 1241 2707 1379 2737; x_wconf 83' lang='lat' dir='ltr'>Decimas</span> <span class='ocrx_word' id='word_1_805' title='bbox 1401 2703 1495 2736; x_wconf 83' lang='lat' dir='ltr'>obtuli</span> <span class='ocrx_word' id='word_1_806' title='bbox 1516 2712 1547 2735; x_wconf 84' lang='lat' dir='ltr'>et</span> <span class='ocrx_word' id='word_1_807' title='bbox 1573 2726 1580 2734; x_wconf 91' lang='lat'>.</span> <span class='ocrx_word' id='word_1_808' title='bbox 1613 2703 1688 2737; x_wconf 85' lang='lat' dir='ltr'>Has</span> <span class='ocrx_word' id='word_1_809' title='bbox 1717 2703 1818 2737; x_wconf 84' lang='lat' dir='ltr'>etiam</span> <span class='ocrx_word' id='word_1_810' title='bbox 1841 2703 1875 2737; x_wconf 91' lang='lat' dir='ltr'>in</span> <span class='ocrx_word' id='word_1_811' title='bbox 1900 2716 1990 2738; x_wconf 92' lang='lat' dir='ltr'>novo</span> <span class='ocrx_word' id='word_1_812' title='bbox 2013 2705 2130 2741; x_wconf 81' lang='lat' dir='ltr'>Testa-</span> 
     </span>
     <span class='ocr_line' id='line_1_118' title="bbox 1239 2753 2129 2797; baseline 0.003 -10"><span class='ocrx_word' id='word_1_813' title='bbox 1239 2762 1352 2788; x_wconf 85' lang='lat' dir='ltr'>mento</span> <span class='ocrx_word' id='word_1_814' title='bbox 1374 2754 1439 2788; x_wconf 83' lang='lat' dir='ltr'>effe</span> <span class='ocrx_word' id='word_1_815' title='bbox 1459 2753 1698 2797; x_wconf 85' lang='lat' dir='ltr'>obligationis,</span> <span class='ocrx_word' id='word_1_816' title='bbox 1731 2753 1842 2787; x_wconf 83' lang='lat' dir='ltr'>multis</span> <span class='ocrx_word' id='word_1_817' title='bbox 1863 2754 2009 2789; x_wconf 86' lang='lat' dir='ltr'>ostendit</span> <span class='ocrx_word' id='word_1_818' title='bbox 2029 2755 2064 2789; x_wconf 89' lang='lat' dir='ltr'>in</span> <span class='ocrx_word' id='word_1_819' title='bbox 2082 2756 2129 2790; x_wconf 84' lang='lat' dir='ltr'>vi·</span> 
     </span>
     <span class='ocr_line' id='line_1_119' title="bbox 1238 2802 2292 2865; baseline 0.003 -27"><span class='ocrx_word' id='word_1_820' title='bbox 1238 2804 1358 2849; x_wconf 77' lang='lat' dir='ltr'>gefima</span> <span class='ocrx_word' id='word_1_821' title='bbox 1388 2805 1491 2847; x_wconf 82' lang='lat' dir='ltr'>prima</span> <span class='ocrx_word' id='word_1_822' title='bbox 1512 2803 1692 2837; x_wconf 83' lang='lat' dir='ltr'>collatione</span> <span class='ocrx_word' id='word_1_823' title='bbox 1715 2802 1829 2837; x_wconf 86' lang='lat' dir='ltr'>Abbas</span> <span class='ocrx_word' id='word_1_824' title='bbox 1839 2802 2017 2839; x_wconf 86' lang='lat' dir='ltr'>Theonas.</span> <span class='ocrx_word' id='word_1_825' title='bbox 2040 2805 2130 2841; x_wconf 86' lang='lat' dir='ltr'>Inter</span> <span class='ocrx_word' id='word_1_826' title='bbox 2144 2827 2172 2857; x_wconf 77' lang='lat' dir='ltr'>C</span> <span class='ocrx_word' id='word_1_827' title='bbox 2199 2836 2214 2865; x_wconf 75' lang='lat'><em>5</em></span> <span class='ocrx_word' id='word_1_828' title='bbox 2234 2832 2292 2863; x_wconf 50' lang='lat'>5⁰7</span> 
     </span>
     <span class='ocr_line' id='line_1_120' title="bbox 1240 2849 2300 2899; baseline 0.002 -11"><span class='ocrx_word' id='word_1_829' title='bbox 1240 2853 1503 2899; x_wconf 83' lang='lat' dir='ltr'>Augustinianos</span> <span class='ocrx_word' id='word_1_830' title='bbox 1525 2854 1603 2887; x_wconf 88' lang='lat' dir='ltr'>item</span> <span class='ocrx_word' id='word_1_831' title='bbox 1637 2854 1677 2888; x_wconf 91' lang='lat' dir='ltr'>de</span> <span class='ocrx_word' id='word_1_832' title='bbox 1712 2864 1860 2898; x_wconf 85' lang='lat' dir='ltr'>tempore</span> <span class='ocrx_word' id='word_1_833' title='bbox 1892 2856 2056 2890; x_wconf 86' lang='lat' dir='ltr'>sermones</span> <span class='ocrx_word' id='word_1_834' title='bbox 2081 2856 2128 2890; x_wconf 89' lang='lat' dir='ltr'>est</span> <span class='ocrx_word' id='word_1_835' title='bbox 2174 2850 2183 2857; x_wconf 78' lang='grc'><strong>”</strong></span> <span class='ocrx_word' id='word_1_836' title='bbox 2219 2849 2226 2857; x_wconf 71' lang='lat'>&#39;</span> <span class='ocrx_word' id='word_1_837' title='bbox 2293 2849 2300 2857; x_wconf 73' lang='grc'><strong>’</strong></span> 
     </span>
     <span class='ocr_line' id='line_1_121' title="bbox 1239 2903 2129 2951; baseline 0.001 -12"><span class='ocrx_word' id='word_1_838' title='bbox 1239 2916 1324 2939; x_wconf 88' lang='lat' dir='ltr'>unus</span> <span class='ocrx_word' id='word_1_839' title='bbox 1346 2903 1386 2938; x_wconf 90' lang='lat' dir='ltr'>de</span> <span class='ocrx_word' id='word_1_840' title='bbox 1404 2904 1576 2938; x_wconf 83' lang='lat' dir='ltr'>reddendis</span> <span class='ocrx_word' id='word_1_841' title='bbox 1606 2905 1756 2938; x_wconf 87' lang='lat' dir='ltr'>Decimis</span> <span class='ocrx_word' id='word_1_842' title='bbox 1779 2929 1789 2946; x_wconf 92' lang='lat'>‚</span> <span class='ocrx_word' id='word_1_843' title='bbox 1821 2916 1920 2946; x_wconf 87' lang='lat' dir='ltr'>quem</span> <span class='ocrx_word' id='word_1_844' title='bbox 1947 2907 1997 2939; x_wconf 89' lang='lat' dir='ltr'>uti</span> <span class='ocrx_word' id='word_1_845' title='bbox 2021 2906 2129 2951; x_wconf 86' lang='lat' dir='ltr'>legiti-</span> 
     </span>
    </p>

    <p class='ocr_par' dir='ltr' id='par_1_14' title="bbox 1240 2952 2127 3000">
     <span class='ocr_line' id='line_1_122' title="bbox 1240 2952 2127 3000; baseline -0.001 -10"><span class='ocrx_word' id='word_1_846' title='bbox 1240 2967 1330 2990; x_wconf 88' lang='lat' dir='ltr'>mum</span> <span class='ocrx_word' id='word_1_847' title='bbox 1351 2953 1531 3000; x_wconf 88' lang='lat' dir='ltr'>Augustini</span> <span class='ocrx_word' id='word_1_848' title='bbox 1555 2952 1671 2988; x_wconf 88' lang='lat' dir='ltr'>foetum</span> <span class='ocrx_word' id='word_1_849' title='bbox 1685 2954 1830 2989; x_wconf 85' lang='lat' dir='ltr'>laudavit</span> <span class='ocrx_word' id='word_1_850' title='bbox 1843 2966 1910 2989; x_wconf 86' lang='lat' dir='ltr'>non</span> <span class='ocrx_word' id='word_1_851' title='bbox 1927 2957 2033 2989; x_wconf 74' lang='lat' dir='ltr'>solum</span> <span class='ocrx_word' id='word_1_852' title='bbox 2046 2956 2127 2989; x_wconf 86' lang='lat' dir='ltr'>Gra-</span> 
     </span>
    </p>

    <p class='ocr_par' dir='ltr' id='par_1_15' title="bbox 1236 3002 2230 3201">
     <span class='ocr_line' id='line_1_123' title="bbox 1238 3002 2230 3047; baseline 0.001 -8"><span class='ocrx_word' id='word_1_853' title='bbox 1238 3006 1345 3040; x_wconf 91' lang='lat' dir='ltr'>tianus</span> <span class='ocrx_word' id='word_1_854' title='bbox 1356 3002 1545 3039; x_wconf 89' lang='lat' dir='ltr'>Monachus</span> <span class='ocrx_word' id='word_1_855' title='bbox 1557 3028 1567 3043; x_wconf 92' lang='lat'>‚</span> <span class='ocrx_word' id='word_1_856' title='bbox 1591 3005 1643 3038; x_wconf 89' lang='lat' dir='ltr'>sed</span> <span class='ocrx_word' id='word_1_857' title='bbox 1657 3007 1755 3039; x_wconf 85' lang='lat' dir='ltr'>etiam</span> <span class='ocrx_word' id='word_1_858' title='bbox 1780 3006 1812 3038; x_wconf 92' lang='lat' dir='ltr'>in</span> <span class='ocrx_word' id='word_1_859' title='bbox 1827 3007 1968 3040; x_wconf 85' lang='lat' dir='ltr'>Decreto</span> <span class='ocrx_word' id='word_1_860' title='bbox 1980 3007 2038 3040; x_wconf 89' lang='lat' dir='ltr'>suo</span> <span class='ocrx_word' id='word_1_861' title='bbox 2049 3007 2128 3040; x_wconf 80' lang='lat' dir='ltr'>San·</span> <span class='ocrx_word' id='word_1_862' title='bbox 2143 3018 2230 3047; x_wconf 66' lang='lat' dir='ltr'>germ,</span> 
     </span>
     <span class='ocr_line' id='line_1_124' title="bbox 1237 3053 2212 3098; baseline 0.002 -8"><span class='ocrx_word' id='word_1_863' title='bbox 1237 3058 1305 3090; x_wconf 71' lang='lat' dir='ltr'>stus</span> <span class='ocrx_word' id='word_1_864' title='bbox 1325 3056 1386 3098; x_wconf 85' lang='lat' dir='ltr'>Jvo</span> <span class='ocrx_word' id='word_1_865' title='bbox 1399 3053 1632 3094; x_wconf 80' lang='lat' dir='ltr'>Carnutenfis,</span> <span class='ocrx_word' id='word_1_866' title='bbox 1652 3055 1834 3089; x_wconf 79' lang='lat' dir='ltr'>&amp;inlibris</span> <span class='ocrx_word' id='word_1_867' title='bbox 1848 3056 1889 3090; x_wconf 88' lang='lat' dir='ltr'>de</span> <span class='ocrx_word' id='word_1_868' title='bbox 1901 3056 2027 3090; x_wconf 86' lang='lat' dir='ltr'>Laicali</span> <span class='ocrx_word' id='word_1_869' title='bbox 2039 3056 2127 3090; x_wconf 85' lang='lat' dir='ltr'>insti·</span> <span class='ocrx_word' id='word_1_870' title='bbox 2145 3067 2212 3093; x_wconf 84' lang='lat'>2¹9·</span> 
     </span>
     <span class='ocr_line' id='line_1_125' title="bbox 1237 3103 2126 3149; baseline -0.001 -9"><span class='ocrx_word' id='word_1_871' title='bbox 1237 3107 1367 3140; x_wconf 86' lang='lat' dir='ltr'>tutione</span> <span class='ocrx_word' id='word_1_872' title='bbox 1389 3106 1489 3149; x_wconf 86' lang='lat' dir='ltr'>Jonas</span> <span class='ocrx_word' id='word_1_873' title='bbox 1501 3103 1682 3148; x_wconf 87' lang='lat' dir='ltr'>Episcopus</span> <span class='ocrx_word' id='word_1_874' title='bbox 1695 3106 1952 3141; x_wconf 85' lang='lat' dir='ltr'>Aurelianensis.</span> <span class='ocrx_word' id='word_1_875' title='bbox 1979 3106 2023 3139; x_wconf 87' lang='lat' dir='ltr'>Et</span> <span class='ocrx_word' id='word_1_876' title='bbox 2047 3105 2126 3139; x_wconf 89' lang='lat' dir='ltr'>hinc</span> 
     </span>
     <span class='ocr_line' id='line_1_126' title="bbox 1236 3154 2128 3201; baseline -0.001 -10"><span class='ocrx_word' id='word_1_877' title='bbox 1236 3157 1457 3191; x_wconf 87' lang='lat' dir='ltr'>Lovanienses</span> <span class='ocrx_word' id='word_1_878' title='bbox 1474 3154 1574 3188; x_wconf 87' lang='lat' dir='ltr'>nostri</span> <span class='ocrx_word' id='word_1_879' title='bbox 1595 3155 1699 3198; x_wconf 87' lang='lat' dir='ltr'>ipsum</span> <span class='ocrx_word' id='word_1_880' title='bbox 1723 3157 1758 3190; x_wconf 91' lang='lat' dir='ltr'>in</span> <span class='ocrx_word' id='word_1_881' title='bbox 1772 3157 1997 3201; x_wconf 87' lang='lat' dir='ltr'>legitimorum</span> <span class='ocrx_word' id='word_1_882' title='bbox 2008 3157 2128 3190; x_wconf 87' lang='lat' dir='ltr'>sermo-</span> 
     </span>
    </p>

    <p class='ocr_par' dir='ltr' id='par_1_16' title="bbox 1238 3204 2275 3351">
     <span class='ocr_line' id='line_1_127' title="bbox 1238 3204 2275 3255; baseline -0.001 -15"><span class='ocrx_word' id='word_1_883' title='bbox 1238 3217 1317 3240; x_wconf 89' lang='lat' dir='ltr'>num</span> <span class='ocrx_word' id='word_1_884' title='bbox 1345 3216 1482 3250; x_wconf 77' lang='lat' dir='ltr'>corpore</span> <span class='ocrx_word' id='word_1_885' title='bbox 1500 3205 1702 3249; x_wconf 83' lang='lat' dir='ltr'>reliquerunt</span> <span class='ocrx_word' id='word_1_886' title='bbox 1714 3232 1721 3239; x_wconf 93' lang='lat'>.</span> <span class='ocrx_word' id='word_1_887' title='bbox 1744 3206 1918 3255; x_wconf 81' lang='lat' dir='ltr'>Qidquid</span> <span class='ocrx_word' id='word_1_888' title='bbox 1931 3204 1969 3238; x_wconf 90' lang='lat' dir='ltr'>fit</span> <span class='ocrx_word' id='word_1_889' title='bbox 1982 3230 1994 3245; x_wconf 85' lang='lat'>‚</span> <span class='ocrx_word' id='word_1_890' title='bbox 2015 3205 2125 3240; x_wconf 81' lang='lat' dir='ltr'>adver·</span> <span class='ocrx_word' id='word_1_891' title='bbox 2143 3212 2173 3240; x_wconf 92' lang='lat' dir='ltr'>L.</span> <span class='ocrx_word' id='word_1_892' title='bbox 2200 3221 2226 3240; x_wconf 86' lang='lat'>2.</span> <span class='ocrx_word' id='word_1_893' title='bbox 2249 3221 2275 3242; x_wconf 90' lang='lat' dir='ltr'>c.</span> 
     </span>
     <span class='ocr_line' id='line_1_128' title="bbox 1239 3255 2192 3302; baseline -0.003 -11"><span class='ocrx_word' id='word_1_894' title='bbox 1239 3257 1290 3292; x_wconf 75' lang='lat' dir='ltr'>sus</span> <span class='ocrx_word' id='word_1_895' title='bbox 1312 3257 1423 3291; x_wconf 90' lang='lat' dir='ltr'>nescio</span> <span class='ocrx_word' id='word_1_896' title='bbox 1441 3256 1700 3299; x_wconf 80' lang='lat' dir='ltr'>quemineptum</span> <span class='ocrx_word' id='word_1_897' title='bbox 1715 3257 1945 3302; x_wconf 81' lang='lat' dir='ltr'>disputatorem</span> <span class='ocrx_word' id='word_1_898' title='bbox 1958 3255 2066 3291; x_wconf 87' lang='lat' dir='ltr'>scribit</span> <span class='ocrx_word' id='word_1_899' title='bbox 2088 3256 2123 3290; x_wconf 88' lang='lat' dir='ltr'>in</span> <span class='ocrx_word' id='word_1_900' title='bbox 2146 3261 2192 3288; x_wconf 83' lang='lat'>¹9·</span> 
     </span>
     <span class='ocr_line' id='line_1_129' title="bbox 1239 3305 2126 3351; baseline -0.001 -10"><span class='ocrx_word' id='word_1_901' title='bbox 1239 3306 1353 3342; x_wconf 86' lang='lat' dir='ltr'>litteris</span> <span class='ocrx_word' id='word_1_902' title='bbox 1377 3307 1418 3341; x_wconf 84' lang='lat' dir='ltr'>ad</span> <span class='ocrx_word' id='word_1_903' title='bbox 1430 3306 1631 3340; x_wconf 87' lang='lat' dir='ltr'>Casulanum</span> <span class='ocrx_word' id='word_1_904' title='bbox 1645 3307 1876 3351; x_wconf 85' lang='lat' dir='ltr'>Presbyterum</span> <span class='ocrx_word' id='word_1_905' title='bbox 1895 3306 2046 3340; x_wconf 84' lang='lat' dir='ltr'>laudatus</span> <span class='ocrx_word' id='word_1_906' title='bbox 2058 3305 2126 3340; x_wconf 89' lang='lat' dir='ltr'>Au-</span> 
     </span>
    </p>
   </div>
   <div class='ocr_carea' id='block_1_12' title="bbox 2146 2634 2236 2669">
    <p class='ocr_par' dir='ltr' id='par_1_17' title="bbox 2146 2634 2236 2669">
     <span class='ocr_line' id='line_1_130' title="bbox 2146 2634 2236 2669; baseline -0.022 -5"><span class='ocrx_word' id='word_1_907' title='bbox 2146 2634 2236 2669; x_wconf 68' lang='grc'>07-</span> 
     </span>
    </p>
   </div>
   <div class='ocr_carea' id='block_1_13' title="bbox 296 3349 2126 3403">
    <p class='ocr_par' dir='ltr' id='par_1_18' title="bbox 296 3349 2126 3403">
     <span class='ocr_line' id='line_1_131' title="bbox 296 3349 2126 3403; baseline -0.001 -12"><span class='ocrx_word' id='word_1_908' title='bbox 296 3358 452 3392; x_wconf 76' lang='lat' dir='ltr'>autem&amp;</span> <span class='ocrx_word' id='word_1_909' title='bbox 473 3355 631 3390; x_wconf 77' lang='lat' dir='ltr'>crudeliter</span> <span class='ocrx_word' id='word_1_910' title='bbox 649 3355 765 3388; x_wconf 68' lang='lat' dir='ltr'>exadlae</span> <span class='ocrx_word' id='word_1_911' title='bbox 783 3381 793 3388; x_wconf 77' lang='grc'><strong>.</strong></span> <span class='ocrx_word' id='word_1_912' title='bbox 823 3356 975 3390; x_wconf 87' lang='lat' dir='ltr'>Eundem</span> <span class='ocrx_word' id='word_1_913' title='bbox 1000 3359 1034 3391; x_wconf 91' lang='lat' dir='ltr'>in</span> <span class='ocrx_word' id='word_1_914' title='bbox 1056 3360 1182 3393; x_wconf 87' lang='lat' dir='ltr'>sensum</span> <span class='ocrx_word' id='word_1_915' title='bbox 1223 3349 1407 3403; x_wconf 72' lang='lat' dir='ltr'>lgustinus:</span> <span class='ocrx_word' id='word_1_916' title='bbox 1426 3356 1521 3397; x_wconf 88' lang='lat' dir='ltr'>Potest</span> <span class='ocrx_word' id='word_1_917' title='bbox 1533 3356 1582 3396; x_wconf 85' lang='lat' dir='ltr'>iste</span> <span class='ocrx_word' id='word_1_918' title='bbox 1591 3356 1791 3392; x_wconf 65' lang='lat' dir='ltr'>diceremur»</span> <span class='ocrx_word' id='word_1_919' title='bbox 1811 3358 1900 3397; x_wconf 78' lang='lat' dir='ltr'>illos,</span> <span class='ocrx_word' id='word_1_920' title='bbox 1921 3362 1972 3399; x_wconf 84' lang='lat' dir='ltr'>qui</span> <span class='ocrx_word' id='word_1_921' title='bbox 1995 3362 2126 3390; x_wconf 77' lang='lat' dir='ltr'>omnium</span> 
     </span>
    </p>
   </div>
   <div class='ocr_carea' id='block_1_14' title="bbox 294 3394 2126 3525">
    <p class='ocr_par' dir='ltr' id='par_1_19' title="bbox 294 3394 2126 3525">
     <span class='ocr_line' id='line_1_132' title="bbox 294 3394 2126 3452; baseline -0.001 -10"><span class='ocrx_word' id='word_1_922' title='bbox 294 3408 432 3451; x_wconf 84' lang='lat' dir='ltr'>exponit</span> <span class='ocrx_word' id='word_1_923' title='bbox 453 3406 521 3441; x_wconf 74' lang='lat' dir='ltr'>haec</span> <span class='ocrx_word' id='word_1_924' title='bbox 539 3404 682 3448; x_wconf 83' lang='lat' dir='ltr'>ejusdem</span> <span class='ocrx_word' id='word_1_925' title='bbox 703 3406 862 3450; x_wconf 85' lang='lat' dir='ltr'>Cypriani</span> <span class='ocrx_word' id='word_1_926' title='bbox 885 3406 980 3441; x_wconf 85' lang='lat' dir='ltr'>verba</span> <span class='ocrx_word' id='word_1_927' title='bbox 1002 3409 1036 3442; x_wconf 90' lang='lat' dir='ltr'>in</span> <span class='ocrx_word' id='word_1_928' title='bbox 1050 3408 1134 3445; x_wconf 88' lang='lat' dir='ltr'>libro</span> <span class='ocrx_word' id='word_1_929' title='bbox 1143 3408 1184 3443; x_wconf 90' lang='lat' dir='ltr'>de</span> <span class='ocrx_word' id='word_1_930' title='bbox 1223 3394 1390 3452; x_wconf 58' lang='lat' dir='ltr'>&#39;fructuum</span> <span class='ocrx_word' id='word_1_931' title='bbox 1407 3405 1528 3450; x_wconf 82' lang='lat' dir='ltr'>suorum</span> <span class='ocrx_word' id='word_1_932' title='bbox 1552 3410 1691 3441; x_wconf 81' lang='lat' dir='ltr'>Decimas</span> <span class='ocrx_word' id='word_1_933' title='bbox 1711 3409 1790 3441; x_wconf 86' lang='lat' dir='ltr'>dant</span> <span class='ocrx_word' id='word_1_934' title='bbox 1809 3408 1994 3449; x_wconf 85' lang='lat' dir='ltr'>pauperibus</span> <span class='ocrx_word' id='word_1_935' title='bbox 2019 3430 2031 3445; x_wconf 88' lang='lat'><strong>‚</strong></span> <span class='ocrx_word' id='word_1_936' title='bbox 2052 3416 2126 3440; x_wconf 79' lang='lat' dir='ltr'>&#39;cum</span> 
     </span>
     <span class='ocr_line' id='line_1_133' title="bbox 295 3454 2126 3525; baseline 0.001 -36"><span class='ocrx_word' id='word_1_937' title='bbox 295 3459 423 3492; x_wconf 82' lang='lat' dir='ltr'>unitate</span> <span class='ocrx_word' id='word_1_938' title='bbox 449 3456 616 3492; x_wconf 79' lang='lat' dir='ltr'>Ecclefiae:</span> <span class='ocrx_word' id='word_1_939' title='bbox 643 3460 684 3491; x_wconf 75' lang='lat' dir='ltr'>At</span> <span class='ocrx_word' id='word_1_940' title='bbox 694 3467 771 3492; x_wconf 90' lang='lat' dir='ltr'>nunc</span> <span class='ocrx_word' id='word_1_941' title='bbox 782 3458 819 3491; x_wconf 82' lang='lat' dir='ltr'>de</span> <span class='ocrx_word' id='word_1_942' title='bbox 845 3460 1031 3492; x_wconf 80' lang='lat' dir='ltr'>Patrimonio</span> <span class='ocrx_word' id='word_1_943' title='bbox 1054 3470 1105 3494; x_wconf 87' lang='lat' dir='ltr'>nec</span> <span class='ocrx_word' id='word_1_944' title='bbox 1125 3463 1183 3493; x_wconf 88' lang='lat' dir='ltr'>De-</span> <span class='ocrx_word' id='word_1_945' title='bbox 1227 3458 1398 3525; x_wconf 47' lang='lat' dir='ltr'>&#39;Pharisaeo</span> <span class='ocrx_word' id='word_1_946' title='bbox 1416 3458 1583 3500; x_wconf 82' lang='lat' dir='ltr'>damnari,</span> <span class='ocrx_word' id='word_1_947' title='bbox 1602 3463 1673 3501; x_wconf 77' lang='lat' dir='ltr'>quia</span> <span class='ocrx_word' id='word_1_948' title='bbox 1692 3457 1743 3492; x_wconf 81' lang='lat' dir='ltr'>hoc</span> <span class='ocrx_word' id='word_1_949' title='bbox 1763 3468 1874 3501; x_wconf 87' lang='lat' dir='ltr'>quoque</span> <span class='ocrx_word' id='word_1_950' title='bbox 1896 3462 1975 3492; x_wconf 80' lang='lat' dir='ltr'>inter</span> <span class='ocrx_word' id='word_1_951' title='bbox 1990 3454 2049 3500; x_wconf 82' lang='lat' dir='ltr'>sua</span> <span class='ocrx_word' id='word_1_952' title='bbox 2061 3465 2126 3499; x_wconf 84' lang='lat' dir='ltr'>ope·</span> 
     </span>
    </p>
   </div>
   <div class='ocr_carea' id='block_1_15' title="bbox 2139 3443 2301 3484">
    <p class='ocr_par' dir='ltr' id='par_1_20' title="bbox 2139 3443 2301 3484">
     <span class='ocr_line' id='line_1_134' title="bbox 2139 3443 2301 3484; baseline 0.006 -10"><span class='ocrx_word' id='word_1_953' title='bbox 2139 3443 2227 3484; x_wconf 81' lang='lat' dir='ltr'>Epist·</span> <span class='ocrx_word' id='word_1_954' title='bbox 2253 3447 2301 3475; x_wconf 89' lang='lat'>86.</span> 
     </span>
    </p>
   </div>
   <div class='ocr_carea' id='block_1_16' title="bbox 2033 3518 2077 3540">
    <p class='ocr_par' dir='ltr' id='par_1_21' title="bbox 2033 3518 2077 3540">
     <span class='ocr_line' id='line_1_135' title="bbox 2033 3518 2077 3540; baseline 0.068 -2"><span class='ocrx_word' id='word_1_955' title='bbox 2033 3518 2077 3540; x_wconf 33' lang='lat' dir='ltr'>tra</span> 
     </span>
    </p>
   </div>
  </div>
 </body>
</html>
