2366 3756
105 250 109 268 l

43 297 182 334 Ep.118.

42 414 71 443 L.
87 421 113 440 2·
128 419 154 442 c.
170 421 198 447 7.

48 2042 148 2079 1-3-c·
158 2051 187 2080 3·

883 140 1365 184 DrcrATns.

216 221 278 256 nus
291 245 302 262 ,
328 217 554 264 Apostolicam
574 217 785 255 traditionem
805 221 967 254 affirmans
989 220 1090 254 incer-

217 280 284 305 tam
297 294 308 311 ,
333 268 456 304 haerens
477 281 557 304 num
577 279 701 305 mutata
723 271 780 304 illa
800 270 897 305 fuerit
917 282 972 313 per
993 270 1091 304 Hera-

217 321 325 360 clam,
350 331 391 354 an
403 319 565 354 restituta.
594 318 819 364 Apostolicam
836 319 1046 354 traditionem
1058 320 1092 354 in

216 370 332 405 litteris
354 371 394 406 ad
407 370 617 414 Ianuarium,
643 371 677 404 ὃς
695 369 730 402 in
751 368 842 403 libris
863 369 904 403 de
928 369 1093 412 Baptismo

218 421 335 456 definit
354 422 518 466 eleganter
539 421 667 454 Sandius
679 418 883 464 Augustinus
896 433 906 453 :
934 422 1013 462 ,Quae
1036 431 1094 452 non

218 477 416 506 inveniuntur
436 477 468 503 in
479 470 672 512 Apostolorum
683 470 791 503 littcrIs
804 494 814 510 ,
842 476 979 512 nequem
992 474 1095 503 Conci-

218 522 270 554 liis
284 521 476 561 Posteriorum
489 543 500 560 ,
525 521 558 552 (τ
568 529 670 554 tamen
689 528 745 561 per
757 518 928 562 universam
938 519 1095 559 custodiun-

215 579 268 605 tur
285 570 456 612 Ecclesiam,
484 581 541 603 non
561 569 618 611 nisi
634 570 673 602 ab
684 568 751 611 ipsis
772 572 890 608 tradita
913 572 1098 604 &commen-

220 621 486 654 datacrcduntur.
516 619 620 653 Aliud
631 619 676 653 est
689 618 859 663 adiaphori
884 621 983 658 ritus,
1008 619 1097 653 aliud

220 671 416 715 Evangelici
455 670 619 715 dogmatis
652 679 708 703 aut
745 669 895 713 Praecepti
934 668 1098 713 Apostoli-

219 732 259 754 ca
271 720 423 755 traditio:
450 719 544 754 Prior
562 731 631 754 non
645 719 764 758 debet,
792 720 969 762 posterior,
995 719 1098 763 qualis

222 770 363 804 omnino
377 770 484 805 nostra
498 795 508 810 ‚
535 769 620 813 apud
642 780 758 804 ornnes
775 769 832 803 sub
844 770 929 804 coelo
942 769 1099 803 Ecclefias

221 819 319 854 debet
330 820 392 854 esse
416 821 545 864 penitus
558 819 761 854 universalis.
792 820 901 867 Qare
918 819 984 861 ejus
998 820 1031 852 in
1045 819 1100 852 du-

221 869 315 903 bium
333 879 448 903 vocata
469 869 638 917 existentia
661 870 705 904 est
723 870 797 903 faeti
818 869 968 912 quaestio.
995 867 1101 901 immo

221 918 267 953 est
278 919 416 963 dogma:
448 917 496 953 At
508 918 597 963 quod
611 919 628 952 ὲ
642 919 730 953 vario
743 918 982 962 Apostolorum
996 919 1079 951 facto
1092 941 1102 957 ‚

221 969 375 1003 &inulto
400 969 620 1004 Ecclefiarum
644 971 702 1003 usu
727 968 904 1011 dependeat
928 992 939 1008 ,
965 968 1103 1009 ideoque

215 1029 278 1062 «per
290 1020 393 1053 solum
405 1019 596 1052 Romanum
610 1018 806 1051 Pontificem
829 1028 896 1049 non
922 1016 1017 1058 poffic
1029 1017 1106 1049 defi-

221 1068 287 1103 niri
308 1094 319 1109 ,
346 1079 428 1112 opus
449 1068 494 1102 est
516 1067 669 1101 omnium
689 1066 747 1099 sub
766 1066 852 1100 coelo
872 1066 1106 1108 Episcoporum

222 1130 260 1153 ac
285 1119 502 1153 Ecclefiarum
525 1118 695 1156 examine,
722 1118 774 1149 seu
796 1115 933 1158 Synodo
945 1115 1105 1158 generali.

221 1167 300 1203 Sola
310 1169 400 1203 enim
414 1167 559 1201 Ecclesiae
581 1167 770 1200 communia
791 1164 861 1207 jura
887 1176 924 1200 ac
939 1163 1105 1208 dogmata

221 1217 306 1263 gerit
325 1218 361 1251 in
383 1218 520 1260 pectoris
544 1217 590 1249 sui
615 1215 737 1249 scrinio
749 1213 906 1248 Pontifex
921 1239 931 1255 ,
958 1225 1026 1248 non
1039 1225 1106 1247 om-

222 1267 316 1303 nium
340 1266 488 1309 gentium
511 1267 649 1309 privatas
669 1265 920 1300 consuetudines
946 1266 979 1298 &
1002 1265 1106 1297 facta.

222 1317 306 1352 Hoc
331 1316 387 1351 fibi
426 1315 598 1351 voluerunt
625 1315 812 1359 Cyprianus
838 1338 849 1354 ‚
874 1315 1106 1354 Firmilianus‚

222 1367 397 1407 Helenus,
422 1365 604 1409 Dionyfius
625 1389 636 1405 ‚
663 1365 869 1410 Augustinus
894 1378 902 1398 :
929 1365 1107 1398 Affirmant

221 1415 428 1461 Stephanum
452 1428 520 1450 non
549 1416 590 1451 de
612 1414 768 1460 dogmate
789 1440 800 1457 ,
827 1413 880 1450 sed
906 1413 946 1449 de
971 1415 1106 1449 aliarum

222 1469 380 1512 gentium
413 1466 561 1500 moribus
587 1466 621 1501 &
643 1468 733 1500 faecis
758 1465 911 1509 judicasse
935 1488 946 1504 ‚
970 1464 1107 1507 potuisse

221 1516 297 1551 istic
318 1516 404 1557 labi,
432 1516 573 1560 ideoque
594 1516 662 1559 ejus
686 1518 784 1560 usque
804 1516 845 1550 ad
867 1515 1038 1549 Nicaenam
1051 1515 1110 1556 Sy-

222 1567 352 1602 nodum
366 1565 492 1610 judicio
514 1566 648 1610 impune
671 1577 768 1609 atque
778 1564 915 1600 innoxie
936 1575 1003 1598 non
1016 1565 1109 1596 fuisse

222 1616 402 1651 obeditum
425 1642 431 1647 .
457 1617 620 1651 Omnium
658 1615 872 1650 Ecclefiarum
899 1616 935 1649 δε
957 1613 1108 1658 gentium

221 1664 347 1699 avitam
369 1665 659 1701 consuetudinem,
688 1665 825 1705 ipfisque
844 1663 940 1697 datos
966 1662 1007 1696 ab
1021 1661 1109 1703 Apo·

219 1713 316 1748 stolis
328 1721 383 1747 aut
397 1711 633 1754 Apostolorum
649 1712 829 1753 Discipulis
841 1723 948 1744 mores
969 1713 1003 1744 &
1015 1709 1107 1744 tradi-

222 1762 332 1797 tiones
355 1760 486 1794 laudata
514 1760 667 1802 Synodus
696 1759 838 1793 discuffit
862 1783 872 1799 ‚
900 1761 1015 1802 reperit
1037 1770 1109 1792 vera

222 1811 376 1856 judicafle
397 1808 597 1853 Stephanum
628 1835 639 1850 ,
665 1808 807 1844 firmavit
831 1809 900 1852 ejus
927 1809 1107 1852 judicium.

225 1862 322 1898 Hinc
333 1860 390 1904 ipsi
402 1859 522 1893 exinde
534 1859 574 1893 ab
588 1858 742 1893 omnibus
761 1858 853 1892 fuiffe
863 1859 1084 1893 obediendum
1098 1883 1108 1898 ‚

223 1909 480 1955 frequentissime
493 1910 675 1992 s&versum
714 1909 907 1943 Donatistas
947 1908 1108 1942 declamat

225 1962 364 1997 sanstus
388 1959 490 2004 Augu
521 1959 594 1994 inus
611 1984 618 1990 .
645 1958 743 1993 Plura
772 1984 782 2000 ‚
808 1957 926 2002 quibus
948 1957 1108 2000 Cypriani

224 2009 457 2046 &Firmiliani
479 2021 559 2043 error
581 2007 751 2051 displicuit,
779 2006 990 2051 Episcoporum
1016 2007 1110 2038 millia

223 2061 340 2097 laudat
363 2060 398 2093 in
422 2058 514 2093 libris
539 2058 688 2092 adversus
712 2058 929 2091 Cresconium
957 2070 968 2089 .·
1004 2054 1109 2100 Qidd

226 2121 348 2154 nempe
357 2117 446 2143 totus
465 2107 607 2140 mundus
620 2106 749 2138 Nicaeni
767 2105 914 2139 Concilii
925 2128 936 2144 ‚
963 2103 1110 2147 adeoque

226 2162 263 2195 &
285 2157 442 2201 Stephani
472 2156 645 2190 Pontificis
666 2155 845 2188 Decretum
866 2154 997 2188 tandem
1022 2164 1110 2186 corn-

227 2207 388 2253 probasset
400 2232 408 2240 .
436 2205 560 2240 Eadem
577 2205 622 2239 est
650 2205 733 2238 ratio
756 2203 798 2238 de
810 2202 1003 2238 Melchiadis
1014 2201 1110 2246 Papa:

226 2258 388 2294 sententia
413 2257 448 2291 in
462 2258 642 2301 Donatum,
656 2254 846 2289 Casensem:
878 2254 958 2288 Non
971 2252 1012 2288 de
1030 2252 1106 2297 dog·

226 2317 315 2344 mate
330 2308 413 2347 fuit,
440 2305 493 2340 sed
504 2305 546 2340 de
558 2307 691 2349 persona
701 2330 708 2337 .

277 2358 322 2392 Et
336 2356 400 2391 hoc
421 2356 467 2390 est
479 2356 729 2390 fundamemum
740 2380 751 2395 ‚
778 2366 820 2390 ex
832 2365 897 2398 quo
918 2356 951 2389 in
964 2353 1109 2389 Canoni-

228 2408 276 2443 cis
292 2407 333 2442 ad
355 2406 507 2443 sanetum
527 2403 805 2454 Amphilochium
830 2405 944 2439 litteris
964 2406 1109 2448 Magnus

230 2457 367 2492 Basilius
390 2457 575 2490 constanter
605 2456 740 2499 perfistit
763 2458 797 2488 in
822 2456 869 2488 sui
890 2454 1108 2488 Antecefforis

230 2506 415 2542 Firmiliani
442 2507 620 2546 sententia,
647 2507 725 2540 foris
751 2505 874 2548 accepti
909 2503 1109 2548 baptismatis

229 2557 490 2592 exsufflationem
529 2555 650 2590 docens
683 2554 782 2589 etiam
819 2565 898 2589 tunc
924 2554 1015 2588 fuisse
1041 2564 1109 2587 rem

229 2606 444 2650 adiaphoram
456 2630 466 2646 ,
491 2607 575 2639 cirea
587 2615 685 2648 quam
696 2604 830 2648 quisque
841 2604 1005 2638 abundare
1016 2604 1109 2647 poffit

230 2656 270 2690 in
291 2657 350 2692 suo
363 2656 454 2689 sensu
467 2680 477 2696 ‚
503 2655 535 2688 &
548 2656 609 2688 suae
621 2655 768 2689 Ecclefiae
788 2664 843 2688 aut
856 2653 1018 2699 Regionis
1029 2665 1107 2688 con-

232 2705 437 2740 suetudinem
461 2716 560 2740 manu
581 2715 691 2739 tenere
713 2729 719 2735 .
745 2705 794 2738 Ita
818 2705 925 2738 censet
945 2704 1045 2739 etiam
1066 2703 1107 2737 de

231 2754 533 2791 Novatianenfibus
555 2779 566 2795 ‚
593 2764 733 2798 quorum
766 2764 835 2788 non
861 2754 966 2788 solum
994 2753 1109 2797 baptis-

231 2817 312 2846 ma,
338 2804 391 2838 sed
416 2804 517 2838 etiam
539 2804 764 2838 ordinationes
785 2803 980 2846 honoravit,
1006 2804 1039 2838 δε
1063 2803 1107 2836 su·

231 2855 313 2899 scipi
333 2854 418 2897 juffit
445 2855 590 2890 octavus
615 2854 732 2888 Canon
764 2855 921 2888 Nicaenus
942 2879 950 2886 .
975 2853 1106 2888 Divinae

232 2903 581 2940 consubstantialitatis
618 2916 655 2938 ac
681 2905 781 2938 totius
809 2904 936 2938 Nicaeni
964 2901 1105 2946 symboli

232 2954 508 2989 constantiffimus
518 2952 663 2987 defensor
673 2953 736 2988 fuit
747 2954 897 2997 Basilius:
923 2953 1104 3001 Quomodo

231 3004 335 3049 igitur
345 3002 512 3037 laudatum
533 3002 598 3045 ejus
608 3003 778 3040 Canonem
800 3015 866 3038 non
895 3003 958 3038 fuit
976 3015 1104 3037 venera·

233 3055 309 3088 tus?
335 3054 425 3101 Qia
438 3064 554 3096 nempe
565 3064 631 3086 rem
643 3052 730 3091 illam
748 3053 887 3089 credidit
902 3052 966 3087 effe
977 3054 1050 3087 facti
1072 3053 1103 3086 &

233 3102 446 3147 adiaphoram
467 3127 477 3143 ,
504 3103 645 3146 ideoque
676 3104 710 3137 &
730 3105 911 3148 ‘generalem
935 3103 1102 3148 Synodum

234 3153 292 3188 hic
304 3153 441 3197 potuisse
451 3150 514 3185 labi
526 3177 533 3184 .
545 3152 718 3187 Ponticam
730 3154 902 3189 Ecclesiam
911 3154 1003 3189 fuiffe
1013 3153 1101 3188 aliud
1127 3161 1130 3165 ’

234 3203 277 3238 ab
289 3203 458 3246 Apostolis
469 3202 597 3236 dottam
614 3205 755 3245 perrexit
768 3205 894 3240 credere
904 3216 977 3238 cum
992 3204 1104 3239 Firmi-

233 3253 326 3290 liano
336 3280 343 3287 .
374 3253 547 3287 Nicaenum
561 3253 602 3286 cle
613 3250 775 3287 Paschalis
786 3255 964 3289 festivitatis
976 3254 1031 3288 die
1042 3255 1104 3288 De-

233 3313 360 3338 cretum
371 3303 387 3336 a
398 3303 510 3336 multis
521 3313 573 3345 per
588 3303 794 3337 orientalem
808 3305 978 3339 Dioecefim
994 3303 1105 3337 Eccle—

233 3353 285 3390 fiis
303 3364 340 3387 ac
352 3352 561 3386 Monasteriis
573 3350 696 3387 dudum
709 3352 801 3388 fuiffe
813 3365 853 3389 ex
866 3354 980 3390 eodem
990 3352 1105 3388 funda-

335 3401 523 3448 Cbrss-Lupi
535 3406 737 3445 oper.T0m.V.

1150 230 1262 255 mento
1275 232 1342 254 non
1364 217 1534 255 admissum
1546 244 1557 261 ‚
1583 220 1726 256 scribunt
1736 221 1865 256 Sanetus
1878 224 2017 267 Joannes

1149 269 1400 313 Chrysostomus
1421 282 1458 305 ac
1479 269 1711 305 Theodoretus
1724 296 1731 303 .
1758 271 1870 307 Etiam
1890 272 1950 307 111ae
1962 283 2021 308 tra·

1150 320 1255 354 ditum
1268 319 1322 354 fibi
1345 320 1386 354 ab
1398 318 1566 364 Apostolis
1577 314 1885 356 morem‘credebant
1896 323 1914 357 ὲ
1927 334 2021 367 gene-

1151 371 1207 404 rali
1224 369 1362 413 Synodo
1372 380 1428 404 aut
1440 381 1507 404 non
1521 372 1625 413 posse,
1653 380 1708 405 aut
1727 370 1811 406 certe
1822 383 1888 405 non
1903 372 2021 407 debere

1137 420 1316 466 damnari.
1347 419 1456 454 Etiam
1476 421 1606 454 tertium
1620 420 1783 455 decimum
1796 446 1806 462 ‚
1835 421 1890 465 qui
1900 423 2021 456 cunetis

1154 470 1186 503 in
1212 470 1331 513 quaevis
1342 470 1477 503 crimina
1499 469 1591 512 lapsis
1602 481 1782 505 extremum
1806 471 2021 506 Sacramenta-

1154 519 1192 552 lis
1219 519 1491 553 reconciliationis
1524 519 1692 554 Viaticum
1725 521 1876 563 deinceps
1905 521 2022 556 donari

1156 569 1287 603 mandat
1300 570 1333 603 in
1347 570 1439 603 exitu
1452 594 1463 610 ,
1483 568 1657 604 Canonem
1668 569 1813 614 quaedam
1825 569 1949 605 dudum
1961 572 2023 605 Ec-

1156 619 1253 652 clefiae
1275 630 1343 653 non
1366 619 1562 653 admiserunt
1581 645 1588 652 .
1617 619 1724 653 Bafilii
1745 621 1854 654 sensus
1876 621 1961 654 lucet
1981 631 2023 654 ex

1158 667 1243 702 hisce
1268 667 1334 711 ejus
1357 668 1397 702 de
1424 667 1663 703 Encratitarum
1684 693 1694 710 ,
1721 668 2000 713 Saccophororum
2015 693 2026 709 ,

1157 720 1191 752 δε
1215 717 1473 761 Apotacntarum
1500 743 1510 759 ,
1541 719 1573 752 in
1596 719 1746 763 legitimo
1767 720 1866 754 verbo
1888 718 2027 754 omnino

1160 768 1395 810 baptizantium
1407 791 1418 807 ,
1437 766 1628 811 rebaptismo
1641 768 1762 802 verbis:
1793 774 1857 802 Nos
1868 781 1927 802 una
1939 775 2027 803 ratio·
2048 765 2082 792 C.
2094 772 2139 798 47·

1161 829 1195 850 ne
1218 829 1263 851 cos
1283 818 1528 859 rebaptizamus,
1547 816 1578 858 fi
1601 826 1699 850 autem
1714 817 1867 859 prohibita
1890 819 1926 857 est
1946 820 2030 860 apud

1161 879 1213 900 vos
1227 867 1289 900 haec
1314 868 1528 909 rebaptizatio,
1545 865 1619 908 ficut
1636 869 1855 902 &akomanis
1867 891 1878 907 ,
1905 869 2029 909 alicujus

1162 923 1319 951 oeconomiae
1336 923 1440 961 gratia
1459 942 1470 959 ‚
1497 916 1592 956 nostra
1614 926 1716 951 tamen
1737 923 1828 950 oratio
1851 923 1931 951 vires
1958 918 2032 950 obti-

1163 977 1231 1001 neat
1242 992 1248 999 .
1276 967 1361 1002 Rern
1373 967 1456 1001 hanc
1464 979 1532 1001 non
1544 967 1584 1001 ad
1597 967 1731 1012 dogma,
1745 967 1797 1001 sed
1810 966 1978 1001 dumtaxat
1990 967 2031 1001 ad

1164 1014 1203 1048 ad
1214 1017 1433 1051 oeconomiam
1445 1018 1583 1050 affirmat
1594 1017 1771 1060 pertinere.
1797 1017 2033 1051 Verumtamen

1164 1064 1333 1098 concludit
1347 1080 1358 1098 .·
1384 1069 1413 1099 51·
1425 1067 1475 1099 boc
1491 1068 1637 1108 placuerit
1649 1092 1660 1107 ,
1686 1076 1796 1110 oportet
1814 1068 1915 1108 plures
1936 1077 2036 1099 convc-

1166 1120 1230 1147 nire
1242 1113 1423 1156 Episcopus,
1451 1116 1527 1156 &sic
1538 1121 1688 1150 Cononem
1699 1126 1864 1159 exponere,
1892 1126 1925 1149 ut
1948 1113 2037 1156 (otis,

1165 1170 1229 1206 qui.
1236 1163 1308 1202 fecit
1324 1189 1334 1203 ,
1354 1162 1391 1203 fit
1413 1172 1503 1196 extra
1517 1168 1677 1204 periculum
1704 1192 1714 1206 ‚
1739 1168 1772 1200 (ἓν
1790 1173 1841 1207 qui
1865 1164 2017 1208 respondet
2031 1190 2042 1205 ,

1165 1219 1196 1246 in
1207 1211 1379 1256 responfione
1391 1214 1428 1245 de
1439 1213 1486 1244 bis
1504 1212 1566 1253 fide
1579 1215 1687 1257 dignus
1703 1213 1845 1247 habeatur
1855 1240 1862 1247 .
1890 1215 1971 1248 Haec
1983 1217 2038 1248 sua

1154 1253 1336 1316 {Responsa
1362 1273 1431 1295 non
1458 1262 1620 1295 Romanis
1648 1272 1776 1296 tantum
1802 1287 1813 1302 ‚
1839 1263 1893 1297 sed
1917 1263 2043 1297 cunctis

1168 1314 1307 1347 Nicaenae
1332 1312 1460 1355 Synodi
1488 1311 1707 1346 Dileeioribus
1734 1322 1868 1346 noverat
1903 1314 2044 1357 graviter

1153 1363 1352 1414 {displicere
1379 1361 1423 1395 Et
1444 1360 1523 1395 hinc
1546 1362 1608 1404 ipsa
1627 1361 1667 1395 ad
1692 1361 1843 1396 incudem
1866 1371 1961 1405 atque
1973 1373 2045 1395 exa—

1153 1418 1243 1461 'rnen
1271 1413 1443 1447 devocavit
1470 1411 1840 1455 constantinopolitana
1867 1412 2043 1454 Synodus,

1154 1463 1200 1507 fl&
1221 1461 1390 1497 adversum
1416 1461 1472 1495 illa
1494 1462 1601 1504 posuit
1622 1462 1656 1494 in
1685 1461 1836 1504 symbolo
1866 1474 1873 1493 ε
1901 1461 2045 1504 Confiteor

1155 1521 1256 1555 gunum
1276 1510 1427 1553 baptisma
1448 1516 1480 1543 in
1492 1512 1674 1550 remtffionem
1688 1520 1887 1552 peccatorum.
1917 1512 2046 1554 Nempe

1156 1557 1212 1594 'ne
1234 1561 1306 1603 quis
1327 1561 1480 1600 deinceps
1494 1560 1636 1592 crederet
1658 1561 1846 1594 antdiceret
1873 1572 1939 1593 rem
1963 1558 2048 1608 hanc

1170 1610 1340 1644 dumtaxat
1361 1608 1401 1643 ad
1414 1608 1634 1643 oeconomiam
1646 1632 1656 1648 ,
1685 1620 1752 1643 non
1765 1611 1804 1643 ad
1824 1609 1943 1654 dogma
1957 1609 2049 1653 pert}

1156 1649 1262 1692 [nere.
1292 1659 1336 1692 Et
1347 1657 1411 1693 huc
1424 1657 1564 1691 omnino
1574 1660 1716 1702 respexit
1727 1660 1760 1691 in
1775 1659 1864 1692 libris
1882 1659 1921 1692 de
1934 1659 2048 1702 baptis-

1156 1693 1227 1742 Ιῐῃο
1246 1709 1379 1742 Sanetus
1410 1708 1617 1752 Augustinus
1646 1732 1657 1748 ,
1685 1710 1847 1744 affirmans
1869 1710 2014 1742 assertam
2035 1708 2052 1741 ὲ

1157 1760 1289 1808 :Sansto
1312 1757 1398 1801 Papa
1418 1757 1582 1800 Stephano
1595 1758 1863 1793 consuetudinem
1877 1758 1942 1801 jam
1957 1759 2018 1793 effe
2032 1760 2051 1791 ᾶ

1165 1808 1351 1852 generalibus
1367 1810 1503 1841 Consiliis
1516 1808 1699 1841 roboratam.
1727 1809 1867 1842 Nicaeno
1881 1810 1995 1852 utique
2019 1808 2052 1841 ἅτ
2073 1796 2141 1825 1⁸⁶¹
2166 1805 2230 1830 Ε·7“

1155 1861 1159 1888 ἰ
1172 1859 1544 1901 Constantinopolitano
1557 1884 1563 1890 .
1592 1860 1718 1893 Omnes
1731 1858 1797 1901 ejus
1809 1858 2052 1903 impugnatores

1156 1890 1308 1957 ¹affirmat
1319 1908 1382 1950 jam
1398 1910 1459 1943 effe
1472 1908 1659 1942 manifestos
1678 1909 1711 1942 ὃς
1727 1908 1899 1943 damnatos
1913 1910 2053 1943 Haereti-

1171 1968 1249 1990 cos:
1277 1958 1411 2000 Utpote
1431 1958 1795 2001 Constantinopolitani
1820 1959 1963 2001 symboli
1978 1970 2053 2002 prae-

1172 2007 1365 2040 varicatores
1381 2031 1388 2039 .
1410 2006 1615 2053 Qapropter
1626 2007 1789 2042 Trullana
1802 2009 1955 2050 synodus
1970 2033 1980 2048 ,
1995 2010 2053 2042 im·
2079 2036 2082 2037 ν

1172 2053 1329 2087 mobilem
1357 2054 1442 2087 hanc
1470 2056 1638 2091 veritatem
1665 2054 1775 2092 denuo
1802 2067 1926 2091 tentare
1955 2060 2026 2092 ausa
2043 2081 2055 2097 ‚

1156 2090 1356 2147 {graviffime
1366 2102 1496 2134 exceffit
1510 2127 1516 2134 .

1222 2152 1315 2185 Hinc
1336 2152 1414 2185 item
1436 2162 1575 2185 errorem
1602 2153 1777 2187 continent
1802 2153 1869 2188 haec
1881 2156 2052 2191 Cresconii

1173 2201 1353 2236 Donatista:
1379 2201 1463 2244 apud
1492 2202 1643 2236 Sannum
1670 2202 1896 2247 Augustinum
1934 2206 2050 2240 verba:
2073 2227 2093 2255 L
2115 2234 2127 2245 ,
2148 2235 2164 2257 c
2187 2237 2196 2247 ,

1172 2254 1301 2292 Majores
1325 2250 1410 2291 nostri
1426 2251 1464 2283 ab
1477 2254 1675 2285 Orientalium
1687 2256 1845 2295 propterea
1857 2261 2052 2290 communione
2097 2245 2138 2262 ⁸²-
2170 2247 2211 2255 ω

1171 2301 1290 2345 discreti
1304 2299 1378 2344 sunt
1395 2326 1405 2341 ,
1431 2307 1502 2343 quia
1525 2303 1573 2335 illi
1588 2302 1679 2345 suum
1692 2305 1839 2344 judicium
1849 2303 2049 2347 resclderunt,

1171 2364 1226 2395 quo
1246 2358 1288 2385 eis
1297 2352 1452 2393 placuerat
1472 2353 1507 2384 de
1518 2351 1571 2392 ista
1581 2352 1723 2396 baptismi
1743 2354 1894 2396 quaestione
1906 2359 2050 2397 Cypriano

1172 2412 1260 2446 atque
1271 2403 1315 2435 illi
1329 2401 1466 2442 Africano
1490 2404 1616 2436 Concilio
1639 2403 1796 2446 consentire
1820 2413 1963 2447 oportere.
1991 2405 2054 2439 Pa-

1173 2454 1236 2487 lam
1248 2453 1316 2497 agit
1327 2452 1367 2485 de
1389 2451 1503 2485 Sancto
1530 2452 1744 2493 Firmssiano,
1771 2455 1805 2488 &
1832 2455 2051 2500 quinquagin-

1172 2515 1203 2537 ta
1223 2503 1289 2546 ejus
1305 2502 1338 2535 in
1351 2502 1508 2536 Iconienfi
1528 2503 1664 2545 Synodo
1679 2504 1850 2548 Episcopis
1866 2530 1871 2536 .
1900 2507 2049 2549 Reponit

1173 2553 1246 2587 vero
1272 2553 1406 2586 Sanetus
1430 2550 1654 2597 Augustinus:
1683 2558 1745 2587 Cur
1768 2566 1825 2587 ncn
1846 2557 1947 2596 potius
1969 2554 2047 2598 ipsos
2067 2572 2205 2607 L·3·C·3-

1167 2601 1251 2646 suum
1259 2604 1408 2644 Judicium
1420 2604 1569 2645 correxiffe
1580 2605 1716 2637 dicamus
1729 2628 1740 2644 ,
1767 2616 1824 2638 non
1837 2630 1846 2645 ,
1873 2615 1904 2638 ut
1913 2614 1943 2637 tu
1954 2606 2047 2648 loque-

1170 2659 1232 2694 ns,
1258 2652 1421 2696 rescidiffe?
1446 2655 1523 2687 sicut
1533 2659 1611 2688 enim,
1630 2654 1780 2687 laudabile
1793 2654 1830 2695 est
1854 2656 1959 2688 bivera
1977 2655 2047 2697 sen-

1170 2709 1266 2736 tentia
1275 2714 1333 2736 non
1345 2709 1478 2737 amoveri
1494 2728 1503 2744 ,
1531 2708 1576 2736 ita
1594 2699 1736 2745 culpabile
1746 2703 1888 2746 perfisterc
1898 2704 2020 2747 insalsa
2038 2730 2044 2736 .

1170 2757 1273 2796 Neque
1297 2764 1371 2787 nunc
1394 2755 1436 2786 ad
1446 2753 1572 2794 nostram
1578 2760 1714 2796 pertinet
1724 2753 1908 2796 quaesi'ionem
1921 2779 1930 2794 ‚
1958 2756 2045 2796 quale¹

1162 2802 1201 2844 fit
1210 2826 1221 2842 ‚
1246 2805 1328 2846 quod
1334 2812 1411 2845 pars
1428 2803 1591 2843 Christiani
1601 2804 1678 2837 orbis
1691 2829 1702 2844 ‚
1721 2806 1852 2837 maxime?
1866 2816 1929 2837 cum
1943 2809 2047 2837 Orien-

1169 2853 1280 2888 talibus
1299 2851 1408 2900 senfit.
1436 2852 1480 2886 Et
1503 2852 1537 2885 in
1561 2854 1627 2888 alio
1652 2853 1792 2895 ejusdem
1815 2854 1920 2897 operis
1941 2854 2044 2887 libro:

1169 2904 1261 2946 ,Quod
1284 2905 1356 2936 dicis
1378 2903 1542 2936 Orientales
1573 2905 1638 2937 ideo
1666 2903 1824 2943 vestrorum
1847 2911 2044 2936 communione
2063 2921 2217 2956 L.4-c.17·

1168 2952 1307 2996 dtscrem
1320 2977 1331 2993 ,
1359 2957 1430 2995 quia
1451 2952 1549 2997 postea
1573 2954 1659 2986 nobis
1684 2953 1884 2995 consentiendo
1899 2955 2044 2993 judicium

1162 3001 1250 3046 suum
1261 3028 1272 3044 ‚
1299 3005 1379 3046 quod
1389 3002 1537 3036 habebant
1553 3004 1589 3035 dc
1603 3001 1758 3044 Baptismo
1767 3027 1778 3042 ‚
1806 3001 1966 3044 rescindere
1985 3015 2044 3035 ma-

1166 3055 1285 3087 luerunt
1308 3076 1320 3093 ,
1339 3051 1370 3093 fi
1395 3051 1444 3085 boc
1466 3052 1505 3084 ab
1524 3052 1675 3094 ‘aliquibus
1707 3058 1814 3093 paucis
1840 3053 2041 3085 Orientalibus

1159 3102 1280 3146 fac‘lum
1291 3101 1328 3142 est
1339 3127 1350 3142 ,
1376 3104 1453 3144 quod
1463 3102 1581 3144 quidem
1593 3101 1705 3139 interest
1718 3103 1815 3135 utrum
1821 3103 1902 3143 poffit
1913 3102 2017 3140 ostendi
2030 3126 2041 3142 ‚

1166 3147 1296 3196 profec‘lo
1304 3150 1389 3195 suum
1393 3153 1538 3193 judicium
1554 3161 1740 3186 correxerunt
1751 3177 1758 3183 .
1786 3152 2040 3184 Ecclefiasticam

1171 3203 1349 3238 alienarum
1374 3202 1522 3247 gentium
1544 3201 1711 3236 historiam
1733 3198 1936 3245 Augustinus
1946 3198 2041 3244 plene

1171 3265 1237 3287 non
1261 3252 1397 3292 calluit,
1421 3252 1560 3294 ideoque
1582 3251 1636 3286 hic
1658 3250 1739 3285 nihil
1761 3250 1894 3284 definite
1917 3253 2043 3293 respon-

1171 3303 1220 3336 dit
1242 3327 1249 3334 .
1277 3301 1434 3336 Notanda
1462 3303 1535 3335 sunt
1558 3301 1625 3344 ejus
1649 3301 1743 3334 verba
1766 3323 1776 3339 ,
1811 3303 1944 3334 Maxime
1974 3311 2040 3332 cum

1171 3352 1388 3387 Orientalibus:
1419 3350 1475 3386 Ab
1488 3350 1576 3386 Afris
1588 3376 1597 3390 ,
1611 3353 1643 3384 in
1658 3349 1838 3385 Occidente
1851 3350 1934 3383 natis
1946 3361 1982 3383 ac
1994 3361 2040 3385 re·

1522 3401 1558 3434 H
1585 3400 1605 3434 h
1658 3411 1677 3448 3
1880 3399 1964 3434 natis
1981 3423 1992 3439 ,
