2366 3756
82 368 148 402 Λᾶ.
158 378 202 402 12·

77 903 151 936 Can.
163 908 206 935 16.

37 1854 148 1886 ⁴02.

637 168 1178 214 CONCILIUM
1249 167 1712 214 Romanum.

255 264 340 291 ratus
353 252 493 298 perrexit
506 265 514 285 :
541 254 622 296 ,Qua
633 251 709 286 mibi
719 252 825 286 ablata
829 250 904 294 sunt
914 274 925 291 ,
943 250 1050 292 jubete
1058 250 1137 291 resti-

253 309 300 337 tui
321 329 329 336 .
359 305 405 338 Et
426 303 646 348 gloriosiffimi
668 302 796 346 Judices
830 302 1043 345 reposuerunt
1067 314 1080 335 .-
1104 303 1136 334 si

252 355 331 398 quid
350 355 486 395 Bafflano
497 353 743 393 Reverendiffimo
756 350 919 395 Episcopo,
933 363 970 384 ex
989 351 1075 385 rebus
1085 351 1131 385 illi
1149 375 1151 379 -

252 404 485 447 competentibus
503 406 653 446 direptum
672 401 732 442 est,
763 401 814 436 hoc
832 409 859 437 ei
878 400 940 444 post
959 402 1136 445 judiciales

247 455 441 499 probationes
451 455 491 488 ab
501 453 549 488 bis
559 459 611 496 qui
619 450 797 493 abstulerunt
808 478 819 493 ,
846 455 901 487 vel
907 450 998 495 causa
1011 450 1135 494 laefionis

245 506 375 550 fuerunt
395 531 406 547 ‚
431 504 596 546 restituetur
619 528 628 535 .
655 502 912 538 Ecclesiasticam
948 503 1030 548 ergo
1057 512 1136 537 tunc

230 555 396 591 omnino
413 555 539 589 nullam
562 577 574 594 ‚
603 553 766 598 propriam
788 554 865 588 vero
888 552 1042 596 Episcopi
1066 552 1137 588 sub·

250 607 406 642 stantiam
426 604 494 639 sola
512 603 717 640 Clericorum
738 614 856 638 manus
869 603 1077 647 praesumebat
1090 614 1137 637 ra·

250 667 347 701 pere,
374 654 515 698 ideoque
537 653 621 689 hanc
632 654 737 689 solam
762 654 840 689 solis
853 653 1136 688 Clericisinterdi-

249 707 301 742 xit
323 706 480 750 synodus
504 704 801 740 Chalcedonensis.
831 705 922 740 Nam
943 703 1134 742 &Baffiani

249 756 463 794 substantiam
474 755 625 796 videntur
636 755 697 790 soli
710 755 833 789 Clerici
844 755 1014 799 diripuisse
1023 780 1031 788 .

298 807 376 842 Nec
396 806 503 841 solum
517 806 604 849 apud
617 807 748 842 Graecos
759 829 769 846 ,
797 805 851 840 sed
862 811 963 841 etiam
976 803 1135 850 apudLa·

249 859 342 893 tinos
360 858 497 901 grassata
518 856 581 891 fuit
602 855 661 890 ista
683 855 842 900 rapacitas
855 882 862 889 .
889 857 996 891 Lucet
1008 866 1048 890 ex
1059 854 1135 889 ller-

249 907 336 943 denfi
349 904 486 950 synodo
498 920 510 939 :
538 905 640 951 Prisca
647 910 805 941 Canonum
823 907 986 942 audiorrtas
998 907 1134 940 evidenti

243 957 398 1003 sandione
413 963 558 999 praecepit
568 983 579 999 ‚
605 967 639 991 ut
659 956 863 1001 cujuscumque
879 956 1017 999 Ecclefiae
1033 959 1133 990 Ponti·

244 1007 300 1051 fice
322 1006 483 1049 defundIo,
510 1019 568 1041 non
585 1009 689 1050 paffim
695 1016 753 1051 pro
773 1008 858 1041 libito
864 1006 916 1051 suo
927 1009 964 1042 de
973 1018 1077 1041 earum
1089 1018 1134 1041 re-

246 1070 334 1100 rum,
362 1069 440 1101 quas
452 1056 551 1092 obiens
565 1059 746 1101 dereliquit,
774 1060 968 1101 direptionem
977 1056 1135 1101 quisquam

247 1115 372 1149 irruat,
397 1110 571 1151 domumque
586 1107 768 1152 subvertat.
796 1108 924 1143 Priscus
943 1108 1001 1143 ille
1012 1108 1134 1143 Canon

248 1158 379 1194 videtur
397 1159 460 1193 esse
484 1159 536 1193 vel
555 1159 707 1194 laudatus
741 1157 1021 1195 Chalcedonensis
1047 1184 1059 1200 ,
1083 1158 1136 1193 vel

247 1209 335 1245 certe
366 1209 584 1243 duodecimus
605 1210 860 1244 Tarraconensis
882 1235 894 1251 ‚
918 1210 976 1255 qui
998 1218 1136 1244 omnem

248 1259 397 1294 defuncti
418 1259 587 1294 Antistitis
613 1259 844 1303 supellestilem
867 1260 1007 1294 mandat
1029 1259 1135 1305 redigi

248 1310 285 1344 in
297 1308 521 1343 Inventarium
532 1333 543 1349 ,
568 1310 601 1344 δι
613 1308 632 1344 a
644 1309 737 1345 nullo
749 1310 883 1346 Clerico
907 1310 1026 1345 furtive
1038 1311 1137 1346 attin-

247 1359 300 1406 gi.
327 1358 514 1394 Adversum
534 1359 623 1395 solos
643 1359 814 1399 Clericos,
839 1359 988 1394 defunffi
1010 1371 1066 1394 aut
1090 1371 1139 1394 et-

249 1413 318 1444 iam
339 1409 550 1453 agonizantis
573 1408 728 1452 Episcopi
751 1409 963 1447 substantiam
974 1410 1072 1446 etiam
1085 1421 1140 1453 pa-

248 1460 315 1493 lam
329 1458 483 1493 invadere
494 1468 592 1502 atque
601 1457 756 1492 abrodere
766 1460 943 1493 consuetos
954 1484 966 1500 ,
992 1459 1140 1503 loquitur

247 1505 415 1543 Ilerdensis
436 1507 558 1539 Canon
571 1520 583 1538 .-
610 1506 754 1539 Videtur
773 1516 885 1539 tamen
909 1508 1001 1548 loqui
1013 1519 1082 1539 non
1095 1508 1137 1540 de

245 1555 325 1591 solis
334 1554 500 1598 Episcopo
513 1553 650 1597 propriis
662 1576 673 1593 ‚
698 1553 753 1587 sed
766 1553 865 1588 etiam
878 1552 919 1588 de
932 1554 1080 1588 Ecclesiae
1092 1566 1139 1589 re·

245 1605 326 1641 bus.
357 1605 413 1639 De
434 1603 596 1638 ambabus
617 1603 725 1647 palam
748 1603 896 1647 loquitur
907 1604 1135 1647 Hispanorum

245 1655 428 1691 valentina
437 1653 595 1697 Synodus
607 1667 618 1688 .-
645 1654 752 1687 Clerici
761 1654 800 1687 ab
814 1660 893 1688 omni
909 1657 1028 1688 omnino
1034 1654 1137 1698 supel-

244 1705 361 1747 leeiue,
390 1704 444 1739 vel
466 1715 655 1747 quaemmque
670 1702 742 1747 sunt
765 1709 798 1737 in
819 1706 904 1738 domo
927 1705 1064 1747 Ecclefiae
1086 1707 1138 1739 vel

244 1755 409 1799 Epifiopi‚
434 1754 564 1789 inlibris
578 1779 589 1796 ,
615 1760 648 1788 in
654 1753 806 1798 speciebus
823 1780 834 1797 ‚
859 1754 1030 1797 utensilibus
1044 1780 1054 1795 ‚
1079 1767 1136 1788 va·

242 1806 357 1851 stalis,
374 1804 541 1849 frugibus,
563 1805 704 1850 gregibus
718 1830 731 1847 ,
755 1806 943 1840 animalibus
956 1830 967 1846 ‚
993 1808 1045 1839 vel
1056 1811 1135 1839 omni

245 1858 364 1891 omnino
385 1868 417 1890 re
430 1865 554 1900 rapaces
575 1866 685 1889 manus
697 1855 863 1897 abstineant
874 1880 886 1897 ‚
911 1857 946 1891 &⁸
959 1855 1036 1889 nibil
1044 1858 1135 1891 latro·

246 1919 322 1941 num
334 1918 413 1941 more
436 1908 605 1948 diripiant.
636 1906 721 1951 Agit
732 1907 836 1942 etiam
847 1906 888 1941 de
898 1906 986 1947 illis,
1012 1917 1054 1940 ex
1064 1906 1135 1950 qui-

245 1957 308 1994 bus
317 1965 453 1991 vacante
464 1955 732 2004 Sedekoportebat
748 1957 792 1991 ali
806 1957 941 1992 Clerum
952 1979 963 1996 ‚
990 1957 1133 1998 ideoque

243 2010 362 2042 cuncta
380 2005 472 2050 jubet
495 2007 668 2041 successori
689 2007 817 2051 integra
844 2008 963 2043 servari
988 2030 997 2039 .
1038 2008 1133 2042 Hinc

245 2057 324 2093 item
334 2057 354 2091 ὲ
366 2057 511 2092 defuncti
526 2054 708 2092 haeredibus
721 2057 792 2092 vult
808 2057 894 2091 nihil
906 2058 1026 2103 attingi
1039 2072 1049 2092 s
1079 2058 1134 2092 Ne

245 2107 333 2143 forte
344 2119 421 2143 cum
431 2107 502 2151 ejus
513 2108 608 2143 rebus
628 2109 732 2143 etiam
746 2108 897 2142 Ecclefiae
912 2106 1037 2152 aliquid
1048 2109 1133 2141 aufe-

244 2169 320 2193 rant
333 2183 339 2190 .
367 2159 574 2192 Divifionem
587 2159 605 2192 a
614 2159 793 2192 successore
805 2158 941 2193 mandat
950 2159 1110 2199 expediari
1123 2180 1133 2194 ‚

245 2218 304 2241 aut
315 2207 397 2240 dum
407 2207 506 2240 Sedes
516 2208 646 2239 forsitan
657 2206 764 2239 nimio
785 2215 933 2248 tempore
944 2206 1067 2239 vacarit
1079 2229 1090 2244 ,
1115 2204 1134 2238 a

247 2254 599 2298 comprovincialibus
616 2266 654 2289 ac
675 2254 915 2298 Metropolita.
943 2254 1045 2288 Etita
1067 2265 1133 2289 ma·

246 2305 319 2340 lum
328 2305 393 2338 fuit
405 2304 479 2338 istic
491 2305 586 2347 plene
597 2303 794 2338 exstinctum
803 2328 811 2335 .
838 2303 943 2336 Nulla
955 2303 1132 2347 Hispalen-

245 2355 287 2389 fis
298 2353 549 2396 ‚Emeritensis‚
575 2352 798 2390 Bracarensis,
823 2361 880 2386 aut
892 2353 1063 2388 Toletana
1076 2354 1132 2396 Sy-

244 2404 354 2440 nodus
375 2403 466 2438 illius
487 2402 659 2437 meminit:
685 2401 819 2446 Nempe
839 2402 1043 2438 Orthodoxa
1065 2404 1131 2439 Go-

244 2452 382 2491 thorum
404 2454 536 2498 Regum
551 2453 655 2497 pietas
675 2453 771 2487 istam
783 2452 964 2488 barbariem
982 2453 1132 2489 constan-

244 2514 294 2540 ter
313 2503 448 2538 exclusit
469 2527 478 2535 .
515 2502 678 2538 Attamen
700 2501 885 2546 Stephanus
912 2503 1065 2538 Baluzius
1090 2516 1131 2539 ex

244 2554 393 2590 Ecclesiae
414 2551 691 2589 Barchinonensis
713 2551 924 2588 Chartulario
947 2555 981 2589 &
1004 2554 1131 2590 Gerun-

244 2603 353 2639 densis
364 2603 519 2649 Episcopi
531 2602 682 2638 Archivo
694 2604 831 2648 protulit
842 2604 1052 2651 privilegium
1075 2607 1128 2640 seu

244 2654 424 2698 Diploma,
453 2664 521 2696 quo
543 2652 862 2689 Barchinonenfium
885 2655 919 2690 ὃς
933 2655 1128 2700 Aragonum

245 2704 403 2748 Princeps
416 2704 622 2739 Raimundus
632 2704 873 2739 Tarraconensi
884 2705 1106 2750 Metropolitae
1118 2731 1129 2747 ‚

247 2766 286 2790 ac
317 2755 385 2798 ejus
406 2753 684 2795 Barchinonenfi,
710 2754 936 2796 Gerondensi,
963 2767 1001 2790 ac
1023 2756 1130 2791 Auso·

247 2805 339 2839 nenli
355 2805 572 2850 Suffraganeis
581 2806 702 2840 remisit
726 2806 883 2849 quandam
902 2805 1053 2847 nefariam
1064 2818 1130 2840 con-

243 2854 450 2899 suetudinem,
476 2866 544 2897 quae
562 2857 712 2898 quondam
733 2855 888 2896 exstiterat
911 2861 943 2888 in
958 2856 1127 2891 Catbedra-

246 2905 327 2940 libus
338 2905 484 2946 Ecclefiir.
515 2909 596 2938 Erat
617 2912 696 2940 enim
715 2905 910 2949 consuetudo,
937 2915 972 2939 ut
986 2908 1131 2941 deceden-

247 2955 331 2989 tibus
354 2953 505 2997 Episcopis
518 2979 528 2995 ,
554 2954 630 2990 bona
653 2956 863 3000 Pontificalia,
891 2968 959 2999 quae
979 2962 1012 2990 in
1034 2960 1129 2992 Pala·

246 3010 323 3045 tiis,
348 3006 382 3038 (9·
403 3010 435 3037 in
458 3005 571 3045 Castris
591 3031 602 3047 ,
629 3008 663 3041 (ν
686 3013 719 3040 in
745 3010 978 3041 Dominicaturis
997 3007 1125 3053 ipsbrum

246 3055 476 3088 inveniebantur
498 3079 509 3095 ,
542 3055 582 3089 ab
604 3058 730 3096 Baiulis
762 3059 797 3093 (5
821 3063 947 3092 Vicariis
971 3061 1124 3102 Principis

245 3106 446 3146 diriperentur
469 3106 502 3142 tit
523 3105 774 3146 distraherentur.
801 3108 1013 3143 Raimundus
1033 3112 1126 3154 profi-

245 3163 332 3190 tetur
354 3155 416 3189 effe
436 3153 657 3191 detestabilem
671 3183 680 3198 ,
707 3158 903 3204 Divinisque
928 3159 1126 3195 &humanis

244 3205 374 3249 legibus
396 3205 561 3239 adversam
580 3209 851 3244 consuetudinem
864 3235 874 3251 ‚
901 3208 1041 3254 ideoque
1056 3223 1125 3255 pro·

244 3266 318 3300 pter
338 3256 404 3290 Dei
426 3266 593 3297 amorem,
620 3270 657 3291 ac
680 3260 740 3292 suae
759 3260 934 3294 &suorum
955 3271 1124 3303 parentum

244 3306 363 3340 animae
388 3305 569 3340 remedium
606 3307 696 3351 plene
721 3309 831 3344 abolet
868 3311 903 3344 &
931 3304 1124 3354 proscribit,

244 3354 407 3390 mandans
428 3354 578 3399 deinceps
587 3363 686 3391 omnia
696 3383 706 3398 ,
733 3371 918 3403 quaecumque
929 3370 994 3394 tam
1005 3368 1125 3404 inpane

246 3408 336 3447 quim
347 3413 378 3440 in
393 3412 464 3441 vino
476 3431 486 3447 ,
509 3408 664 3449 pecoribus
687 3410 890 3450 &pecudibus
901 3434 912 3450 ,
940 3414 974 3446 (9·
988 3413 1122 3445 omnibus

245 3455 394 3492 domorum
415 3455 580 3500 utensilibus
599 3482 611 3501 ,
636 3457 825 3503 omnibusque
846 3461 963 3503 adjus
993 3460 1123 3507 ipsorum
1187 3461 1332 3497 Diaboliee
1352 3465 1457 3506 repleti
1474 3461 1586 3508 spiritu
1605 3462 1724 3508 soleant
1747 3476 1797 3501 res
1829 3462 2068 3511 Ecclefiasticas,

1174 2138 1186 2448 1

1960 172 2021 231 83

1202 250 1436 295 episcopatuum
1451 252 1675 295 pertinentibus
1699 275 1710 292 ,
1735 255 1757 287 ὰ
1779 253 1986 290 decedentibus
2010 259 2088 299 Epi-

1195 299 1290 344 fiopis
1307 302 1426 344 fuerint
1449 311 1643 348 congregata,
1676 314 1740 337 cum
1752 311 1832 338 omni
1844 311 2018 350 integritate
2022 305 2091 350 suc-

1199 353 1347 396 cessoribus
1371 351 1526 395 Episcopis
1551 356 1735 388 tradantur.
1762 354 1894 399 Nempe
1916 357 1988 400 post
2013 356 2090 400 ejici

1202 413 1327 446 coeptos
1349 403 1527 436 Saracenos
1541 404 1794 440 Tarraconensis
1809 405 1990 441 Provincias
2012 407 2091 451 Epi-

1201 453 1308 496 scopi,
1337 464 1406 496 quo
1428 453 1528 495 usque
1550 452 1695 496 ipsorum
1736 455 1934 499 Metropolis
1961 458 2091 501 gemuit

1199 502 1257 536 sub
1282 503 1427 538 Barbaro
1453 502 1535 547 jugo
1561 527 1573 543 ‚
1599 502 1793 538 subfuerunt
1826 505 2089 551 Archiepiscopo

1198 551 1430 593 Narbonensi,
1456 563 1555 597 atque
1577 552 1622 586 ita
1645 563 1762 586 eorum
1783 552 1967 599 Princepsa
1980 557 2091 592 nimio

1196 614 1274 639 cum
1286 603 1419 637 Francis
1430 603 1631 637 commercio
1644 602 1747 636 malos
1769 602 1887 638 didicit
1898 616 2004 641 mores
2016 621 2027 641 .·
2054 607 2090 642 A

1195 654 1397 688 Francorum
1420 653 1568 698 Regibus
1592 653 1768 698 &populis
1796 653 1914 689 didicit
1942 656 2092 693 viduatas

1197 702 1380 738 Cathedras
1391 705 1478 738 varia
1491 703 1648 739 violentia
1662 704 1817 739 divexare
1830 730 1838 738 .
1867 705 1987 750 Neque
1998 707 2091 742 enirn

1196 755 1308 789 omnis
1318 755 1501 799 promiscua
1516 754 1626 798 plebs,
1654 754 1707 788 sed
1720 755 1781 789 soli
1805 754 1966 799 Principis
1980 755 2092 799 Bajuli

1195 803 1366 841 &vicarii
1387 816 1483 850 agere
1509 815 1661 848 poterant
1673 804 1770 840 istam
1786 806 1957 849 rapinam;
1983 806 2088 853 Qud

1197 854 1313 899 nempe
1326 855 1484 899 Princeps
1497 855 1738 900 Episcoporum
1756 855 1859 899 spolia
1868 856 2010 891 crederet
2024 857 2089 892 esse

1197 905 1355 949 suijuris,
1380 905 1415 940 &
1429 907 1493 940 suis
1504 906 1636 941 famulis
1659 906 1850 950 elargiretur
1865 932 1872 942 ,-

1246 956 1353 990 Porro
1365 956 1452 1000 apud
1465 956 1610 991 Francos
1621 955 1803 992 admodum
1816 957 1953 1000 antiqua
1966 956 2013 991 est
2025 954 2094 991 haec

1197 1004 1381 1041 BarbarieS.
1410 1007 1545 1042 Etenim
1558 1007 1702 1042 defunsti
1717 1006 1898 1051 Episcopi,
1924 1006 2095 1050 Presbyte-

1198 1057 1246 1098 ri,
1272 1057 1443 1096 Diaconi,
1470 1068 1508 1092 ac
1533 1057 1679 1102 cujusvis
1699 1057 1845 1101 Junioris
1871 1057 1996 1092 Clerici
2020 1068 2096 1101 pro·

1197 1107 1280 1152 prias
1301 1117 1359 1142 aut
1384 1107 1425 1142 ad
1446 1106 1516 1150 ejus
1530 1108 1710 1143 Ecclesiam
1733 1109 1906 1151 spectantes
1920 1109 1997 1142 resa
2011 1118 2096 1151 quo-

1201 1159 1268 1198 vis,
1293 1157 1393 1206 etiam
1415 1157 1531 1203 Judice
1554 1168 1610 1192 aut
1634 1158 1797 1199 Comite,
1822 1168 1900 1193 ante
1920 1158 2095 1193 reseratum

1198 1209 1430 1245 testamentum
1444 1208 1622 1253 contingi,
1651 1208 1830 1252 occupari,
1851 1207 2012 1251 disquiri,
2038 1216 2098 1242 aut

1200 1259 1351 1294 Ecclesiae
1362 1259 1516 1304 repagula
1529 1258 1668 1303 infringi
1681 1268 1792 1293 vetant
1806 1258 1924 1304 quinta
1940 1256 2098 1292 Parisien-

1201 1310 1238 1344 sis
1261 1310 1417 1353 synodus
1439 1308 1549 1344 habita
1572 1307 1700 1354 septimi
1725 1308 1832 1343 saeculi
1855 1319 1948 1343 anno
1962 1307 2095 1342 decimo

1201 1360 1343 1403 quinto,
1370 1359 1457 1393 &ad
1479 1371 1607 1393 annum
1633 1359 1835 1402 trigesimum
1859 1357 1971 1393 habita
1991 1358 2097 1402 prima

1203 1409 1371 1443 Remensis
1391 1434 1398 1440 .
1424 1407 1580 1442 Selorum
1603 1417 1715 1442 tamen
1739 1408 2102 1452 consanguineorum,

1200 1457 1240 1491 ab
1254 1457 1409 1492 intestato
1435 1458 1622 1492 volentium
1636 1457 1826 1498 succedere,
1857 1468 1956 1499 atque
1968 1458 2013 1492 ita
2026 1468 2096 1492 non
2113 1438 2151 1512 ἓ
2161 1447 2189 1511 ⁷¹⁶
2193 1481 2222 1507 6.

1201 1506 1306 1539 solum
1331 1507 1414 1538 fasta
1449 1506 1468 1538 a
1506 1505 1664 1542 defuntsto
1701 1505 1836 1549 legata,
1861 1507 1917 1540 sed
1954 1508 2097 1551 &ipsas

1203 1553 1351 1587 Ecclefiae
1373 1564 1424 1587 res
1434 1552 1813 1589 subindeinvadentium
1827 1578 1838 1595 ‚
1864 1554 2038 1590 audaciam
2052 1557 2098 1592 vi·

1200 1603 1320 1638 dentur
1331 1604 1534 1647 compescere
1543 1628 1551 1636 .
1578 1604 1674 1637 Hinc
1689 1603 1850 1639 mandant
1863 1604 1951 1649 prius
1963 1607 2096 1641 reserari

1200 1654 1433 1689 testamentum
1454 1679 1466 1695 ,
1494 1665 1535 1689 ex
1558 1665 1627 1698 quo
1648 1654 1683 1689 &
1705 1654 1853 1690 defunsti
1887 1656 2041 1691 voluntas
2060 1657 2096 1692 δε

1200 1704 1540 1750 consanguineorum
1550 1704 1602 1748 jus
1612 1706 1857 1749 cognoscantur
1869 1731 1876 1739 .
1904 1706 1998 1741 Hinc
2011 1707 2096 1742 item

1199 1755 1348 1798 rapinam
1362 1756 1456 1790 istam
1471 1767 1530 1790 nec
1551 1766 1607 1798 per
1618 1755 1768 1799 Judicem
1779 1781 1789 1797 ‚
1819 1756 1889 1791 imo
1903 1767 1963 1791 nec
1973 1755 2014 1791 ad
2028 1757 2097 1794 Re-

1200 1807 1293 1850 gium
1318 1814 1511 1850 praecepturn
1533 1805 1603 1840 fieri
1618 1806 1811 1851 permittunt
1825 1832 1832 1840 .
1860 1807 1994 1843 Malum
2008 1807 2095 1843 vide-

1200 1867 1251 1891 tur
1263 1854 1466 1899 pedetentim
1477 1857 1612 1891 crevisse
1623 1880 1631 1889 .
1661 1855 1717 1891 Ut
1730 1858 1822 1892 enim
1836 1856 1991 1893 defuneto
2002 1857 2096 1893 Pres-

1199 1905 1319 1949 bytero
1344 1907 1540 1944 velAbbate
1554 1933 1564 1948 ,
1591 1905 1679 1942 nihil
1699 1907 1741 1942 ab
1754 1908 1923 1952 Episcopo
1936 1933 1947 1950 ,
1975 1907 2095 1945 Archi-

1198 1958 1364 1999 diacono,
1392 1957 1444 1991 vel
1459 1957 1526 1992 alio
1539 1969 1751 2002 quocumque
1769 1959 1958 2000 auferatur,
1986 1959 2095 1995 sancit

1200 2008 1301 2051 prima
1324 2006 1479 2052 synodus
1493 2008 1736 2043 Cabilonensis.
1766 2009 1811 2043 Et
1823 2009 1981 2053 Synodus
2002 2009 2099 2044 Pon-

1198 2058 1382 2102 tigonensis
1403 2072 1411 2092 ε
1438 2061 1566 2103 ,Quoties
1605 2063 1758 2093 Divinum
1783 2062 1934 2101 judicium
1956 2059 2093 2102 Ecclefiae
2116 2058 2230 2093 Part.3,

1200 2107 1364 2150 Praesulem
1385 2112 1405 2141 ἂ
1414 2107 1520 2150 saeculo
1542 2116 1719 2151 vocaverit,
1746 2111 1847 2144 nullus
1867 2119 1926 2154 per
1947 2111 2092 2145 ditionem
2114 2107 2142 2127 ‘³‘
2157 2107 2185 2132 4-

1191 2155 1361 2196 facultates
1385 2159 1450 2197 eJur
1471 2160 1627 2198 invadat,
1654 2161 1801 2200 diripiat,
1831 2162 1921 2194 &aa
1938 2159 2006 2203 suos
2018 2160 2091 2205 usus

1199 2205 1372 2247 transferat
1387 2229 1399 2247 ,
1420 2204 1478 2248 sed
1489 2210 1683 2250 Erogatariis
1711 2209 1747 2240 (9⁴
1761 2207 2006 2251 Eleemosjnariis
2028 2215 2089 2245 Ec.

1197 2253 1374 2295 clesiasticis‚
1402 2265 1468 2288 cum
1487 2255 1577 2296 ipfius
1599 2255 1734 2297 Ecclefiae
1745 2256 1899 2296 constituto
1909 2258 2088 2301 (Et-onoma,

1196 2303 1322 2337 liberum
1338 2302 1378 2345 fit
1387 2306 1537 2337 canonico
1566 2316 1644 2339 more
1648 2304 1728 2347 juste*
1750 2308 2029 2352 rationabiliterque
2041 2312 2093 2345 de-

1194 2361 1311 2395 putata
1317 2352 1474 2398 successuro
1484 2353 1638 2397 reservare
1651 2380 1662 2396 ‚
1674 2359 1726 2390 vel
1734 2356 1969 2402 quibuscumque
1982 2385 1992 2402 ‚
2010 2359 2090 2402 ficut

1195 2406 1340 2447 expedit,
1364 2413 1422 2446 pro
1434 2407 1499 2446 ejus
1507 2403 1620 2448 spiritu
1641 2406 1833 2447 distribuere.
1862 2409 1973 2443 Voces
1988 2435 1999 2451 ,
2027 2415 2097 2445 Fa-

1193 2456 1318 2488 cultates
1338 2457 1403 2497 ejus
1415 2479 1424 2495 ‚
1452 2455 1633 2492 ostendunt
1647 2460 1793 2503 proprias
1822 2457 1996 2495 dumtaxat
2011 2461 2092 2505 Epi-

1196 2506 1283 2548 scopi
1305 2517 1354 2539 res
1376 2507 1575 2541 censuevisse
1597 2507 1731 2542 invadi.
1762 2509 1806 2544 Et
1819 2511 1976 2553 Synodus
1998 2510 2092 2547 Tro·

1194 2555 1332 2598 slejana:
1359 2560 1443 2591 Inter
1466 2556 1624 2598 Nostrates
1634 2559 1773 2601 peffimus
1797 2562 1921 2595 inolevit
1934 2574 2028 2602 mox,
2053 2570 2089 2596 ut

1193 2606 1334 2648 defundlo
1355 2606 1492 2650 Eccless‘ae
1521 2607 1668 2652 Epifi‘opo
1690 2634 1701 2651 ,
1727 2622 1795 2643 mox
1815 2613 1836 2644 ἃ
1858 2611 2088 2655 quibuscumque

1195 2656 1411 2692 Potentioribus
1430 2660 1646 2700 pervadantur
1666 2671 1714 2694 res
1739 2661 1946 2703 Ecclefiasticae
1967 2687 1979 2703 ,
2005 2661 2091 2705 quast

1192 2705 1334 2751 Epiftopi
1347 2707 1470 2750 fuerint
1486 2716 1646 2752 propriae,
1672 2712 1738 2744 cum
1760 2709 1948 2752 etiamfiey‘us
1967 2713 2055 2755 essent
2071 2736 2083 2753 ,
2105 2710 2143 2740 C·
2184 2720 2228 2745 14·

1191 2767 1295 2791 contra
1317 2769 1401 2793 omne
1413 2761 1470 2800 jus
1492 2761 1528 2792 id
1546 2758 1629 2801 fieret
1645 2785 1652 2792 .
1684 2760 1772 2794 Ecce
1787 2785 1798 2801 ‚
1823 2763 1947 2795 malum
1971 2760 2086 2796 denuo

1192 2808 1292 2842 crevit
1304 2833 1315 2850 ,
1341 2809 1539 2854 progressum
1553 2811 1653 2855 usque
1675 2808 1716 2844 ad
1728 2811 1875 2853 rapinam
1890 2810 2086 2847 Ecclesiasti.

1191 2869 1235 2891 cae
1254 2859 1351 2893 etiam
1378 2859 1562 2894 substantiae
1584 2885 1591 2892 .
1621 2860 1809 2912 Qomodo
1832 2860 2086 2906 Theodulphus

1192 2908 1316 2945 Comes
1334 2910 1445 2944 nescio
1465 2910 1557 2954 cujus
1581 2909 1727 2945 defuncti
1744 2910 1930 2955 Presbyteri
1945 2913 2060 2947 omnia
2072 2936 2085 2953 ‚

1189 2957 1266 2994 licet
1292 2959 1486 3003 pauperibus
1510 2961 1619 3006 legata
1642 2985 1652 3001 ,
1680 2961 1769 2996 bona
1799 2974 1877 2998 curn
1901 2962 1967 3005 ipsa
1980 2963 2084 2998 etiam

1194 3008 1340 3044 Ecclefiae
1359 3010 1539 3045 substantia
1563 3011 1736 3050 invaserit,
1762 3012 1795 3046 &
1818 3012 1860 3047 ab
1885 3012 2082 3047 Hincmaro

1190 3059 1403 3096 Remensium
1426 3059 1684 3105 Archiepiscopo
1708 3061 1888 3104 postulatus
1915 3063 2015 3097 fuerit
2039 3063 2082 3098 ad

1190 3109 1432 3146 restitutionem
1444 3137 1454 3153 ,
1482 3113 1517 3146 in
1530 3112 1674 3154 ejusdem
1687 3111 1835 3147 Ecclefiae
1858 3112 1993 3148 historia
2010 3114 2083 3147 scri-

1189 3159 1236 3194 bit
1248 3160 1453 3196 Flodoardus
1465 3187 1472 3194 .
1502 3162 1546 3196 Et
1558 3163 1594 3195 in
1605 3161 1722 3197 litteris
1745 3160 1786 3196 ad
1799 3162 2002 3197 Herluinum
2018 3163 2082 3197 Ca·
2097 3168 2157 3201 Lib.
2167 3180 2195 3209 3,
2215 3180 2242 3203 c.

1189 3214 1405 3247 metacensem
1430 3212 1656 3256 Episcopum,
1681 3212 1885 3248 exstantibus
1907 3213 1992 3256 apud
2006 3213 2082 3247 Bal·
2099 3214 2143 3242 26·

1188 3261 1315 3296 dricum
1335 3262 1536 3307 Episcopum
1559 3262 1832 3304 Tornacensem‚
1859 3263 1971 3298 scribit
1994 3264 2075 3298 Gre-

1188 3311 1300 3356 gorius
1322 3313 1457 3357 quintus
1480 3313 1663 3348 Pontifex.-
1690 3318 1751 3348 Hoc
1773 3325 1887 3357 quoque
1906 3314 1992 3348 nobis
2002 3319 2077 3348 inti·

1187 3371 1301 3395 matum
1322 3362 1364 3403 est
1390 3388 1401 3404 ,
1427 3364 1510 3407 qubd
1530 3363 1652 3398 obeunte
1677 3362 1823 3408 Episcopo
1844 3388 1855 3405 ‚
1882 3366 1935 3398 vel
1952 3368 2073 3398 caeteris

1187 3413 1389 3445 sacerdotibus
1405 3412 1524 3456 sanc‘iae
1546 3414 1769 3457 Cameracenfit
1793 3413 1928 3455 Ecclefiae
1937 3439 1946 3452 ‚
1976 3414 2072 3455 “lm“
2093 3441 2225 3477 Lib.x.c-

2103 3495 2167 3516 111.

1945 3524 2024 3559 quas
