2366 3756
912 159 1405 205 Drcrarus;

241 258 320 296 pore
339 244 495 281 referebat
515 256 570 290 per
593 244 772 280 Prii-uatem
807 239 1121 285 Carthaginensem.
1139 248 1142 251 ·

242 302 292 335 lta
313 298 400 332 lucet
419 308 461 330 ex
488 295 644 340 Epistolis
671 294 778 329 Sanffi
791 292 967 335 Cypriani.
995 291 1130 334 Episco-

240 359 359 396 porum
380 346 647 391 degradationem
666 345 684 379 a
707 342 955 377 Provinciarum
982 340 1129 384 Synodis

239 400 329 443 posse
340 396 488 437 definiri,
514 396 622 431 lucide
642 395 826 440 agnoscunt
848 393 948 427 etiam
972 391 1129 427 Canones

240 448 446 484 Sardicenses
458 473 465 478 .
790 462 797 468 ·

251 513 255 515 ·
289 501 364 534 Nec
383 499 469 532 solos
479 494 699 531 Provinciales
708 493 888 537 Episcopos
897 491 1102 537 degradaban
1115 500 1128 525 t

238 550 322 584 olim
344 547 473 592 Synodi
497 571 507 588 ,
534 545 587 579 sed
606 547 640 580 ὅ(
661 545 825 589 proprium
850 543 1104 586 Metropolitam
1119 566 1127 572 .

241 598 347 647 Qod
371 597 487 640 nempe
508 595 688 631 Provinciae
716 592 871 636 synodus
892 593 932 627 fit
954 593 1126 637 Metropo-

238 649 301 684 lita
320 647 479 691 superior.
509 646 669 690 Exempla
690 644 811 688 poffint
835 642 954 678 adduci
967 643 1105 687 plurima
1118 666 1125 673 .

239 699 297 733 lta
311 698 375 732 fuit
397 697 498 740 usque
519 697 562 731 ad
584 697 771 730 Romanam
797 694 929 728 Damasi
952 693 1126 728 Pontificis

239 747 415 792 synodum
436 771 447 787 ,
483 747 502 780 ὲ
537 746 697 781 Gratiano
733 745 930 788 Imperatore
954 745 1127 778 confirma-

239 805 309 834 tam
333 798 369 832 in
392 795 461 831 haec
482 795 579 830 verba
594 811 606 830 .-
632 795 771 830 Volumus
792 803 827 827 ut
850 800 1024 837 quicumque
1041 794 1127 835 ‚iudi-

238 854 283 884 cio
303 845 444 888 Damafi,
468 847 549 888 quod
569 847 620 880 ille
640 857 707 881 cum
727 843 839 886 confilio
861 851 990 888 quinque
1013 845 1068 878 vel
1081 842 1127 886 se-

238 951 288 983 lici
302 947 377 992 sunt
388 971 401 987 ‚
413 946 530 985 judicio
548 947 600 979 vel
620 947 734 979 concilio
745 946 955 978 condemnatus
958 945 1061 987 fueris
1071 968 1082 984 ‚
1100 941 1131 985 fi

238 997 348 1040 injuste
366 997 494 1030 voluerit
517 994 675 1038 Ecclefiam
699 1003 851 1029 retentare
862 1018 874 1035 ,
899 1003 932 1027 ut
951 1000 1006 1038 qut
1025 1003 1128 1028 evoca-

237 1056 291 1082 tus
310 1049 355 1081 ad
370 1046 562 1081 sacerdotale
588 1046 739 1088 Judicium
757 1053 814 1088 per
833 1051 1048 1079 contumaciam
1070 1055 1127 1078 non

237 1092 357 1141 ivisset,
382 1106 438 1130 aut
448 1096 487 1129 ab
507 1095 671 1137 Illustrtbus
694 1101 774 1130 viris
798 1094 958 1137 Praefcllis
981 1099 1125 1130 Praetmo

238 1149 351 1182 Gallice
375 1156 468 1189 atque
492 1148 614 1188 Italica,
629 1145 695 1188 five
714 1149 735 1178 ἃ
760 1144 983 1189 Proconsulibus
1002 1147 1056 1179 vel
1074 1149 1126 1179 Vi-

237 1203 328 1232 tariis
341 1222 353 1238 ,
378 1197 555 1232 auctoritate
565 1196 704 1231 adhibita
711 1222 723 1238 ‚
737 1197 783 1229 ad
792 1194 968 1239 Episcopale
971 1197 1126 1237 judicium

237 1252 432 1288 remittatur,
455 1256 490 1280 ut
512 1248 557 1280 ad
575 1247 684 1280 Urbem
706 1250 834 1279 Romam
849 1244 907 1290 sub
927 1245 1125 1290 prosecutione

233 1302 398 1341 perveniat
410 1322 417 1329 .
430 1300 490 1329 Aut
497 1295 527 1338 fi
533 1302 567 1329 in
577 1296 830 1340 longinquioribus
838 1297 981 1338 partibus
995 1299 1124 1338 alicuius

232 1346 380 1389 ferocitas
400 1347 476 1380 talis
485 1344 634 1390 emerserit
644 1371 654 1387 ‚
679 1351 774 1379 omnis
796 1349 863 1387 ejus
877 1345 972 1389 causae
983 1347 1072 1379 diHio
1083 1348 1127 1379 ad

239 1398 440 1439 Metropolitae
449 1402 483 1430 in
491 1397 596 1432 eadem
618 1399 781 1430 Provincia
802 1394 940 1439 Episcopi
962 1398 1124 1431 deducatur

236 1458 382 1481 examen.
410 1448 468 1481 Vel
467 1445 499 1488 fi
514 1445 576 1491 ipse
588 1446 834 1488 Metropolitanus
843 1445 902 1485 est,
927 1449 1055 1480 Romam
1075 1458 1126 1481 ne·

236 1498 351 1540 ceffario
363 1520 375 1536 ‚
400 1497 555 1529 vetadeos
566 1507 640 1538 quos
661 1500 814 1528 Romanus
824 1494 988 1537 Episcopus
993 1497 1124 1540 Judices

235 1548 355 1579 dederit
366 1569 377 1586 ,
395 1543 460 1588 fine
469 1546 614 1579 dilatione
621 1546 785 1578 contendat
797 1570 805 1577 .
832 1544 1044 1579 Schismatica
1056 1544 1125 1578 Ur-

235 1596 329 1630 ficini
354 1596 506 1637 nequitia
527 1595 892 1630 sanstumDamasum
913 1593 1054 1635 peffimis
1075 1603 1127 1625 ca-

234 1643 373 1679 lumniis
392 1643 583 1677 incrustarat
592 1666 605 1683 ,
630 1640 815 1676 reddiderat
828 1642 1007 1684 suspectum
1019 1641 1060 1675 de
1071 1653 1127 1685 pu-

235 1693 333 1729 blicis
354 1691 547 1727 criminibus
564 1717 577 1733 ,
600 1693 638 1727 dc
659 1691 823 1735 pendente
843 1691 885 1725 de
905 1692 981 1736 ipfis
1001 1691 1126 1735 judicio

235 1744 325 1790 quasi
345 1743 532 1786 suspensum
553 1741 596 1776 ab
625 1740 823 1777 executione
846 1740 975 1784 Papalis
1001 1741 1127 1782 officii,

235 1804 335 1838 atque
355 1793 401 1827 ita
422 1794 544 1827 fecerat
565 1793 627 1827 effe
647 1797 817 1832 neminem,
841 1796 895 1834 qui
914 1793 952 1826 de
975 1790 1062 1833 lapsis
1087 1789 1129 1826 ad

235 1843 436 1880 Ursicinum
456 1867 467 1884 ,
494 1851 548 1876 aut
568 1853 624 1886 per
646 1842 751 1886 ipsum
768 1839 901 1883 falliqfis
925 1841 1128 1884 Epiftopatus

236 1891 429 1933 invasoribus
444 1892 534 1936 poffn
546 1894 688 1934 ‚iudicare
714 1917 722 1925 .
760 1892 921 1926 Romanae
957 1891 1128 1927 Cathedrae

236 1943 414 1979 Ursicinus
431 1941 591 1985 irrogarat
612 1941 679 1975 fere
701 1941 786 1976 istud
798 1943 903 1986 ipsum
914 1965 926 1983 ,
941 1941 1031 1986 quod
1053 1941 1129 1975 Ale-

235 1992 408 2028 xandrinae
429 1991 514 2026 olim
533 1989 709 2026 Meletius.
735 1991 830 2026 Hinc
849 1991 942 2026 illam
954 1992 995 2026 ad
1008 1991 1130 2027 Roma·

237 2054 289 2079 nat
301 2041 431 2086 Synodi
441 2052 551 2086 preces
568 2050 693 2086 reparat
712 2041 915 2076 Gratianus:
940 2039 1129 2077 Provincia-

235 2094 285 2128 les
322 2093 506 2137 Episcopos
536 2090 762 2136 Metropolitis
796 2091 957 2133 permittit
988 2091 1127 2131 antiquo

238 2153 353 2184 more,
379 2141 614 2184 Metropolitas
634 2149 746 2173 autem
772 2138 1130 2172 reser·vatsoliPatriar-

239 2192 329 2227 chali
354 2191 480 2232 iudicio
500 2189 647 2222 Romani
671 2188 848 2230 Episcopi.
876 2188 961 2234 Qae
973 2187 1131 2221 constitu-

244 2241 299 2274 tio
317 2240 382 2273 fuit
403 2238 504 2283 longe
521 2238 716 2282 aequiffima,
743 2236 887 2281 ideoque
907 2238 1009 2280 ipsam
1019 2236 1061 2271 de
1083 2237 1131 2271 so·

246 2290 283 2324 lo
304 2288 462 2322 Romano
481 2287 677 2322 statuentem
693 2286 843 2321 extendit
866 2286 908 2320 ad
923 2297 1061 2321 omnem
1072 2286 1133 2321 Pa-

243 2337 419 2375 triarcham
429 2348 467 2372 ac
476 2336 656 2372 Primatem
667 2334 944 2370 Chalcedonenfis
954 2334 1110 2380 synodus
1117 2360 1132 2378 ,

246 2388 405 2423 mandans
425 2385 702 2430 Clericum.opud
722 2386 890 2429 proprium
910 2386 1110 2430 Episcopum
1122 2409 1133 2426 ,

246 2438 450 2483 Episcopum
461 2437 547 2480 apud
559 2435 739 2470 Provinciae
747 2437 921 2478 Synodum
934 2460 944 2476 ‚
963 2437 1133 2481 Metropo-

248 2489 344 2523 litam
362 2488 450 2533 apud
471 2486 642 2522 Dioecesos
664 2484 845 2520 Primatem
864 2485 1005 2520 accusari
1027 2498 1065 2522 ac
1087 2487 1134 2530 ju-

248 2537 351 2572 dicari
375 2562 382 2570 .
418 2537 584 2580 Loquitur
602 2533 644 2570 de
666 2535 743 2570 solis
766 2534 869 2570 tribus
896 2534 1134 2582 Autocephalis

245 2585 476 2626 nicaeensius,
501 2586 618 2631 Regiae
628 2585 784 2620 Civitatis
802 2584 968 2629 Episcopo
992 2586 1026 2620 in
1049 2588 1130 2631 ipsa-

248 2648 323 2672 rum
337 2634 570 2681 Metropolitas
587 2635 670 2669 dans
687 2631 914 2670 alternativa'm
924 2646 999 2671 cum
1014 2636 1137 2672 Prima-

248 2687 339 2721 tibus
360 2687 574 2730 potestatem,
598 2685 746 2729 adeoque
756 2685 924 2720 laudatum
937 2685 1136 2723 Patriarcha·

252 2746 328 2772 rum
337 2736 388 2780 jus
398 2735 526 2771 videtur
536 2735 606 2770 illic
617 2735 717 2770 etiarn
730 2735 826 2770 antea
844 2736 986 2780 viguisse
999 2762 1006 2769 .
1033 2737 1135 2773 Poffit

252 2787 319 2822 effe
338 2785 462 2822 Canon
482 2784 695 2829 Apostolicus
709 2811 716 2818 .
743 2785 918 2834 Qidquid
942 2786 998 2827 sit,
1027 2789 1135 2823 Sansti

247 2836 383 2871 Damasi
406 2836 635 2870 Constitutum
653 2837 790 2879 respexit
812 2837 945 2871 Sant‘tus
973 2837 1044 2872 Leo
1063 2839 1137 2874 Ma-

248 2897 336 2932 gnus
348 2909 359 2927 ,
371 2883 575 2920 Anastafium
587 2885 910 2923 Thessalonicensem
925 2886 1136 2933 Episcopum,

249 2936 390 2970 suumin
415 2935 550 2980 Illyrico
571 2933 763 2977 vicarium,
785 2935 866 2971 dure
884 2949 1023 2984 arguens
1044 2940 1134 2984 quod

250 2984 690 3028 AtticumNicopolitanum
703 2987 902 3032 Episcopum
911 3011 922 3027 ,
934 2989 1045 3023 veteris
1058 2989 1134 3033 Epi-

249 3036 279 3070 ri
291 3035 565 3078 Metropolitam,
591 3035 627 3069 in
650 3039 893 3072 contumaciam
915 3039 1133 3083 degradasset:

250 3083 385 3127 Etiamfi
402 3084 463 3118 tals
483 3086 602 3127 aliquid
618 3095 776 3121 mereretur
797 3092 912 3122 Atticus
925 3113 936 3129 ,
963 3087 1135 3132 crespellan-

81 3129 166 3169 Epist-
187 3132 234 3167 84·
250 3137 325 3170 dum
336 3134 509 3177 ttbifuerat
518 3136 596 3177 quid
612 3136 656 3168 ad
671 3143 724 3169 tua
746 3136 874 3181 consulta
894 3137 1112 3182 rescriberemus
1126 3165 1132 3172 .

82 3180 108 3202 C·
138 3181 162 3201 1·

250 3187 300 3221 Et
313 3184 395 3220 infra
406 3199 417 3218 .·
443 3187 474 3217 E
476 3183 574 3226 tiamfi
578 3186 653 3226 quid
654 3197 753 3229 grave
763 3190 1036 3232 intolerandumque
1040 3189 1135 3234 geffis-

250 3235 298 3281 {bt
309 3260 320 3276 ,
347 3234 442 3276 nostra
451 3244 517 3269 erat
527 3232 728 3277 exspeHanda
738 3237 858 3281 censura
867 3264 878 3281 ,
904 3248 938 3273 ut
957 3239 1036 3274 nibil
1046 3246 1133 3282 prius

253 3285 316 3329 ipse
328 3287 498 3319 decerneres
511 3309 521 3324 ,
531 3296 621 3328 quam
631 3287 707 3327 quid
715 3287 794 3320 nobis
800 3290 932 3330 placeret
941 3288 1109 3335 agnosceres
1122 3316 1129 3323 .

256 3340 341 3370 Vites
351 3341 428 3368 enim
438 3334 547 3375 nostras
557 3340 602 3369 ita
614 3345 672 3370 tua·
683 3338 861 3372 credidimus
875 3339 1051 3382 charitati,
1061 3349 1095 3375 ut
1103 3346 1134 3373 in

253 3393 372 3431 partem
376 3385 416 3427 fis
436 3394 559 3419 vocatus
575 3384 783 3429 sollicitudinis
796 3412 807 3428 ,
835 3400 894 3423 non
916 3396 949 3423 in
969 3392 1133 3432 plenitudi-

259 3445 327 3471 nem
341 3436 491 3476 potestatis
512 3460 520 3468 .
566 3436 857 3478 Metropolitarum
886 3439 1135 3485 degradationes

357 3484 645 3529 chrisi.Lup1·oper.
658 3489 775 3521 TomV.

236 906 322 941 ptem
341 896 478 931 babuerit
499 895 729 939 Episcoporum3
755 895 807 928 vel
823 905 921 928 eorum
942 901 994 938 qui
1016 892 1113 926 cho

1146 2305 1154 2368 l

1914 176 2006 223 173

1192 239 1265 277 Sedi
1288 241 1490 286 Apostolicae
1501 238 1639 279 affirmat
1650 243 1821 286 reservatas
1843 242 1925 279 ade&
1946 245 2076 287 privati-

1193 291 1230 325 νέ
1241 315 1253 332 ,
1277 302 1314 326 ut
1325 293 1451 327 etiama
1466 302 1559 327 tanto
1570 292 1713 335 ejusdem
1736 294 1827 328 Sedis
1847 294 1984 330 vicario
2005 305 2075 328 non

1192 342 1310 384 poffint
1322 342 1473 377 attentari
1485 366 1493 374 .
1520 342 1674 377 Sardiniae
1684 343 1935 388 Metropolitam
1947 356 2016 380 non
2028 344 2077 379 ni.-

1191 391 1213 423 fi
1228 392 1313 435 apud
1328 392 1445 428 Sedern
1456 390 1684 434 Apostolicam
1696 395 1838 428 accusari
1860 396 1948 437 posse
1959 420 1969 436 ,
1997 394 2078 429 luci·
2095 398 2151 429 Lib.
2165 401 2247 432 7.1n-

1191 440 1231 473 de
1243 442 1283 475 ad
1293 442 1437 485 ejusdem
1449 440 1632 475 Provinciae
1644 443 1824 487 Episcopos
1846 443 1955 479 scribit
1977 446 2079 479 etiam
2095 437 2161 484 dist
2186 451 2210 468 2·

1191 491 1372 536 Gregorius
1403 502 1544 535 magnus
1567 514 1576 522 .
1612 491 1656 524 Et
1679 491 1783 536 longo
1809 494 1862 527 isti
1886 506 1925 529 ac
1955 505 2079 539 magno
2097 478 2180 517 ΕΜ·
2203 483 2229 509 8’

1191 541 1335 576 Maximi
1346 541 1527 576 Salonitani
1541 541 1767 585 Metropolitae
1776 541 1899 584 judicio
1911 545 2079 580 neminem

1190 590 1250 624 nifi
1261 592 1326 626 sese
1336 616 1348 633 ‚
1374 593 1474 627 etiam
1484 591 1525 626 ad
1539 591 1690 625 Mauritii
1703 591 1964 637 AugustiSacras
1972 594 2081 637 juffio·

1191 652 1248 675 nes
1258 651 1316 676 aut
1327 653 1436 686 preces
1445 642 1588 684 ,fpaffus
1599 641 1645 676 est
1658 641 1784 677 misceri
1799 667 1807 675 .

1240 691 1326 739 Qae
1335 701 1444 726 tamen
1456 691 1629 734 disciplina
1649 691 1774 726 dudum
1794 702 1863 728 non
1875 692 2024 728 obtinuit
2043 693 2080 727 in

1191 742 1355 786 Hispania
1380 767 1387 775 .
1426 742 1563 778 Etenim
1599 740 1801 786 Gregorium
1838 743 2080 778 Emeritensem

1190 792 1441 837 Metropolitam
1464 791 1680 826 innocentius
1706 791 1829 835 primus
1852 792 1990 835 judicari
2010 804 2079 837 per.-

1190 842 1276 876 mifit
1299 843 1317 877 ὲ
1330 842 1468 887 synodo
1480 842 1648 877 Toletana
1659 864 1669 874 .
1694 842 1741 877 Et
1755 840 1946 877 Gothorum
1959 842 2080 883 ibidem
2097 869 2124 898 C
2153 869 2170 896 8

1190 893 1317 928 decima
1329 891 1483 937 Synodus
1493 892 1682 927 Potamium
1696 891 1941 927 Braccarensern
1953 916 1965 932 ,
1992 894 2082 928 sexta
2126 889 2133 897 ⁸
2174 887 2183 896 ⁰

1192 943 1317 977 decima
1328 941 1517 988 degradavit
1529 942 1709 978 Sisbertum
1729 942 1985 987 Metropolitam
2006 942 2082 978 To-

1193 994 1338 1028 letanum
1353 1018 1360 1026 .
1381 994 1426 1027 Et
1439 992 1520 1028 hinc
1541 992 1711 1028 Roderico
1735 991 1992 1037 Archiepiscopo
2009 991 2084 1027 To-

1192 1044 1302 1079 letano
1312 1068 1324 1085 ,
1350 1043 1504 1077 Ecclefiae
1515 1044 1575 1079 suae
1590 1043 1665 1078 data
1679 1042 1722 1079 ab
1743 1043 1889 1088 antiquis
1909 1042 2086 1079 Pontifici-

1192 1095 1252 1131 bus
1267 1093 1447 1140 privilegia
1469 1094 1657 1128 confirmari
1679 1103 1779 1138 atque
1793 1094 1946 1130 innovari
1972 1093 2088 1138 postu-n

1191 1146 1271 1181 lanti
1286 1171 1298 1187 ,
1324 1146 1408 1180 inter
1419 1152 1529 1177 caetera
1543 1143 1696 1187 rescripsit
1708 1142 1924 1179 Innocentius
1947 1144 2061 1179 tertius
2072 1153 2086 1177 ε

1193 1195 1356 1240 Personam
1380 1203 1464 1230 tuam
1485 1199 1519 1227 in
1542 1204 1636 1227 manu
1661 1192 1758 1232 nostra
1775 1193 1955 1235 propensiori
1975 1199 2086 1237 gratia
2101 1173 2156 1246 Li'st
2170 1185 2194 1204 ¹⁶
2206 1174 2256 1239 ιε’

1190 1253 1350 1281 retinentes
1362 1271 1374 1288 ,
1400 1242 1549 1292 censemus
1572 1252 1607 1278 ut
1622 1242 1717 1288 solius
1731 1246 1862 1277 Romani
1874 1242 2087 1286 Pontificisju-
2103 1223 2122 1254 p
2157 1232 2166 1243 ”
2187 1222 2200 1249 5

1190 1299 1264 1330 dicio
1284 1300 1352 1338 ejus
1371 1296 1479 1340 causa,
1498 1293 1530 1339 fi
1544 1306 1606 1340 qua
1617 1294 1751 1338 fuerit,
1785 1294 1965 1329 decidatur.
1992 1293 2025 1330 A
2040 1294 2090 1329 *se

1190 1347 1341 1382 innovari
1363 1347 1448 1381 dicit
1466 1347 1558 1381 datas
1579 1345 1621 1381 ab
1633 1344 1781 1381 Urbano
1791 1344 1938 1379 secundo
1955 1344 1991 1378 δε
2014 1342 2086 1385 ejus

1191 1395 1423 1432 successoribus
1445 1397 1568 1442 gratias
1577 1419 1588 1434 ‚
1613 1395 1704 1443 Qia
1716 1394 1834 1439 nempe
1845 1394 1947 1437 usque
1957 1393 1999 1428 ad
2012 1392 2086 1429 Un-

1189 1446 1268 1482 bani
1278 1455 1424 1490 tempora
1436 1446 1605 1481 laudatum
1615 1445 1749 1482 Damafi
1770 1444 2002 1480 constitutum
2013 1452 2087 1479 non

1189 1497 1292 1529 filerat
1314 1496 1386 1528 istic
1396 1495 1430 1527 in
1442 1497 1503 1528 usu
1517 1517 1526 1526 .

1238 1543 1331 1576 Idem
1341 1553 1414 1577 mos
1425 1542 1533 1586 viguit
1546 1541 1580 1574 in
1596 1541 1722 1576 Gallia.
1755 1542 1893 1577 Etenim
1913 1542 2086 1578 Hilarium

2098 669 2187 710 Epist.
2207 679 2251 699 22.

2097 720 2123 742 c·
2146 720 2173 746 5.

1191 1592 1417 1627 Arelatensem
1437 1591 1713 1635 Metropolitarn,
1741 1591 1818 1627 licet
1832 1591 2084 1628 Armentarium

1191 1640 1457 1677 Ebredunensem
1478 1642 1512 1676 δε
1525 1641 1767 1678 Chelidonium
1779 1642 2083 1678 vesontionensem

1191 1692 1428 1735 Metropolitas
1437 1690 1658 1737 degradasset,
1686 1692 1728 1727 de
1750 1693 1876 1728 laudati
1897 1691 2085 1733 Constituti

1192 1742 1452 1787 praevaricatione
1472 1753 1542 1776 non
1564 1742 1673 1787 arguit
1685 1743 1823 1779 Sanetus
1834 1743 1920 1777 Leo.
1948 1743 1992 1777 Et
2003 1742 2086 1776 Praev

1192 1802 1352 1828 textatum
1366 1790 1675 1836 Rothomagensem
1695 1804 1734 1827 ac
1746 1793 1928 1838 AEgidium
1940 1793 2085 1828 Remen-

1191 1844 1258 1878 scm
1278 1841 1532 1887 Metropolitam
1553 1842 1647 1876 fuisse
1667 1843 1688 1877 a
1709 1843 1774 1878 suis
1793 1843 1938 1886 Synodis
1950 1843 2086 1877 damna-

1192 1902 1245 1928 tos
1260 1916 1272 1933 ‚
1298 1891 1397 1927 habes
1420 1893 1507 1936 apud
1531 1893 1682 1927 Sanctum
1693 1894 1895 1938 Gregorium
1906 1893 2088 1928 Turonen-

1192 1942 1256 1977 sem
1284 1968 1291 1974 .
1332 1942 1436 1989 Qod
1457 1943 1561 1986 ipsum
1586 1942 1626 1977 de
1646 1945 1765 1978 sancto
1788 1943 1960 1979 Defideno
1979 1942 2090 1979 vien·
2108 1934 2139 1965 L·
2163 1946 2244 1995 230.-

1194 1991 1339 2027 nenfium
1358 1992 1577 2037 Metropolita
1601 1993 1710 2028 scribit
1731 1994 1946 2039 Fredegarius
1974 2018 1982 2026 .
2022 1995 2087 2028 La«
2111 1986 2159 2013 24·
2191 1987 2236 2013 ³²⁸

1193 2044 1285 2086 psum
1304 2053 1383 2077 cum
1394 2052 1548 2078 extranea
1558 2044 1696 2078 muliere
1717 2044 1972 2089 Metropolitam
1983 2045 2001 2079 ὲ
2014 2056 2089 2089 pro-

1193 2091 1271 2134 priis
1290 2092 1556 2127 provincialibus
1576 2092 1715 2134 judicari
1754 2096 1787 2130 δε
1808 2095 1931 2139 deponi
1952 2094 2089 2130 mandat

1193 2140 1287 2173 tertia
1307 2139 1463 2182 Synodus
1485 2140 1725 2175 Aurelianensis
1750 2167 1758 2174 .
1795 2144 1964 2179 Adversus
1988 2156 2088 2188 quem
2108 2172 2135 2202 C
2165 2183 2191 2208 4¹

1193 2199 1322 2223 morem
1347 2187 1520 2222 reclamare
1541 2189 1666 2233 primus
1677 2191 1777 2234 coepit
1789 2192 2003 2227 Remenfium
2015 2195 2090 2228 Me-
2137 2192 2143 2200 '

1194 2238 1352 2281 tropolita
1378 2237 1552 2280 Turpinus
1571 2263 1583 2278 ‚
1619 2238 1772 2275 Adriano
1811 2241 1921 2285 primo
1947 2254 2091 2286 conque-

1194 2298 1264 2322 rens
1288 2287 1535 2322 Antecefforem
1561 2289 1656 2322 suum
1678 2290 1834 2324 Sanstum
1867 2291 2089 2337 Rigobertum

1194 2337 1286 2372 fuisse
1307 2347 1412 2381 nuper
1433 2337 1500 2372 fine
1522 2336 1725 2381 Apostolicae
1744 2340 1837 2375 Sedis
1858 2342 2090 2388 interrogatio·

1196 2399 1237 2422 ne
1261 2387 1296 2421 δι
1323 2389 1482 2422 consensu
1507 2387 1668 2431 dejectum
1690 2414 1702 2431 ‚
1740 2390 1970 2436 postulansque
1995 2394 2088 2428 dein-

1195 2449 1269 2481 ceps
1290 2438 1406 2471 servari
1431 2437 1590 2473 Canones
1610 2465 1618 2471 .
1644 2440 1689 2474 Et
1715 2440 1865 2476 obtinuit
1891 2442 2085 2478 Postulata.

1196 2488 1322 2533 Verum
1349 2499 1426 2522 cum
1452 2487 1516 2523 hac
1540 2490 1722 2534 appendice
1748 2493 1783 2526 ὅς
1809 2492 1913 2527 cauda
1936 2507 1943 2526 ε
1970 2495 2003 2527 51
2029 2498 2087 2528 Re-

1195 2537 1297 2580 menfis
1320 2536 1487 2581 Episcopus
1507 2540 1553 2572 ad
1573 2540 1678 2573 sedem
1703 2544 1873 2576 Romanam
1884 2545 2086 2586 appellaverit

1196 2593 1229 2622 in
1253 2586 1315 2632 ipso
1327 2590 1460 2630 judicio.
1486 2590 1596 2633 Ipsum
1620 2591 1671 2625 vel
1692 2590 1711 2625 a
1731 2593 1786 2626 sua
1804 2593 1942 2636 Synodo
1957 2618 1969 2635 ,
1991 2595 2045 2628 ,vel
2067 2596 2087 2629 a

1199 2640 1355 2673 Romano
1375 2637 1540 2674 pontifice
1560 2640 1696 2684 judicari
1717 2643 1850 2687 reliquit
1872 2642 1941 2686 ejus
1955 2644 2087 2678 elestio·

1200 2690 1232 2724 ni
1249 2714 1259 2731 ‚
1284 2687 1439 2723 facienda:
1460 2701 1499 2724 ac
1508 2689 1755 2727 declarandaein
1769 2693 1840 2736 ipso
1852 2692 1960 2727 statim
1971 2693 2086 2737 judicii

1198 2740 1353 2784 ingressu.
1381 2740 1462 2774 Hoc
1473 2740 1518 2775 est
1535 2764 1546 2780 ,
1562 2739 1585 2772 fi
1606 2738 1976 2786 dixerit&protestatus
1987 2743 2087 2781 suerit
2129 2782 2132 2786 ,

1198 2792 1229 2823 se
1249 2789 1332 2824 velle
1342 2800 1408 2824 non
1423 2789 1592 2833 aSynodo
1605 2815 1617 2831 ,
1641 2791 1695 2825 sed
1711 2792 1729 2826 a
1752 2793 1917 2828 Pontifice
1930 2794 2086 2837 judicari.
2106 2782 2141 2813 L'
2166 2794 2190 2813 ²·
2211 2792 2244 2814 ⁶·

1198 2838 1334 2874 Adriani
1357 2838 1530 2874 Pontificis
1554 2840 1703 2884 Epistola
1713 2841 1817 2877 exstat
1829 2843 1914 2888 apud
1929 2843 2087 2880 Flodoar-
2110 2831 2154 2858 17-

1195 2890 1319 2924 durnin
1331 2888 1464 2925 historia
1475 2890 1645 2926 Remenfis
1658 2892 1828 2927 Ecclefiae.
1857 2893 1901 2927 Et
1912 2892 1989 2928 hinc
1999 2894 2088 2930 Tur·

1195 2940 1263 2984 pini
1284 2940 1353 2987 post
1379 2940 1578 2976 Wulfarium
1600 2942 1758 2977 successor
1782 2942 1879 2978 Ebbo
1899 2945 1961 2978 fuit
1972 2944 2087 2989 degra-

1194 2990 1288 3026 datus
1309 2991 1327 3025 a
1351 2990 1510 3034 Synodo:
1537 2991 1642 3039 Qod
1667 2992 1884 3036 nempe,.uti
1906 2993 1941 3027 in
1964 2993 2085 3029 litteris

1194 3040 1277 3083 apud
1298 3041 1500 3076 Trecensem
1525 3041 1696 3084 Synodum
1707 3043 1907 3078 exstantibus
1919 3042 2028 3078 scribit
2039 3044 2081 3081 ad

1193 3090 1373 3125 Nicolaum
1398 3092 1538 3134 primum
1549 3092 1749 3127 Pontificem
1770 3092 1845 3129 Rex
1856 3093 1995 3131 Carolus
2006 3094 2081 3129 Cal-

1196 3151 1274 3181 vus,
1298 3142 1503 3176 consentisset
1526 3142 1560 3176 in
1576 3141 1662 3178 istud
1688 3142 1875 3183 Tribunal,
1900 3145 1935 3178 ἀ
1962 3143 2079 3181 Sedent

1195 3189 1422 3234 Apostolicarn
1433 3203 1502 3226 non
1515 3191 1712 3235 implorasset
1723 3219 1730 3225 .
1749 3191 1854 3228 Addit
1865 3203 1975 3227 tamen
1986 3193 2003 3227 a
2017 3192 2078 3228 Pa·

1194 3251 1241 3275 tre
1261 3241 1318 3275 suo
1340 3239 1511 3277 liudovico
1530 3242 1727 3288 Gregorium
1751 3252 1902 3287 quartum
1925 3252 2079 3287 rogatum

1195 3291 1286 3325 fuisse
1306 3290 1419 3333 judicii
1439 3292 1756 3335 confirmationem„
1771 3294 1806 3327 δε
1832 3303 1909 3327 vero
1932 3292 2079 3328 fimiliter

1197 3353 1262 3375 uon
1282 3340 1402 3376 dedisse
1420 3368 1427 3374 .
1457 3342 1632 3389 Qidquid
1661 3345 1699 3378 fit
1723 3368 1735 3384 ,
1770 3343 1899 3387 Sergius
1920 3341 2078 3377 secundus

1197 3392 1295 3435 ipsum
1324 3388 1440 3426 habuit
1456 3403 1565 3427 ratum
1578 3419 1585 3426 .
1613 3394 1659 3428 Et
1680 3392 1875 3427 hincfibiac
1887 3390 2080 3426 Successori·

1196 3441 1254 3477 bus
1264 3441 1328 3476 suis
1341 3440 1434 3485 plene
1445 3444 1646 3487 prospectum
1659 3442 1930 3477 volensiEbbonis
1951 3440 2080 3477 Succes-

1591 3491 1617 3524 Ρ
1671 3502 1690 3540 3
1977 3490 2028 3527 sot
