2366 3756
77 1360 128 1399 Ep.
150 1364 213 1391 116.

68 1780 118 1818 Ep.
142 1783 213 1813 118.

94 3093 147 3130 Ep.
169 3096 221 3125 39·

104 3398 157 3433 EP-
179 3402 226 3428 40·

343 92 440 129 260

644 82 683 125 S.
720 80 1037 127 eroonu
1071 95 1315 129 sepa-im
1350 83 1720 133 PONT1F1cls

279 166 459 211 Episcopos
472 179 540 202 non
553 165 592 198 ad
607 162 793 207 generalem
805 162 978 204 Synodum
989 187 1000 203 ,
1018 162 1071 197 sed
1086 162 1168 197 luci·
1227 167 1361 199 volumus
1376 166 1428 210 effe
1441 166 1596 210 defensam
1606 193 1617 208 ,
1642 179 1676 202 ut
1688 170 1767 205 nibil
1775 173 1875 208 eodem
1893 175 2013 219 absente
2023 178 2108 221 depe}

273 217 314 251 de
326 218 517 262 permittunt
528 225 565 248 ac
577 212 691 256 jubent
706 213 747 247 ad
757 213 951 247 Romanurn
961 212 1163 247 Pontificem

271 268 451 312 appellare.
482 265 525 298 Et
549 275 618 298 non
639 274 680 296 ex
708 263 884 305 semetipsis
902 285 912 302 ‚
939 262 991 298 sed
1011 263 1029 297 a
1058 264 1163 297 Sandti

273 318 398 352 Leonis
436 316 469 349 &
497 313 674 350 numerosis
700 314 804 356 ipsum
831 313 1164 358 circumcingentium

274 367 517 411 Episcopotum
555 363 710 405 lacrymis
738 364 877 408 permoti
905 364 1164 399 Valentinianus

272 417 385 451 tertius
410 419 441 452 ὃς
468 417 566 450 Galla
588 413 736 449 Placidia
759 414 953 458 scripserunt
974 414 1162 457 Imperatori

272 465 467 502 Theodosio
488 491 499 508 ,
525 467 668 510 ideoque
688 465 812 499 clarum
824 465 869 499 est
891 465 976 509 ipsos
985 476 1027 499 ex
1038 464 1162 500 laudati

271 517 445 552 Pontificis
457 529 514 552 ore
535 517 568 550 δε
579 516 670 550 sensu
683 515 834 558 scripsisse
852 540 858 550 .

322 569 396 602 Nec
409 569 496 602 solus
509 569 642 603 sanstus
654 566 831 599 Flavianus
842 589 853 605 ,
870 564 922 599 sed
934 565 1033 600 etiarn
1046 565 1162 601 Theo·

268 618 402 654 doretus
416 619 456 654 ab
477 616 641 662 Ephe-sino
661 615 786 659 judicio
800 616 945 651 Romam
960 616 1139 661 appellavit
1152 641 1162 656 ,

270 670 306 703 &
330 681 456 704 certum
478 669 523 703 est
545 667 587 702 ad
614 666 719 700 solum
746 665 945 701 Pontificem
971 667 1160 711 appellasse-

269 720 376 754 Lucet
397 732 439 754 ex
461 718 528 762 ejus
548 717 588 752 ad
614 717 782 751 Renatum
810 716 969 751 Romanae
1007 717 1154 751 Ecclefiae

267 769 483 804 Cardinalem
495 768 726 811 Presbyterum
737 767 886 810 Epistola
897 791 909 808 ,
929 767 963 801 in
976 778 1040 809 qua
1054 766 1161 810 Ephe-

267 821 326 853 smi
352 820 516 854 latrocinii
542 819 624 853 Asta
644 817 816 861 deplorat,
842 829 880 852 ac
901 817 1028 861 pergit:
1056 821 1160 852 Extis

266 879 392 911 autem,
418 878 470 913 qui
496 869 555 911 istic
577 871 717 902 damnati
735 867 887 909 fuerunt,
913 877 990 900 unus
1015 878 1065 911 ego
1069 866 1161 911 sum,

265 932 304 954 ne
316 922 364 954 illo
375 928 449 954 irem
462 925 561 964 Regiis
573 920 682 954 litteris
689 917 860 960 prohibitus
874 941 885 958 ,
897 919 931 950 (π
943 927 1046 952 tamen
1055 917 1160 962 absens

263 973 479 1006 condemnatus
508 996 514 1003 .
554 973 658 1014 ,Quam
684 969 719 1001 ob
744 967 864 1012 causam
888 979 935 1000 oro
959 969 1161 1004 sanititatem

263 1032 348 1056 tuam
371 1047 382 1063 ,
405 1021 580 1064 sandiffimo
604 1022 638 1054 (5
662 1019 828 1060 Beatiffimo
854 1017 1071 1062 Arcbiepiscopo
1089 1012 1176 1063 per·f

259 1071 390 1115 suadeat
404 1097 415 1113 ,
442 1079 475 1107 ut
488 1071 646 1114 Apostolica
663 1069 805 1112 potestate
826 1076 931 1103 utatur
945 1094 956 1111 ,
980 1070 1015 1104 (θ’
1026 1072 1071 1104 ad
1083 1075 1158 1104 Con-

261 1124 361 1156 cilium
386 1121 514 1163 vostrum
551 1121 699 1155 advolare
732 1124 894 1162 praecipiat
918 1144 925 1152 .
958 1121 1054 1155 Habet
1079 1126 1158 1155 enim

256 1172 437 1216 sandsffima
451 1173 504 1205 illa
529 1173 620 1205 Sedes
631 1169 823 1212 Ecclefiarum
836 1193 846 1209 ,
874 1181 942 1213 quae
965 1175 998 1204 in
1018 1170 1157 1214 totosunt

260 1224 329 1257 orbe
350 1249 362 1265 ,
390 1226 599 1265 Principatum
626 1222 731 1255 multis
758 1220 927 1255 nominibus
949 1244 961 1261 ,
987 1230 1078 1263 atque
1105 1220 1157 1254 boc

259 1283 333 1308 ante
356 1279 478 1313 omnia,
504 1273 584 1315 quod
612 1271 651 1305 ab
661 1274 808 1305 tlaerettca
830 1270 900 1304 tabe
919 1275 1061 1305 immunis
1072 1283 1157 1305 man-

252 1324 315 1367 fit,
343 1336 396 1358 nec
415 1326 494 1357 ullus
518 1327 669 1358 contraria
686 1319 819 1364 sentiens
836 1326 869 1352 in
897 1321 952 1354 illa
972 1319 1054 1363 sedn
1066 1345 1078 1362 ,
1099 1320 1158 1364 sed

261 1374 451 1417 apostolicam
466 1377 607 1417 gratiam
644 1377 792 1415 integram
818 1368 1009 1413 conservavit
1033 1395 1040 1402 .
1070 1371 1152 1406 Non

256 1425 426 1469 purpureis
437 1424 610 1456 dumtaxat
625 1444 637 1461 ,
665 1420 720 1455 sed
731 1419 834 1454 aureis
855 1420 971 1455 litteris
983 1419 1078 1455 scribi
1089 1432 1153 1456 me-

252 1486 365 1510 rentur
392 1473 456 1507 haec
468 1470 679 1507 Theodoreti
704 1470 819 1505 verba.
847 1470 900 1503 Ex
914 1471 998 1513 <ipsis
1018 1472 1150 1506 interim

261 1526 406 1569 Joannes
429 1522 600 1564 Launojus
625 1520 728 1554 discat
756 1519 927 1554 Liberium
952 1520 1151 1555 Pontificem

254 1587 325 1610 non
350 1574 442 1608 fuisse
466 1572 667 1606 Haereticum
686 1595 693 1602 .
721 1567 834 1613 Pergit
855 1567 1092 1605 Theodoretus
1114 1571 1148 1604 in

257 1625 375 1660 litteris
401 1624 442 1659 ad
470 1623 632 1657 Romanae
660 1620 813 1654 Ecclesia
841 1617 1147 1655 Archidiaconum:

255 1680 393 1719 Dignare
420 1673 584 1712 Bearifflmi
610 1667 825 1712 Archiepiscopt
850 1670 944 1702 zelum
969 1670 1149 1710 accendere,

255 1736 287 1760 ut
299 1730 434 1758 Orientis
457 1728 547 1756 etiam
558 1717 691 1762 Ecclefiae
711 1718 913 1762 sollicitudine
932 1717 1031 1759 vestra
1036 1717 1149 1760 fruan-

254 1786 306 1810 tur
331 1801 338 1807 .
367 1773 536 1818 Supplicat
563 1781 665 1805 omne
690 1767 892 1813 Ephefinum
913 1766 1149 1810 latrocinium,

250 1826 369 1871 [iudicii
384 1825 429 1858 sui
446 1824 589 1857 rationes
600 1819 803 1855 redditurum
814 1844 824 1860 ‚
838 1819 969 1854 evocari
982 1817 1127 1855 Romam
1138 1843 1148 1860 ,

251 1889 322 1911 non
347 1874 388 1909 ad
401 1873 590 1919 generalem
606 1871 708 1906 totius
725 1869 894 1909 Ecclefiae,
912 1869 975 1904 sed
987 1869 1029 1904 ad
1040 1869 1148 1913 fingu-

252 1928 354 1961 larem
369 1927 530 1960 Romanae
544 1921 730 1957 Provinciae
742 1919 918 1963 Synodum
936 1942 947 1960 ,
975 1919 1010 1952 in
1023 1929 1086 1961 qua
1096 1930 1149 1961 ap·

252 1977 391 2022 pellatas
413 1977 523 2010 causas
538 1972 695 2008 Pontifex
709 1972 832 2012 semper
845 1967 1015 2004 consuevit
1025 1967 1147 2011 judica-

252 2040 289 2062 re
309 2052 316 2059 .
342 2026 398 2060 Ad
425 2025 531 2059 solum
562 2022 661 2067 igitur
684 2020 883 2055 Pontificem
911 2016 1148 2052 Theodoretus

251 2075 425 2113 manifeste
450 2073 629 2119 appellavit
649 2097 657 2105 .
681 2070 785 2115 Qud
809 2068 918 2102 lucide
939 2076 1030 2110 patet
1047 2068 1148 2102 etiam

253 2141 294 2164 ex
306 2125 452 2171 eleganti
464 2125 530 2166 ejus
546 2121 683 2164 epistola
696 2117 735 2152 ad
749 2118 902 2151 Sanetum
914 2116 1079 2150 Leonem.
1105 2115 1149 2151 Et

255 2179 326 2220 ejus
353 2173 615 2220 appellationem
641 2167 783 2203 omnino
810 2165 939 2201 admisit
966 2164 1147 2200 Pontifex.

253 2228 327 2262 Nec
354 2228 389 2261 in
415 2222 591 2269 generali,
618 2219 717 2253 sedin
728 2216 814 2252 dicta
826 2214 1079 2252 suaeProvinciae
1090 2218 1149 2260 Sy-

253 2276 347 2315 nodo
377 2276 482 2320 ipsum
508 2271 549 2306 ab
561 2269 730 2313 Ephelinis
755 2266 896 2301 vinculis
918 2264 1080 2306 absolvit,
1109 2278 1147 2301 ac

254 2329 399 2373 reposuit
424 2326 458 2358 in
472 2321 625 2365 Episcopi
648 2318 842 2363 dignitatem
859 2341 866 2349 .
895 2315 938 2349 Et
948 2315 1144 2351 sententiam

256 2377 353 2424 plene
376 2374 511 2411 reverita
525 2371 592 2411 est,
621 2380 682 2404 nec
703 2367 743 2404 ad
755 2376 866 2412 graves
877 2365 1057 2400 multorum
1070 2366 1145 2411 Epi-

258 2432 434 2472 scoporum
458 2420 697 2459 intercessiones
718 2416 867 2462 suspendi
886 2416 970 2463 passa
982 2416 1026 2453 est
1040 2416 1145 2462 Syno-

260 2480 320 2514 dus
334 2471 614 2512 Chalcedonenfis
625 2498 632 2506 .
838 2502 841 2503 γ

312 2529 426 2563 Etiam
450 2523 607 2559 Eusebius
629 2522 770 2566 Dorylei
791 2522 826 2557 in
850 2520 997 2568 Phrygia
1015 2521 1146 2566 Episco-

261 2591 345 2625 pus,
370 2578 406 2611 &
427 2576 548 2621 primus
569 2584 637 2608 tam
660 2573 804 2608 Nestorii
829 2573 926 2614 quam
950 2572 1147 2616 Eutychetis

262 2630 442 2667 accusator,
454 2627 472 2661 a
484 2626 557 2660 data
570 2625 604 2658 in
617 2624 647 2658 se
658 2635 710 2667 per
723 2621 922 2666 Ephefinum
937 2622 1146 2656 latrocinium

260 2675 508 2724 degradationis
535 2674 696 2710 sententia
710 2673 854 2707 Romam
879 2673 1026 2713 accessit,
1051 2673 1149 2716 &ap-

264 2729 398 2774 pellavit
410 2727 450 2762 ad
461 2726 567 2764 solum
578 2724 776 2760 Pontificem
788 2747 800 2764 ,
825 2723 859 2757 δε
870 2721 924 2756 hic
935 2721 976 2756 de
996 2723 1066 2766 ipso
1076 2723 1149 2757 scri-

263 2781 326 2824 psit
339 2778 379 2813 ad
390 2775 628 2821 imperatricem
641 2773 868 2809 Pulcheriam:
896 2775 982 2817 ,Quia
993 2778 1148 2811 novimus,

268 2839 414 2872 quantum
431 2833 495 2869 piae
527 2825 736 2869 sollicitudinis
759 2823 921 2856 Catholicis
945 2822 1168 2892 Sacerdotibus}

270 2877 468 2922 Mansuetudo
477 2876 576 2917 vestra
587 2877 727 2918 dignetur
738 2874 925 2915 impendere,
950 2873 1148 2907 indicandum
1164 2894 1168 2936 Ι

271 2930 324 2973 effe
344 2933 516 2962 curavimus
529 2931 671 2960 Fratrem
691 2926 726 2959 (ψ
740 2921 942 2965 Coepiscopum
956 2922 1080 2962 nostrum
1089 2926 1150 2955 Eu-
1165 2944 1167 2963 ἰ

268 2979 382 3023 sebium
405 2976 547 3020 nobiscum
569 2977 673 3019 degere
684 2999 695 3014 ,
725 2975 759 3008 <9⁴
769 2972 872 3013 nostrae
883 2977 1088 3006 communionis
1099 2973 1150 3015 esse
1164 2969 1168 3033 1

1229 224 1310 254 reat,
1342 216 1486 251 &nullus
1496 223 1522 250 ei
1545 224 1578 250 in
1596 220 1697 260 aliquo
1703 223 1902 262 praejudicare
1918 227 2084 270 praesumat
2094 253 2108 269 ,

1225 267 1312 299 donec
1335 267 1400 299 cum
1424 267 1594 301 litterarum
1614 268 1775 310 nostrarum
1786 274 1829 304 ad
1849 284 1894 307 eos
1912 276 2109 320 prosecutam

1222 322 1400 358 perveniat.
1432 316 1589 352 Notanda
1613 318 1669 354 hic
1688 321 1734 355 est
1755 321 1930 363 Dioscori,
1954 328 2109 364 &omnis

1225 366 1281 410 ipsi
1305 366 1455 400 haerentis
1488 369 1640 404 factionis
1673 370 1829 406 violentia
1852 386 1859 405 :
1886 374 2108 422 Sardicenses,

1225 417 1280 460 qui
1293 417 1448 452 Romana
1470 418 1635 461 pendente
1654 421 1876 465 appellatione
1895 424 1930 458 in
1942 418 2108 470 degradati

1227 465 1381 510 Episcopi
1404 467 1606 505 Cathedram
1630 480 1742 505 vetant
1754 472 1853 506 alium
1873 473 2021 518 imponi,
2048 476 2108 512 Ca-

1224 527 1328 551 nones
1339 519 1572 554 conculcarant
1583 545 1595 563 ,
1621 522 1655 556 ἀ
1663 521 1839 566 appellanti
1850 524 1992 560 Eusebio
2003 526 2109 563 alium

1223 566 1242 600 ὲ
1265 568 1324 602 suo
1347 579 1446 614 grege
1473 571 1735 615 superposueram
1756 598 1763 606 .
1792 572 1949 610 Notanda
1972 578 2046 611 sunt
2072 578 2107 612 &

1223 618 1330 651 Sancti
1357 618 1481 653 Leonis
1509 622 1604 656 verba
1627 637 1638 656 .·
1682 626 1824 657 Fratrem
1849 626 1882 658 (9¹
1901 626 2107 671 coepiscopum

1224 667 1349 707 ntstrum
1371 667 1536 713 Eusebium
1557 671 1699 716 nobiscum
1721 675 1846 717 degere,
1872 676 2018 716 &nostra
2035 689 2110 711 com-

1222 723 1370 752 munionis
1391 720 1442 763 effe
1451 726 1646 765 participem.
1675 723 1754 765 Alte
1765 724 1908 759 clamant
1926 725 2104 763 Eusebium

1223 780 1292 802 non
1319 769 1356 803 in
1379 772 1522 814 generali
1545 773 1704 817 Synodo,
1730 774 1784 809 sed
1807 774 1826 809 a
1851 775 1921 810 solo
1941 775 2106 813 Pontifice

1221 819 1316 854 fuiffe
1339 819 1505 855 redditum
1530 823 1716 868 Episcopali
1737 827 1991 868 communioni,
2016 827 2106 862 &ab

1221 869 1314 903 omni
1339 868 1500 915 Ephefina
1522 874 1680 911 sententia
1701 874 1870 911 liberatum
1895 901 1902 908 .
1930 877 1975 911 Et
1997 876 2104 920 ipsutn

1220 919 1287 955 fine
1308 920 1374 957 ulla
1400 923 1661 960 contradidtione
1681 924 1722 959 ad
1744 927 1923 964 consessum
1944 927 1979 962 &
1996 927 2105 963 suffia-

1217 971 1314 1055 pium
1341 970 1471 1008 admisit
1508 984 1631 1020 magna
1666 975 1819 1019 synodus
1855 974 2104 1013 Chalcedonen-

1229 1032 1255 1055 1s
1268 1045 1276 1055 .

1267 1072 1322 1107 De
1331 1071 1517 1118 degradatis
1527 1087 1582 1119 per
1594 1074 1792 1121 Ephefinum
1800 1078 2009 1125 latrocinium
2023 1079 2102 1124 Epi-

1217 1123 1322 1166 scopis
1343 1123 1385 1157 ad
1398 1124 1548 1159 Leonem
1569 1125 1802 1170 Imperatorem
1824 1129 2035 1175 restescripfit
2047 1133 2100 1166 Se·

1217 1171 1382 1207 bastianus
1406 1172 1606 1218 EpiscoPus:
1632 1181 1716 1212 Inter
1734 1190 1805 1221 quos
1815 1180 1974 1222 nostrorum
1990 1188 2099 1222 tempo·
2113 1181 2163 1220 ΕΡ·
2185 1188 2235 1217 30·

1216 1234 1283 1256 rum
1296 1220 1444 1270 secundus
1465 1223 1558 1265 Abel,
1585 1227 1699 1258 Beatus
1715 1230 2015 1271 flammescatis.
2043 1230 2102 1266 Et*

1215 1273 1305 1307 enim
1327 1273 1522 1309 &militum
1546 1274 1694 1310 violenta
1719 1277 1952 1318 conouffione,
1975 1280 2102 1315 &Dio-

1216 1323 1298 1357 scori
1308 1322 1454 1359 calcibus
1464 1323 1604 1360 obtritus
1620 1324 1750 1370 Epheso
1759 1328 1863 1363 exivit
1875 1352 1886 1369 ,
1912 1329 2103 1373 appellatio-

1215 1371 1266 1407 nis
1287 1373 1350 1407 suae
1372 1372 1503 1409 libellos
1525 1374 1730 1419 Apostolicis
1745 1376 1879 1424 Legatis
1890 1377 2036 1414 Romam
2047 1379 2102 1416 δε-

1213 1423 1394 1467 portandos
1415 1423 1575 1465 tradidit,
1601 1425 1637 1460 et
1660 1426 1731 1470 post
1755 1437 1877 1470 paucos
1899 1428 1971 1463 dies
1992 1429 2038 1464 est
2061 1429 2101 1465 in

1213 1472 1265 1507 via
1286 1472 1418 1516 Mar-tyr
1436 1474 1626 1511 defunctus.
1654 1475 1713 1511 An
1734 1476 1804 1521 ejus
1814 1487 1956 1514 mortem
1965 1479 2100 1516 sanstus

1211 1523 1282 1557 Leo
1305 1522 1415 1558 statim
1440 1523 1661 1567 intellexerit,
1689 1527 1811 1571 ignoro
1829 1542 1840 1562 .-
1867 1528 1945 1572 Ejus
1965 1529 2101 1564 interim

1210 1573 1338 1609 causam
1349 1584 1419 1610 non
1431 1572 1465 1610 in
1476 1575 1622 1618 generali
1633 1600 1645 1618 ,
1656 1609 1658 1611 ,
1672 1576 1727 1612 sed
1737 1577 1825 1614 solus
1841 1579 1877 1612 in
1889 1579 1951 1613 suae
1960 1579 2101 1616 Provin-

1209 1622 1267 1656 ciae
1278 1622 1417 1664 Synodo
1439 1622 1584 1657 diseuffit
1598 1648 1610 1663 ,
1636 1625 1779 1661 reddidit
1801 1628 2038 1671 Episcopatui,
2061 1622 2098 1664 δέ

1208 1670 1251 1705 ab
1271 1672 1367 1706 omni
1378 1681 1543 1715 perperam
1570 1672 1688 1715 injecto
1699 1675 1834 1710 vinculo
1843 1675 2003 1711 absolvit.
2030 1678 2099 1713 Lu-

1209 1718 1281 1754 cide
1293 1720 1329 1755 id
1337 1720 1374 1754 in
1390 1720 1529 1764 laudatis
1542 1721 1583 1755 ad
1595 1721 1824 1759 Theodosium
1836 1725 1952 1761 litteris
1961 1727 2098 1762 testatur

1208 1768 1305 1806 Galla
1331 1767 1500 1803 Placidia:
1527 1773 1592 1802 Tua
1603 1771 1800 1814 Mansuetudo
1817 1780 1916 1808 tantis
1926 1775 2024 1809 turbis
2033 1775 2098 1818 refi-

1201 1818 1283 1858 stens
1298 1843 1309 1860 ,
1338 1825 1500 1857 veritatem
1523 1821 1613 1854 Fidei
1633 1821 1796 1857 catholica
1815 1824 1973 1868 Religionis
1990 1830 2098 1859 imma-

1206 1871 1339 1903 culatam
1353 1867 1478 1912 servari
1491 1875 1654 1913 praeciptat
1666 1894 1690 1912 ,2
1702 1881 1738 1907 ut
1743 1871 1903 1917 secundum
1907 1874 2041 1917 formam
2059 1877 2097 1912 &¹

1206 1918 1406 1960 definitionem
1431 1920 1598 1963 Apollolicae
1616 1923 1703 1957 Sedis
1728 1946 1740 1963 ,
1765 1934 1856 1965 quam
1883 1927 1917 1959 o·
1941 1937 1994 1959 nos
2019 1933 2097 1960 tam·

1204 1979 1295 2011 quam
1311 1971 1534 2010 peacellontem
1553 1970 1691 2012 fimtliter
1716 1983 1895 2008 veneramur
1919 1998 1931 2015 ‚
1957 1980 1990 2007 in
2008 1976 2094 2015 stam

1203 2019 1366 2069 usacerdotii
1379 2018 1474 2062 illaeso
1492 2028 1550 2061 per
1563 2026 1662 2054 omnia
1671 2021 1826 2056 Flaviano
1836 2047 1848 2064 ,
1874 2025 1919 2057 ad
1930 2026 2094 2059 Concilium

1206 2068 1375 2109 apostolica
1397 2070 1488 2106 sedis?
1505 2068 1764 2113 transmittatur'.
1793 2073 1919 2108 Lucide
1941 2073 2093 2110 adfirmat

1206 2116 1411 2152 Flavianum
1431 2128 1490 2160 per
1516 2117 1720 2161 Apostolicae
1743 2122 1836 2156 Sedis
1859 2122 2092 2160 definitionem

1205 2167 1269 2202 else
1290 2166 1475 2203 restitutum
1485 2167 1699 2210 Sacerdotio,
1724 2169 1858 2215 ejusque
1869 2171 2093 2218 statumrogat

1207 2227 1338 2252 manere
1358 2217 1391 2254 &
1404 2217 1517 2255 servari
1527 2217 1680 2253 illaesum.
1708 2220 1812 2268 Qod
1825 2220 1930 2266 ipsum
1939 2221 2094 2259 adfirmat

1206 2266 1463 2302 Valentinianus
1486 2268 1617 2303 tertius:
1644 2271 1831 2311 Beatrffimus
1852 2275 1998 2307 Romanae
2008 2277 2095 2307 Civi-

1205 2323 1284 2353 catis
1307 2316 1470 2362 Epiftopus
1492 2319 1585 2352 locum
1608 2318 1721 2355 babeat
1742 2321 1959 2363 &facultatem
1974 2324 2013 2356 de
2030 2321 2092 2363 fide

1207 2372 1242 2405 Θ·
1260 2368 1469 2404 sacerdotibus
1486 2371 1626 2411 judicare
1651 2396 1658 2404 .
1683 2369 1761 2405 Post
1789 2370 2092 2407 chalcedonensem

1208 2420 1380 2464 synodum
1403 2419 1506 2455 exstat
1525 2421 1642 2455 infelix
1667 2421 1721 2455 lex
1748 2445 1760 2462 ,
1783 2432 1847 2465 qua
1870 2422 2026 2467 Ephefini
2047 2422 2091 2457 la·

1208 2472 1342 2506 trocinii
1365 2471 1448 2505 Asta
1471 2471 1643 2506 confirmat
1663 2470 1895 2514 Theodofius,
1922 2472 2094 2508 Nestoria·

1206 2533 1282 2556 narn
1303 2520 1445 2556 haerefim
1469 2520 1579 2556 denuo
1600 2522 1754 2562 damnat,
1780 2521 1978 2558 Flavianum
2002 2523 2091 2558 Con·

1206 2571 1537 2614 stantinopolitanum
1564 2595 1575 2611 ,
1600 2573 1773 2606 Domuum
1813 2571 2087 2612 Antiochenam,

1208 2622 1384 2656 Eusebium
1399 2621 1640 2664 Dorylaeensem
1651 2644 1663 2660 ,
1689 2619 1946 2655 Theodoretum
1965 2621 2089 2665 Cyren-

1210 2674 1277 2707 sem
1289 2696 1299 2713 ‚
1325 2671 1358 2705 δε
1369 2671 1527 2714 quosdam
1538 2670 1620 2705 alios
1637 2669 1709 2704 istic
1718 2669 1890 2705 damnatos
1906 2670 2087 2715 Episcopos

1209 2723 1244 2757 in
1268 2723 1358 2756 dicrae
1378 2720 1500 2755 haerefis
1518 2721 1669 2756 coecitate
1691 2720 1881 2764 participare
1905 2745 1916 2762 ‚
1943 2721 2089 2766 ideoque

1210 2770 1455 2817 Episcopalibus
1465 2770 1600 2806 Sedibus
1610 2770 1758 2804 adfirmat
1771 2770 1928 2815 indignos
1938 2795 1951 2812 ,
1970 2771 2003 2806 &
2014 2783 2087 2816 pro-

1210 2824 1373 2866 sequitur:
1400 2825 1468 2854 Nos
1491 2827 1582 2865 igitur
1591 2820 1709 2853 sanc‘lae
1732 2819 1887 2862 Ephesinae
1908 2822 2011 2860 synodi
2030 2825 2089 2856 De,

1209 2881 1290 2907 creta
1308 2873 1468 2905 laudamus
1490 2879 1580 2913 atque
1587 2869 1744 2912 firmamus
1757 2896 1767 2911 ,
1793 2870 1870 2904 banc
1881 2871 2086 2906 Ortbodoxam

1206 2923 1299 2967 fidem
1314 2931 1458 2965 putantes
1480 2929 1566 2963 atque
1587 2924 1793 2961 nominantes,
1817 2932 1883 2963 quae
1903 2923 1924 2953 a
1943 2928 2084 2956 trecentis

1210 2975 1306 3007 decem
1328 2975 1361 3007 Θ
1373 2973 1433 3005 otio
1453 2970 1595 3004 Patribus
1617 2970 1743 3012 expoltia
1764 2970 1802 3011 est
1813 2994 1824 3010 ‚
1851 2972 1885 3004 (2⁶
1899 2971 2029 3013 firmata
2048 2978 2091 3016 in*

272 3027 451 3071 consortem,
475 3029 558 3067 cujus
583 3025 818 3059 commendamus
847 3021 1003 3063 Ecclefiam
1023 3046 1034 3062 ‚
1061 3034 1151 3065 quam
1206 3022 1323 3067 sanHis
1335 3023 1495 3062 conciliis,
1523 3031 1589 3063 quae
1599 3020 1712 3062 Ephesi
1726 3029 1901 3064 congregata
1916 3019 2007 3064 sunt.
2037 3021 2084 3057 Et

274 3081 382 3113 dicitur
392 3075 510 3115 vastare
521 3081 572 3117 qui
581 3077 626 3108 illl
647 3074 751 3116 injuste
769 3074 879 3106 dicitur
886 3070 1060 3116 subrogatus
1072 3097 1079 3104 .
1109 3073 1151 3107 Et

278 3131 314 3163 in
335 3126 449 3160 litteris
471 3125 511 3159 ad
525 3125 722 3158 Anatolium
742 3122 1151 3165 Constantinopolitanum

277 3178 496 3221 Episcopum:
525 3174 605 3207 Illud
627 3174 816 3208 Dilec‘lionem
835 3181 919 3207 tuam
936 3173 1009 3216 nosse
1020 3174 1152 3207 volumus

277 3232 424 3262 Fratrem
452 3226 486 3259 &⁵
510 3221 710 3266 Coepiscopum
735 3224 861 3264 nostrum
886 3222 1044 3265 Eusebium
1069 3247 1080 3264 ,
1107 3229 1155 3266 qui

280 3275 368 3320 causa
392 3276 465 3318 fidei
487 3275 581 3307 multa
605 3272 779 3315 discrimina
797 3271 967 3316 laboresque
993 3274 1156 3313 toleravit,

282 3325 427 3369 nobifhum
448 3330 567 3358 interim
588 3324 760 3362 demorari,
788 3324 863 3356 &in
886 3321 977 3361 nostra
1001 3334 1076 3358 nunc
1086 3335 1156 3356 com·

1213 3074 1294 3108 infra
1308 3086 1318 3105 .-
1346 3073 1471 3106 Omnino
1493 3079 1592 3104 autem
1611 3071 1732 3111 nullus,
1757 3070 1950 3113 quiNestorit
1966 3082 2001 3104 ac
2010 3072 2085 3105 Fla-

1213 3128 1320 3163 viani,
1348 3124 1487 3158 &eorum
1499 3127 1549 3162 qui
1564 3120 1637 3164 sunt
1658 3120 1790 3164 ejusdem
1811 3120 1944 3160 haerefis,
1966 3120 2084 3163 finten-

1213 3178 1256 3206 tia
1267 3174 1435 3212 detinetur,
1447 3172 1505 3203 ullo
1514 3173 1596 3204 modo
1609 3169 1773 3214 Episcopus
1786 3172 1935 3205 ordinetur
1945 3194 1953 3201 .
1982 3170 2087 3206 Hanc

1214 3222 1460 3257 infelicissimam
1483 3220 1586 3265 legem
1600 3222 1745 3265 Magnus
1755 3220 1826 3256 Leo
1848 3221 2023 3262 spreverat,
2050 3221 2084 3256 δε

1215 3274 1281 3317 ipsa
1303 3285 1370 3307 non
1390 3269 1537 3305 obstante
1565 3272 1756 3305 Flavianum
1776 3294 1787 3310 ,
1813 3268 2087 3312 Theodoretum,

1215 3332 1311 3367 atque
1338 3320 1514 3355 Eusebium
1542 3320 1724 3355 reddiderat
1751 3319 1961 3363 Episcopatui
1984 3345 1997 3361 ‚
2033 3331 2088 3354 ve-

283 3382 418 3413 munione
436 3372 599 3418 persistere.
627 3375 721 3417 cujus
730 3371 885 3414 Ecclesiam
906 3381 957 3407 tua
963 3371 1154 3416 sollicitudine
1217 3373 1288 3408 rum
1314 3371 1390 3407 illos
1423 3381 1577 3416 reponere
1613 3372 1647 3406 in
1673 3369 1769 3416 Sedes
1794 3368 1877 3405 adeo
1903 3381 1972 3405 non
1998 3379 2093 3412 pote-

1972 3429 2040 3460 rat,
