2366 3756
68 2296 144 2328 Can.
156 2306 200 2328 ιο.

69 2603 143 2643 Cap.
165 2612 208 2633 21.

72 2986 136 3018 Lib.
165 2997 189 3016 1.

72 3025 160 3066 Epist·
181 3037 210 3063 7·

892 113 1386 160 ΒΙετΛτσ-ε.

232 201 278 237 Et
291 191 338 235 ,ex
358 197 423 233 hoc
443 197 584 234 Canone
604 196 754 234 adversus
777 195 900 240 Julium
921 221 935 242 ,
960 196 1109 230 Sannum

232 252 402 291 Leonem,
429 248 618 294 vigilium,
643 259 739 293 atque
759 247 954 282 Honorium
972 244 1113 280 Pontifi-

231 297 394 337 cessatur>
403 298 733 344 Philippopolitana‚
758 297 962 338 Dioscorus,
987 295 1113 330 Astica-

1893 115 1983 162 281

1162 194 1357 238 'Pontificum
1382 217 1394 237 5
1429 199 1520 231 etiam
1554 200 1700 232 meretrici
1725 207 1902 232 communem
1925 199 2059 242 Ecclefiae

1176 245 1268 288 fidem
1293 246 1469 289 defendere
1497 246 1569 281 Nisi
1596 247 1741 284 Romani
1765 248 1918 294 Episcopi
1937 248 2061 285 haeresis

1179 296 1219 330 fit
1244 296 1309 331 toti
1345 296 1475 332 mundo
1498 296 1666 334 manifesta
1692 323 1704 341 ‚
1738 297 1797 334 ista
1824 299 1954 345 Regula
1990 311 2062 361 non

230 351 270 386 ni
280 350 457 395 Episcopi,
483 351 516 385 &
526 352 615 385 sext-a
626 348 779 394 synodus
791 346 1010 391 processerunt
1020 369 1032 387 ,
1058 353 1115 380 aut
1180 344 1278 381 habet
1306 346 1438 381 locum.

232 399 439 436 crediderunt
458 402 490 435 se
511 400 704 445 procedere.
733 397 833 431 Hoc
824 406 905 432 item
918 395 1042 431 modo'
1032 407 1067 429 m
1085 395 1116 428 se

231 450 363 495 perjurii
375 451 425 485 vel
441 448 616 485 homicidii
626 459 716 485 reum
726 448 865 492 potuissit
887 445 1039 491 procedi,
1068 445 1118 479 su-

233 499 291 544 pra
310 500 542 536 confeffusfuit
555 499 736 546 Gregorius
756 497 975 541 quartus.1n
1001 495 1118 530 Ponti·

233 550 331 586 ficem
349 575 362 592 ‚
387 550 445 594 qui
471 551 504 584 se
511 551 629 606 ‘ipsum
656 560 725 585 non
751 547 938 592 degradarat
958 571 970 588 ,
1009 545 1120 580 nullus

204 615 205 618 ¹
234 610 394 647 umquam
428 599 536 643 potuit
560 599 749 643 judicialem
781 597 857 632 dare
898 591 1092 631 seutentiam
1109 619 1121 636 ,

233 650 393 694 generalis
415 657 525 683 tamen
544 650 700 693 Synodus
731 650 854 692 semper
875 647 986 691 potuit
1014 647 1122 680 incur·

231 700 482 735 famaCanone
491 711 621 744 poenam
638 699 815 735 declarare.
841 698 921 733 Hoc
942 697 1035 733 enim
1051 706 1121 731 non

234 750 280 785 est
293 749 407 791 aliud,
431 761 529 793 quam
551 748 889 794 extrufiodegradati.

285 800 400 841 Dico,
420 800 577 833 Generalis
590 800 738 839 synodus:
769 799 817 833 Ea
830 809 973 841 namque
982 796 1119 832 deelara-

238 849 291 893 tio
300 873 312 890 ,
339 850 417 883 licet
427 859 496 883 non
507 849 545 883 sit
557 851 644 884 adius
654 848 886 893 jurisdictionis
896 872 909 889 ‚
928 848 997 882 fieri
1010 857 1121 882 tamen

237 898 336 934 debet
354 899 544 943 adegitima,
557 899 736 943 potestate,
762 897 868 942 qualis
880 899 1021 942 respectu
1036 897 1123 930 Pon-

238 947 337 984 tificis
356 948 402 982 est
424 947 492 982 sola
514 949 676 993 generalis
686 948 840 992 synodus
853 972 860 979 .
886 948 931 981 Et
953 947 1031 981 hinc
1048 943 1122 980 Phi-

237 998 512 1044 lippopolitanam
523 999 699 1033 factionem
709 1022 721 1038 ,
745 998 780 1033 ἀ
791 998 826 1031 N
830 998 967 1030 icaenum
982 996 1124 1030 Diosco-

237 1049 267 1083 τὶ
279 1048 558 1084 Conventiculum
571 1071 584 1088 ‚
607 1058 678 1083 non
698 1047 806 1081 solum
819 1044 909 1092 quod
930 1047 1016 1080 viros
1029 1046 1124 1080 innor

237 1098 335 1142 xios,
361 1100 414 1133 sed
438 1097 610 1143 presertim
630 1097 722 1141 quod
743 1096 845 1132 totius
869 1097 1056 1131 Dominicae
1078 1098 1121 1130 v-i·

237 1159 307 1185 neae
325 1147 472 1184 Praesides
489 1148 689 1196 degradare,
715 1156 771 1182 aut
797 1145 992 1192 degradatos
1019 1145 1124 1180 decla-

236 1204 306 1233 rare
327 1201 554 1240 attentassent,
579 1199 777 1234 damnarunt
799 1196 1000 1232 sardicensis
1016 1197 1122 1239 Syno-

236 1248 298 1283 dus
322 1250 355 1283 ὅ(
367 1248 644 1284 Chalcedonensis
657 1272 663 1280 .
691 1247 817 1282 Eadem
829 1247 870 1281 de
881 1246 978 1280 causa
989 1247 1051 1280 San
1057 1248 1123 1280 stos

238 1298 420 1333 Pontifices
432 1298 674 1342 Sylvestrum&
686 1298 868 1334 Damasum
878 1294 919 1330 de
931 1297 1042 1331 nescio
1054 1296 1122 1341 qui-

240 1348 301 1383 bus
319 1348 476 1393 gravibus
499 1346 694 1383 criminibus
713 1347 966 1383 calumniatores
990 1358 1057 1382 non
1081 1347 1121 1381 ad

238 1397 496 1434 Patriarchalem
518 1398 714 1443 synodum,
740 1398 794 1432 sed
819 1398 860 1432 ad
882 1396 1012 1440 publica
1033 1396 1122 1433 Con-

239 1446 377 1483 stantini
395 1450 431 1484 ἀ
442 1448 591 1494 Gratiani
602 1448 803 1482 Tribunalia
815 1447 1003 1482 detulerunt
1016 1473 1023 1482 .
1052 1448 1124 1482 No-

239 1508 315 1533 rant
336 1499 388 1533 isti
400 1499 538 1540 Synodo
558 1510 619 1532 nec
633 1498 876 1533 declaratricem
900 1509 957 1533 aut
968 1499 1123 1532 executri·

240 1560 316 1583 cem
335 1549 370 1582 in
395 1549 468 1584 suos
489 1547 668 1584 Pontifices
702 1558 886 1592 competere
912 1548 1122 1591 potestatem.

240 1596 371 1633 Vernm
395 1599 434 1633 ad
456 1599 642 1643 generalem
651 1597 826 1641 Synodum
848 1596 978 1640 fatigari
997 1595 1125 1639 Episco-

240 1657 304 1691 pos
324 1648 359 1680 ὅ(
379 1648 482 1681 Laico
502 1647 626 1688 judicio
648 1647 742 1680 subdi
761 1646 974 1680 detrectantes
1001 1644 1123 1679 laudati

239 1696 424 1732 Pontifices
432 1721 442 1738 ,
464 1694 663 1744 severioribus
668 1694 703 1739 fir
713 1694 769 1737 tpfi
770 1697 877 1730 dedere
887 1697 1011 1737 ,iudiciis
1024 1698 1128 1729 Sacer-

238 1747 359 1783 docum.
386 1744 596 1782 Patriarchali
621 1747 681 1780 suae
701 1746 838 1788 Synodo
859 1746 891 1780 se
915 1747 1032 1788 sponte
1054 1746 1126 1780 sub-

239 1796 400 1837 miserunt
410 1822 417 1829 .
442 1797 491 1831 Ita
503 1796 537 1830 in
549 1795 774 1830 Theodofiani
786 1795 923 1831 Codicis
940 1795 1025 1841 apud
1037 1795 1125 1839 Jaco-

239 1845 322 1881 bum
335 1846 545 1884 Sirmondum
559 1845 752 1891 Appendice
774 1846 884 1883 scribit
894 1847 935 1882 ad
949 1847 1124 1891 Imperato-

236 1908 313 1931 tem
345 1896 544 1932 Gratianum
578 1896 735 1941 posterior
767 1897 922 1933 Romana
947 1897 1122 1941 Synodus.

238 1947 370 1981 Eadem
389 1947 431 1981 de
450 1948 546 1982 causa
570 1949 740 1983 accusatus
765 1947 851 1993 apud
870 1946 1123 1983 Theodoricnm

220 1995 343 2031 ‘Italiae
353 1996 483 2042 Regem
495 1996 711 2041 Symmachus
721 1997 879 2032 Pontifex
905 1998 967 2032 suae
979 1999 1009 2031 se
1020 1999 1126 2042 Syno-

239 2046 286 2081 do
303 2046 396 2081 dedit
417 2047 672 2084 examinandum
686 2074 693 2081 .
719 2047 815 2082 Hinc
839 2048 919 2082 item
939 2046 982 2082 ab
993 2048 1124 2091 Episco-

239 2096 275 2140 pi
288 2119 309 2137 ,-
325 2097 569 2143 Metropolitae,
596 2098 810 2136 Patriarchae,
836 2099 1041 2138 atqueetiam
1055 2097 1124 2128 Ro-

238 2147 331 2184 mani
352 2148 546 2186 Pontificis‚
572 2146 613 2179 de
626 2147 751 2179 incursa
773 2145 818 2179 ob
835 2146 959 2178 crimen
972 2143 1125 2188 degrada-

241 2196 336 2228 tione
358 2196 495 2236 famosi,
519 2195 758 2229 communione
779 2192 913 2238 quidem
937 2195 968 2227 se
987 2195 1124 2228 secerne-

239 2244 301 2279 bat
320 2244 403 2278 olim
424 2244 564 2288 populus
585 2254 641 2279 aut
652 2245 790 2284 eleros,
818 2255 918 2278 nemo
928 2254 1039 2279 tamen
1054 2243 1125 2278 sub-

240 2293 332 2328 ditus
343 2295 567 2338 poteratipsos
587 2294 605 2327 ὲ
618 2293 742 2329 throno
751 2294 939 2328 deturbare.
966 2294 1125 2343 Qinim·

242 2343 302 2379 md
319 2355 355 2377 ut
376 2354 453 2378 ante
465 2344 618 2389 legitimae
630 2344 757 2387 Synodi
779 2343 1027 2378 declaratoriam
1054 2345 1125 2378 sen-

243 2394 382 2428 tentiam
407 2394 514 2428 nullus
534 2395 676 2428 omnino
696 2393 846 2428 adversus
868 2396 961 2430 suum
986 2392 1124 2428 Patriar-

242 2442 341 2479 cham
361 2450 499 2478 attentet
523 2443 616 2478 istam
638 2444 867 2483 secretionem,
894 2455 935 2477 ex
947 2444 1046 2478 causis
1058 2445 1126 2478 san-

242 2494 295 2527 xit
316 2496 427 2528 odiava
447 2494 601 2537 Synodus
621 2519 628 2526 .
657 2494 701 2528 Et
727 2492 877 2538 adjungit
905 2494 945 2529 de
967 2494 1123 2528 Romano

241 2543 430 2578 Pontifice:
456 2546 488 2576 5}
499 2546 629 2583 synodus
639 2542 818 2586 universalis
823 2543 923 2585 fuerit
935 2554 1124 2587 congregata,

241 2593 374 2634 &sabla
385 2593 485 2635 fuerit
505 2600 595 2626 etiam
618 2593 773 2635 desanc‘la
791 2597 986 2627 Romanorum
999 2593 1124 2635 Ecclesia

243 2648 364 2685 quaevis
384 2643 569 2686 ambiguitas
591 2642 849 2685 &controverfia‚
872 2652 980 2685 oportet
1003 2656 1122 2678 venera-

243 2693 342 2725 biliter
371 2695 404 2726 (9¹
424 2704 487 2725 cum
508 2699 690 2726 convenienti
725 2699 891 2726 reverentia
918 2696 955 2727 de
976 2694 1123 2737 propofita

245 2741 548 2785 qccaestr‘oneJE-ifiitari
563 2767 574 2782 ‚
599 2742 809 2785 &solutionem
828 2750 971 2785 accfioere.
1001 2746 1122 2792 Qern-

245 2792 298 2827 vis
320 2792 464 2825 Romani
482 2792 632 2836 Episcopi
654 2793 778 2837 lapsum
801 2805 868 2827 non
882 2793 936 2826 nisi
950 2794 967 2826 a
980 2796 1122 2838 generali

239 2842 385 2886 Synodo
405 2842 565 2884 permittit
587 2842 666 2877 duci
685 2843 722 2877 in
743 2855 899 2878 examen.
929 2844 970 2877 Et
993 2844 1068 2877 hinc
1081 2845 1120 2879 de

242 2893 362 2928 animae
384 2902 438 2934 per
448 2889 586 2925 haerefim
607 2902 711 2928 morte
723 2905 790 2927 non
804 2894 933 2937 penitus
955 2894 1037 2928 reste
1050 2896 1120 2929 scri-

244 2943 306 2986 psit
326 2941 366 2976 ud
379 2941 570 2975 Paschalem
594 2942 771 2979 secundum
783 2943 979 2978 Pontificem
998 2946 1122 2979 Goffie-

244 2992 306 3026 dus
318 2990 429 3024 Abbas
440 2990 693 3027 Vindocinensis
704 3007 715 3026 .·
742 2996 842 3035 Hujus
863 3000 964 3027 mortis
977 2996 1121 3029 nullorem

243 3042 299 3076 vel
319 3042 496 3080 noviffimum
518 3040 648 3083 Ecclefiae
668 3044 828 3077 membrum
849 3046 985 3082 credere,
1011 3045 1125 3087 etiamst

246 3090 349 3131 Pastor
372 3092 536 3129 videatur,
561 3103 662 3124 errare
683 3091 739 3133 est.
766 3099 841 3129 Huic
852 3101 940 3128 errori
950 3100 1122 3138 quicumque

243 3140 400 3184 dnhaeserit
413 3166 424 3182 ‚
449 3140 605 3174 merebitur
615 3141 653 3175 ab
665 3140 730 3184 ipsa
741 3149 816 3177 vltae
832 3146 931 3178 radice
942 3144 1120 3188 praefiindi.

246 3192 428 3225 Tolerandus
451 3192 569 3234 quidem
591 3191 629 3231 est
646 3191 769 3233 Pastor,
794 3203 826 3226 ut
839 3199 984 3228 Canonet‘
999 3198 1121 3236 dicunt,

242 3250 301 3285 pro
322 3241 455 3283 reprobis
471 3240 616 3280 moribus,
634 3240 666 3282 fi
681 3245 752 3275 vero
774 3245 989 3279 exorbitaverit
1010 3259 1030 3278 a
1019 3246 1121 3288 fide

1178 1797 1243 1832 >Ex
1259 1795 1415 1832 solaitem
1432 1796 1537 1831 haerefi
1565 1799 1594 1832 se
1607 1796 1773 1843 degradari
1788 1799 1877 1841 posse
1889 1823 1901 1838 ‚

1231 395 1398 441 Antiqua*
1389 396 1521 430 interim
1532 420 1544 437 ,
1568 409 1639 442 quae
1652 399 1836 444 Episcopos
1846 397 1892 434 ob
1906 400 1992 435 varia
2004 398 2064 435 cri·

1178 446 1271 481 mina
1294 446 1410 490 dejecit
1432 445 1473 481 ad
1485 446 1627 487 Laic0s‚
1651 449 1706 484 seu
1728 450 1799 493 ipso
1810 451 1895 485 facto
1910 449 2062 496 degrada-

1182 495 1230 529 vit
1255 496 1464 540 ,disciplina
1487 494 1552 539 jam
1575 498 1700 541 pridem
1725 500 1836 534 laxata
1856 501 1943 542 est,
1967 501 2001 534 ὅτ.
2021 498 2064 534 ad

1182 545 1285 579 solam
1297 546 1362 580 fere
1373 545 1514 581 haerefim
1527 550 1710 583 contradi-a.
1732 549 1826 583 Hinc
1837 550 1987 594 legitime
1995 561 2066 594 pro·

1160 608 1162 610 >
1184 605 1294 629 motus
1315 596 1475 631 Pontifex
1494 596 1540 631 ob
1557 598 1663 633 solum
1676 598 1773 633 istum
1784 599 1931 643 lapsum
1923 611 1989 642 Jam
2003 600 2067 643 pri-

1182 645 1260 679 dem
1272 645 1367 689 point
1378 646 1507 680 extrudi
1519 671 1526 678 .
1553 648 1657 695 Qod
1668 648 1899 692 ipsum&illi‚
1918 649 2066 693 quicum·-

1184 706 1248 738 que
1271 694 1367 738 jama
1382 694 1527 741 pluribus
1548 698 1670 732 saeculis
1690 698 1869 734 Pontifices
1890 698 2066 744 degradare

1184 753 1371 788 tentarunt,
1398 746 1472 780 sunt
1482 747 1586 790 palam
1599 748 1748 791 profeffi:
1779 750 2066 793 Haeresimsempet

1185 796 1362 838 posuerunt
1373 796 1422 830 sui
1434 795 1595 831 Attontati
1606 798 1641 831 δε
1652 807 1789 832 conatus
1799 798 2063 834 fundamentum.

1186 845 1320 880 Etenim
1332 846 1514 881 Nicolaum
1536 848 1698 890 primum,
1726 858 1901 892 antequam
1913 847 2069 893 degrada*

1185 905 1233 929 ret
1244 919 1258 936 ,
1281 895 1325 931 de
1336 898 1422 932 varia
1445 895 1550 931 haerefi
1563 899 1729 933 accusavit
1749 900 1849 933 etiam
1859 899 2067 942 praesumptor

1185 943 1344 981 Photius.
1373 947 1418 981 Et
1442 947 1528 981 inter
1549 948 1687 983 crimina
1707 973 1719 990 ‚
1748 948 1794 983 ob
1814 960 1885 993 quae
1907 949 2067 992 Ioannem

1184 994 1417 1031 duodecimum
1428 998 1559 1032 extrusit
1571 997 1723 1033 Romana
1736 999 1891 1042 Synodus
1902 1023 1912 1039 ‚
1936 1000 2068 1033 fuerunt

1185 1046 1219 1079 &
1239 1043 1276 1078 hi
1297 1047 1424 1080 articuli
1446 1061 1457 1080 .-
1484 1050 1581 1090 ,Quod
1600 1050 1719 1084 Diaboli
1740 1056 1774 1083 in
1802 1049 1937 1083 bonorem
1960 1054 2068 1082 vinum

1184 1094 1313 1138 biblffet.
1339 1097 1475 1139 ,Quddin
1488 1098 1561 1130 ludo
1572 1099 1672 1140 alea»,
1690 1104 1723 1145 J
1726 1105 1815 1141 ovis,
1842 1102 1984 1140 Veneris,
2012 1109 2069 1132 cae-

1185 1154 1365 1188 terarumque
1376 1149 1550 1180 Daemonum
1558 1150 1705 1181 auxilium
1717 1149 1883 1192 poposcisset
1893 1175 1901 1182 .
1931 1150 1974 1184 Et
1990 1149 2070 1183 Gre-

1185 1195 1282 1240 gorio
1303 1197 1442 1240 septimo
1462 1207 1530 1230 non
1544 1197 1753 1231 solummodo
1777 1199 2045 1233 Necromantiam
2059 1221 2071 1236 ,

1185 1247 1218 1279 δε
1240 1246 1305 1280 alia
1331 1245 1482 1281 adversus
1507 1245 1606 1281 fidem
1627 1246 1790 1282 horrenda
1813 1249 1960 1282 facinora
1979 1272 1989 1289 ,
2017 1246 2071 1281 sed

1185 1296 1285 1330 etiarn
1298 1295 1571 1342 Bereugarianam
1590 1294 1728 1331 haerefim
1739 1321 1762 1339 ,‚
1776 1309 1814 1332 ac
1831 1299 1984 1332 dolosum
2006 1297 2079 1340 ejus.

1186 1346 1406 1390 patrocinium
1434 1347 1572 1391 impegit
1607 1347 1761 1390 synodus
1797 1348 2068 1383 Wormatiensis.

1186 1397 1237 1432 Ita
1260 1396 1405 1431 habesin
1428 1397 1781 1432 criminatoriolibello
1793 1397 1978 1432 Cardinalis
1991 1398 2075 1431 Ben-

1188 1448 1287 1482 nonis
1310 1469 1321 1487 ,
1347 1458 1385 1481 ac
1408 1447 1443 1480 in
1467 1445 1640 1481 Chronico
1666 1447 1809 1482 Abbatis
1835 1447 2071 1493 Uspergensis.

1189 1498 1232 1531 Et
1254 1505 1291 1529 ut
1312 1495 1505 1530 Paschalem
1528 1495 1708 1532 secundum
1739 1497 1983 1542 degradandum
2006 1509 2074 1541 per-

1188 1546 1355 1584 suaderet,
1388 1545 1524 1578 Laicam
1548 1544 1746 1579 Antiflitum
1769 1547 1993 1582 investituram
2012 1549 2076 1581 effe

1190 1594 1332 1629 haeresim
1351 1592 1468 1628 docuit
1490 1594 1632 1637 Joannes
1645 1594 1926 1641 Archiepiscopus
1938 1595 2074 1641 Lugdu-

1190 1646 1313 1680 nensis.
1340 1645 1453 1690 Qam
1466 1644 1658 1688 opinionem
1671 1646 1784 1681 falsam
1796 1647 1928 1681 credens
1943 1649 2077 1683 Saniius

1190 1696 1249 1729 lvo
1271 1696 1478 1730 Carnutenfis
1490 1696 1670 1740 Episcopus
1690 1698 1876 1731 constanter
1901 1698 2002 1732 etiam
2015 1697 2075 1731 do-

1188 1747 1258 1782 cuit
1278 1745 1320 1780 de
1342 1746 1399 1781 issa
1432 1746 1668 1792 degradatione
1693 1758 1732 1781 ne
1757 1748 1808 1783 vel
1837 1747 2073 1792 cogitandum.

1927 1799 2024 1842 supra
2033 1798 2075 1832 ad

1190 1845 1381 1892 Philippum
1403 1846 1590 1892 Augustum
1617 1849 1736 1892 scripsit
1772 1849 1990 1883 Innocentius
2017 1858 2075 1882 ter-

1187 1898 1267 1932 tius.
1294 1898 1404 1932 Etiam
1428 1899 1462 1932 in
1479 1899 1692 1933 Bonifacium
1713 1900 1883 1940 ostavum,
1913 1899 2075 1943 Ioannem
2120 1916 2125 1919 -

1188 1948 1379 1992 vigefimum
1399 1949 1599 1989 secundum,
1632 1960 1671 1983 ac
1699 1949 1887 1994 Eugenium
1901 1959 2053 1995 quartum
2066 1973 2077 1989 ‚

1188 2008 1271 2042 quos
1294 2008 1350 2032 aut
1374 1996 1550 2043 degradare
1573 2008 1775 2034 attentarunt
1795 2010 1851 2034 aut
1876 1999 2078 2043 postularunt

1187 2046 1432 2091 degradandos,
1460 2050 1582 2082 variam
1595 2047 1735 2083 haerefim
1750 2048 1942 2092 objecerunt
1954 2048 2080 2093 Philip-

1189 2107 1248 2139 pus
1269 2094 1412 2130 Pulcher
1435 2097 1636 2130 Francorum
1649 2098 1744 2138 Rex,
1772 2097 1964 2134 Ludovicus
1985 2111 2080 2143 quar-

1189 2156 1240 2178 tus
1262 2144 1466 2186 Imperator,
1492 2145 1526 2178 ὅ(
1551 2144 1706 2186 Synodus
1730 2123 1911 2181 l’3asileensis
1935 2173 1942 2180 .
1973 2149 2079 2188 Dixi,

1189 2195 1337 2238 Legitimb
1354 2202 1504 2236 promotus
1532 2193 1674 2235 Pontifex
1695 2207 1702 2226 :
1733 2195 1835 2242 Quod
1858 2197 1950 2229 enim
1974 2199 2078 2234 mani-

1188 2244 1267 2279 festa
1292 2245 1451 2284 intrusio,
1477 2237 1732 2287 dub-iaqueitem
1756 2244 2005 2281 &schismatica
2017 2248 2078 2281 ele-

1186 2295 1251 2329 ἂίο
1272 2293 1407 2337 judicari
1419 2294 1498 2339 poss
1502 2303 1539 2329 nt
1567 2294 1609 2329 ab
1624 2294 1769 2329 Ecclesia
1781 2318 1792 2335 ‚
1817 2297 1876 2330 suo
1888 2295 1964 2331 loco
1975 2308 2074 2341 expo-

1192 2355 1305 2379 netur.

1237 2395 1291 2429 De
1312 2392 1458 2438 judiciali
1480 2394 1641 2428 sententia
1662 2394 1733 2440 agit
1756 2396 2076 2439 praesensDiaatus,

1187 2446 1360 2489 ipsumque
1381 2445 1580 2479 confirmant
1602 2455 1670 2488 quae
1692 2445 1862 2481 adversum
1885 2447 2076 2482 Eusebianae

1189 2496 1223 2529 in
1246 2493 1556 2537 philippopolitano
1578 2494 1754 2529 Conventu
1775 2497 1927 2531 factionis
1956 2522 1966 2536 ,
1994 2499 2076 2532 Dio-

1188 2546 1271 2580 scoti
1294 2542 1487 2579 Patriarchae
1512 2544 1732 2580 Alexandrini
1752 2571 1762 2586 ‚
1790 2548 1823 2581 &
1846 2545 1959 2581 Photii
1985 2547 2077 2581 Con·

1191 2594 1476 2638 stantinopolitani
1500 2593 1667 2629 audaciam
1682 2620 1693 2635 ,
1720 2595 1804 2631 &de
1831 2597 1925 2631 fextae
1948 2597 2076 2640 Synodi

1188 2647 1221 2679 in
1235 2645 1426 2680 Honorium
1438 2646 1583 2679 Decreto
1607 2646 1675 2679 dixi
1689 2647 1860 2681 suislocis.
1892 2649 1932 2680 Se
1947 2647 2073 2689 injudi-

1186 2697 1274 2730 cium
1288 2696 1393 2730 vocari
1407 2707 1476 2729 non
1488 2696 1587 2738 posse,
1602 2706 1659 2729 nec
1672 2696 1774 2730 solam
1787 2699 1874 2731 suam
1888 2698 2072 2740 personam,

1187 2746 1240 2780 sed
1253 2756 1313 2780 nec
1325 2746 1417 2780 suum
1430 2745 1589 2788 judicium
1607 2746 1692 2788 posse
1705 2747 1722 2780 a
1734 2758 1899 2791 quoquam
1910 2746 2046 2789 judicari
2060 2771 2071 2787 ‚

1186 2797 1237 2830 uti
1259 2807 1325 2830 rem
1337 2796 1400 2830 toti
1422 2795 1493 2829 orbi
1506 2795 1733 2837 manifestam,
1761 2797 1948 2831 constanter
1962 2798 1997 2830 in
2023 2797 2073 2831 lit-

1187 2845 1261 2880 teris
1282 2845 1322 2881 ad
1343 2845 1499 2880 Faustum
1521 2845 1720 2890 Magistrum
1744 2870 1755 2885 ,
1782 2847 1815 2880 δε
1837 2847 1878 2881 ad
1900 2846 2074 2881 Dardaniae

1192 2897 1370 2940 Episcopos
1396 2896 1535 2930 affirmat
1561 2897 1696 2931 Samiius
1724 2896 1872 2930 Gelafius
1900 2922 1906 2929 .
1942 2896 2073 2940 Nempe

1187 2947 1311 2990 lapsum
1330 2947 1363 2981 se
1387 2946 1421 2979 in
1434 2946 1556 2980 crimen
1572 2970 1582 2986 ‚
1608 2946 1662 2980 cui
1676 2947 1795 2981 Canon
1821 2948 1890 2989 ipso
1902 2947 1987 2979 faCto
2002 2958 2071 2981 non

1186 2996 1308 3041 infligit
1331 2994 1617 3041 degradationem.
1646 2997 1699 3030 De
1718 2996 1876 3038 ejusmodi
1911 2996 1999 3038 lapsu
2022 3007 2074 3030 ac-

1142 3075 1147 3081 2
1184 3048 1314 3082 cusatus
1337 3046 1446 3089 postea
1471 3046 1533 3080 fuit
1547 3047 1648 3079 etiam
1659 3046 1876 3088 Symmachus
1889 3046 2046 3080 Pontifex
2059 3072 2070 3087 ‚

1186 3097 1324 3139 ideoque
1336 3098 1370 3130 in
1385 3096 1609 3140 Apologetico
1630 3095 1695 3135 ejus
1708 3095 1822 3130 libello
1835 3096 1944 3130 scribit
1959 3097 2070 3130 Enno-

1164 3161 1168 3180 ι
1187 3146 1259 3180 dius
1282 3157 1362 3180 tunc
1393 3147 1564 3181 Diaconus
1587 3145 1774 3181 Ticinensis
1797 3159 1804 3178 ε
1832 3147 1964 3178 Aliorum
1985 3146 2071 3186 forn?

1190 3196 1336 3228 bominum
1347 3194 1421 3238 caus
1416 3209 1450 3229 as
1467 3200 1544 3229 Deus
1558 3196 1650 3230 voluit
1662 3196 1791 3230 homines
1814 3201 1992 3233 terminare,
2012 3194 2072 3238 sed

1182 3245 1267 3291 fi’dis
1289 3250 1431 3279 Romana-
1447 3245 1590 3288 Praesules
1598 3244 1651 3289 suo
1671 3244 1689 3280 Γ
1678 3258 1725 3281 ne
1739 3246 1888 3288 quaestione
1900 3243 2070 3288 reservavit

240 3294 310 3334 jam
333 3303 389 3324 non
410 3290 447 3332 est
472 3291 607 3331 Pastor,
628 3289 686 3334 sed
709 3292 899 3336 adversarius
921 3320 932 3336 ‚
957 3297 977 3328 ἆ
997 3297 1122 3339 quolibet
1167 3295 1328 3329 arbitrio.
1357 3296 1452 3329 Voluit
1465 3299 1556 3330 Beati
1572 3300 1659 3330 Petri
1672 3297 1794 3339 Apostoli
1807 3298 1976 3339 successores
1991 3296 2069 3327 coelo

242 3350 425 3384 peccatore,
451 3341 570 3375 tantum
589 3341 738 3375 catholico
759 3367 770 3384 ‚
795 3344 981 3379 detestandus
1006 3372 1011 3378 .
1042 3350 1122 3379 Licet
1167 3335 1307 3381 {tannim
1330 3346 1433 3380 dobere
1453 3352 1672 3387 innocentiam,
1697 3345 1913 3390 &subtiliffimi
1937 3344 2068 3387 discusso-

246 3397 361 3433 enlm‚
393 3390 551 3434 secundum
582 3389 751 3434 sachorum
776 3396 903 3429 Decreta
927 3398 1123 3431 Romanorum

346 3440 451 3482 christ&
456 3445 536 3489 Lupi
547 3447 634 3484 oper.
648 3445 724 3476 Tom
729 3447 765 3476 V.

1168 3382 1232 3430 ¹ris
1271 3397 1409 3440 indagini
1450 3399 1630 3431 inviolatam
1666 3396 1803 3432 exhibere
1841 3394 2061 3437 conscientiam.

1540 3447 1571 3480 A
1596 3458 1613 3479 a
1666 3457 1685 3493 3
1885 3444 2019 3491 Insigni·
