2366 3756
922 115 1411 158 DrcrATns.
1920 131 2011 171 ⁹69

1918 151 1935 176 2

240 202 462 244 ⁸i·intJoanncs
477 198 664 232 Antiochiae
680 195 911 231 Patriarcha&
933 197 1007 240 ejus
1028 208 1140 230 nume·
1183 198 1293 241 ⁴{psum
1321 196 1612 232 istius'aiumtaxac
1640 199 1809 241 personae.
1848 198 1893 232 Et
1937 199 2014 233 hinc
2053 199 2087 234 in
2123 195 2259 236 Int'ellfgt

248 251 400 286 rosiffima
423 250 604 283 Orientalis
630 247 808 291 Synodus,
833 245 1058 281 demonstrant
1084 249 1142 289 Sy-

246 301 380 335 nodales
391 301 521 335 litterae.
551 298 681 344 Nempe
697 307 816 332 norant
839 296 999 330 Romanae
1028 297 1138 331 Eccle-

247 353 295 385 siae
306 352 405 386 fidem
418 350 481 384 esse
494 348 702 384 immobilem
714 372 725 389 ‚
745 347 779 381 δε
793 346 946 381 adversus
959 347 1059 390 ipsam
1072 357 1140 380 non

248 402 308 435 nisi
331 401 446 436 frivole
465 400 641 443 appellari.

296 453 460 495 Antiquas
483 448 657 484 Valentini
683 459 721 482 ac
743 446 945 490 Apollinarii
968 445 1076 481 sordes
1096 455 1149 479 re-·

246 504 431 546 sumpturus
455 498 743 533 Archi-Mandrita
767 496 937 539 Eutyches
956 522 967 538 ,
996 507 1054 540 pro
1080 497 1142 529 suis

249 564 303 595 per
320 553 475 586 sanetum
487 551 580 584 suum
595 549 797 592 Episcopum
810 547 1007 581 Flavianum
1020 558 1057 580 ac
1073 546 1141 588 ejus

247 594 657 644 Constantinopolitanam
682 597 857 641 Synodurn
872 597 1037 631 damnatis
1059 606 1141 629 erro·

248 652 337 685 ribus
350 652 450 686 etiam
471 650 567 684 omni
593 659 660 683 arte
682 647 810 683 studuit
831 648 998 693 Magnum
1020 645 1141 689 Papam

250 701 402 735 Leonem
423 698 711 735 circumscribere.
739 698 872 731 Etenim
884 696 918 730 in
945 696 1090 730 facienda
1101 695 1142 729 ad

245 752 353 794 *ipsum
373 751 532 786 relatione
563 748 717 793 praevenit
740 746 933 782 Flavianum
948 770 958 786 ‚
987 746 1080 779 illum
1093 755 1142 781 ac·

249 802 374 835 cusavit
387 801 428 835 de
442 799 662 834 Antecefforis
674 797 856 840 nuperrime
870 808 924 840 per
946 795 1141 839 Ephesinam

249 851 422 891 synodum
435 849 581 884 damnati
595 848 741 882 Nestorii
755 847 916 891 contagio
928 871 938 887 ,
966 844 1141 889 appellavit

246 900 290 934 ad
305 898 694 944 Apostolicumtribunal
710 922 720 937 ‚
747 898 780 931 δι
805 896 923 932 deisto
942 896 1027 939 apud
1052 895 1142 929 Con-

219 966 228 972 *
250 950 580 994 ssantinopolitanam
618 948 792 992 praesertim
829 946 997 982 civitatem
1035 954 1141 978 errore

250 1000 386 1034 anxium
411 997 610 1034 Pontificem
635 998 680 1031 ita
698 998 792 1030 novit
811 995 1055 1029 circumducere
1069 1016 1079 1031 ‚
1105 1003 1139 1027 ut

249 1049 303 1083 hic
322 1051 357 1083 ὃς
374 1049 567 1083 Flavianum
590 1046 631 1080 de
659 1046 761 1078 nimia
787 1044 872 1078 circa
899 1042 1082 1081 faciendam
1100 1053 1142 1075 re·

250 1100 410 1134 lationem
434 1109 525 1132 mora
549 1097 667 1131 acriter
679 1095 884 1137 increparet,
910 1092 1142 1127 &rescriberet

250 1150 290 1183 ad
315 1147 568 1183 Haerefiarcharn
592 1145 865 1179 calumniatorem
891 1154 898 1174 :
925 1143 1142 1175 solicitudinem

249 1190 333 1231 taam
356 1210 393 1231 ex
410 1197 466 1234 bac
484 1205 574 1238 parte
593 1194 676 1227 nobis
687 1192 823 1236 placuisse
842 1190 1024 1235 rescribimus
1041 1216 1051 1231 ,
1078 1203 1143 1233 quo-

249 1254 333 1281 nlam
358 1249 451 1280 index
478 1251 576 1278 animi
596 1249 640 1277 tui
668 1244 705 1283 est
738 1242 837 1286 sermo
861 1267 872 1283 ,
908 1253 993 1284 quem
1025 1241 1143 1284 sumpsi·

248 1309 315 1330 mus
341 1323 347 1330 .
386 1298 471 1330 Unde*
509 1307 566 1328 non
606 1294 784 1338 ambigimus
811 1292 955 1326 aucqorem
982 1290 1143 1326 Catholicae

244 1347 320 1389 fidei
343 1350 504 1380 Dominum
534 1345 592 1378 tibi
616 1351 650 1378 in
664 1343 798 1377 omnibus
808 1342 1004 1384 adfuturum.
1032 1342 1143 1378 Etiam

250 1397 321 1439 post
346 1397 455 1431 Sansti
480 1395 631 1430 Flaviani
658 1395 692 1428 in
716 1396 748 1428 se
773 1392 933 1435 judicium
958 1392 1000 1426 ab
1026 1391 1143 1425 eodem

251 1447 417 1481 Pontifice
454 1447 694 1482 confirmatum
734 1454 804 1477 non
839 1443 971 1477 ceffavit
1010 1439 1145 1474 dolosus

251 1496 347 1530 senex
375 1497 480 1540 ipsum
507 1504 656 1530 tentare.-
686 1493 817 1538 Utique
828 1493 868 1527 ad
886 1491 1143 1534 issudjudicium

251 1546 565 1582 circumducendum
594 1571 602 1579 .
638 1543 682 1580 Et
707 1543 796 1577 hunc
814 1543 849 1576 in
874 1544 974 1576 finem
995 1541 1145 1577 obtinete

251 1595 374 1630 studuit
402 1596 565 1631 auxilium
588 1593 696 1630 Sancti
722 1594 811 1627 Petri
824 1590 1048 1636 Chrysologi,
1073 1590 1144 1646 Me-

249 1647 413 1686 tropolitae
438 1645 643 1679 Ravennatis
654 1668 664 1682 ,
690 1644 836 1674 sermone
849 1643 881 1674 &
892 1651 990 1683 opere
1000 1647 1146 1683 potentis

250 1694 285 1727 ὅ(
306 1693 477 1737 gratiffimi
500 1692 585 1736 apud
621 1690 787 1733 Magnum
812 1690 959 1722 Leonem
981 1715 987 1721 .
1018 1688 1144 1730 Nempe

251 1752 347 1776 norat
369 1742 530 1775 Romana:
558 1738 704 1772 Ecclesiae
726 1737 887 1779 judicium
917 1737 980 1771 esse
1005 1737 1143 1782 suidog-

251 1791 348 1825 matis
375 1801 431 1824 aut
459 1791 560 1824 vitam
588 1797 645 1822 aut
672 1797 811 1821 mortem
835 1810 843 1819 .
890 1784 939 1820 At
963 1787 983 1821 a
1008 1784 1142 1823 laudato

251 1841 349 1875 Petro
371 1838 517 1874 obtinuit
530 1838 595 1873 hoc
609 1837 765 1874 unicum:
791 1841 828 1870 In
845 1837 978 1871 omnibus
989 1836 1142 1871 hortamur

251 1902 302 1930 te,
332 1894 444 1923 Frater
464 1887 665 1928 honorabilis,
693 1896 727 1921 ut
754 1887 824 1928 bis,
851 1899 919 1930 quae
945 1890 965 1920 ci
993 1888 1143 1928 beatiffimo

251 1944 342 1982 Papa
367 1944 511 1973 Romanae
535 1943 673 1973 civitatis
699 1936 815 1981 scripta
832 1937 904 1982 sunt
929 1961 940 1977 ,
977 1937 1143 1972 obedienter

250 1991 411 2024 attendas.
441 1990 485 2024 Et
508 1988 629 2024 exhinc
653 1987 751 2031 coepit
772 1989 806 2022 in
830 1987 1059 2031 Apostolicam
1082 1987 1143 2021 Ca-

250 2039 402 2074 thedram
433 2040 576 2073 insanire
603 2062 610 2071 .
638 2037 773 2071 Etenim
795 2036 951 2081 proscidit
969 2036 1038 2079 ejus
1063 2035 1143 2078 judi-

253 2091 345 2124 cium
362 2113 373 2128 ,
400 2089 573 2131 appellavit
600 2087 640 2119 ad
652 2087 804 2129 generale
816 2086 1028 2124 Concilium,
1055 2088 1142 2126 Apo-

252 2139 385 2172 stolicos
414 2137 496 2170 istuc
516 2137 659 2180 Legatos
681 2134 806 2168 curavit
829 2133 960 2168 excludi
1001 2134 1020 2167 a
1044 2134 1143 2176 praefi-

254 2188 367 2222 dentia
381 2211 392 2227 ,
418 2197 455 2220 ac
468 2187 600 2220 tandem
611 2183 679 2226 ejus
692 2185 784 2218 causa
798 2184 980 2217 Dioscorus
998 2182 1141 2218 Alexan-

253 2237 328 2271 driae
342 2236 527 2270 Patriarcha
551 2236 586 2269 in
601 2236 766 2279 Magnum
779 2233 901 2277 Papam
913 2233 1060 2267 Leonem
1070 2245 1141 2276 prae—

253 2288 388 2331 sumpsit
414 2284 772 2321 excommunicationis
791 2284 981 2318 convicium
1006 2283 1140 2317 latrare.

255 2337 300 2371 Et
323 2334 411 2381 quod
433 2335 501 2370 haec
530 2334 640 2369 omnia
669 2334 836 2382 Magnum
869 2332 1139 2368 Chalcedonense

256 2386 448 2421 Concilium
459 2397 527 2420 non
541 2386 713 2419 dumtaxat
726 2383 949 2424 damnaverit,
977 2384 1029 2417 sed
1041 2384 1138 2416 etiarn

257 2441 365 2477 Leonis⁴
379 2440 499 2468 Tomum
513 2460 524 2476 ,
550 2436 583 2469 id
595 2436 640 2469 est
655 2459 665 2474 ,
677 2435 745 2478 ejus
756 2434 796 2468 de
810 2432 1018 2475 Eutychiana
1030 2432 1136 2466 haeresi

255 2486 413 2531 judicium
426 2485 595 2529 susceperit
606 2485 654 2519 uti
666 2484 873 2518 immobilem
885 2482 961 2516 fidei
973 2483 1133 2527 regulam,

256 2538 301 2571 est
339 2536 418 2570 alibi
457 2535 713 2570 demonstratum
742 2559 749 2566 .
788 2532 950 2567 Eumdem
987 2532 1138 2566 Tomum

256 2586 429 2620 Gallicana
455 2586 598 2619 Ecclesia
619 2584 756 2628 suscepit
779 2584 827 2618 uti
850 2582 923 2625 fidei
949 2581 1105 2626 simbolum
1128 2607 1138 2623 ,

256 2636 444 2679 censuitque
463 2635 615 2669 omnium
625 2633 773 2668 fidelium
785 2632 941 2667 cordibus
954 2633 1139 2667 memoriter

257 2683 497 2720 inscribendum
510 2710 517 2718 .

308 2734 433 2768 Eadem
456 2735 509 2768 via
533 2733 741 2768 ambularunt
762 2730 994 2766 Monothelitae
1008 2757 1015 2764 .
1043 2733 1137 2780 Qot

257 2785 347 2821 enim
369 2784 502 2824 litteris,
527 2794 607 2827 quot
632 2782 880 2828 legationibus,
906 2793 988 2824 quot
1012 2782 1132 2817 dolosis

258 2833 421 2870 machinis
439 2835 550 2867 conati
572 2835 646 2868 sunt
667 2832 927 2867 circumscribere
943 2832 1136 2867 Honorium

258 2884 482 2919 Pontificem?
509 2882 554 2916 Et
571 2883 704 2917 tandem
724 2909 734 2924 ‚
761 2882 837 2916 licet
864 2893 932 2916 non
962 2883 996 2916 in
1032 2882 1138 2926 ipsum

258 2935 352 2968 suurn
383 2944 544 2972 errorem,
571 2942 679 2966 tamen
702 2934 734 2966 in
747 2932 989 2976 aliquamillius
1000 2933 1137 2976 speciem

258 2983 575 3026 circumscripserunt
584 3007 591 3013 .
621 2982 698 3026 Ejus
709 2993 788 3017 tunc
799 2993 920 3016 nomen
933 3007 945 3023 ‚
969 2992 1137 3026 tamquam

260 3033 516 3076 incomparabile
552 3031 691 3076 spolium
710 3058 721 3073 ‚
774 3033 897 3077 ubique
934 3032 1138 3067 circumtule-

259 3093 355 3123 runt,
382 3083 417 3117 ὅ(
440 3084 616 3117 arietarunt
643 3090 749 3117 toturn
772 3084 943 3119 Orientem
968 3108 974 3114 .
1002 3084 1047 3116 Et
1072 3082 1138 3116 haec

259 3134 304 3167 est
331 3134 448 3173 causa,
487 3144 527 3166 ex
550 3143 613 3175 qua
633 3132 734 3175 ipsum
756 3133 901 3167 damnari
924 3133 942 3166 a
969 3134 1056 3166 sexta
1079 3133 1139 3175 Sy-

261 3181 352 3218 nodo
363 3181 502 3227 permisit
512 3183 642 3216 Sanetus
657 3182 745 3225 Papa
757 3182 915 3228 Agathon
933 3196 942 3216 :
970 3182 1025 3217 Ut
1050 3194 1138 3216 nem-

261 3234 301 3278 pe
321 3231 554 3268 Monothelitis
580 3232 708 3274 Papalis
733 3234 876 3267 nominis
888 3232 1025 3266 fulcrum
1038 3233 1137 3266 aufer-

262 3293 330 3317 ret.
357 3282 516 3317 Damnari
538 3283 677 3326 permisit
692 3306 702 3321 ,
730 3293 798 3316 non
815 3283 1001 3317 Romanam
1026 3282 1136 3316 Eccle-

261 3334 360 3376 siam,
388 3342 444 3368 aut
469 3333 628 3368 Romanae
652 3332 800 3367 Ecclefiae
824 3331 946 3377 lapsum
967 3359 978 3376 ‚
1014 3332 1066 3366 sed
1093 3333 1137 3366 la·

1201 245 1388 291 dogmatica
1413 271 1423 286 ,
1459 245 1521 290 qtia
1562 249 1683 282 sextam
1712 248 1885 291 Synodurn
1912 249 2088 290 instruxit,

1183 295 1351 339 ‘Epistola
1376 297 1552 337 adfirmat,
1579 310 1647 331 non
1676 298 1849 332 Romanos
1886 297 2086 342 Episcopos,

1206 345 1256 380 sed
1278 346 1464 380 Romanam
1486 346 1659 381 Ecclesiam
1671 347 1712 381 ab
1722 348 1914 390 Apostolica
1925 347 2087 382 raditione

1205 397 1238 429 in
1267 395 1430 429 haereticas
1451 397 1613 431 novitates
1633 409 1813 441 numquam
1825 398 2016 437 declinasse,
2053 399 2087 432 &

1203 445 1291 487 juxta
1321 446 1478 479 Divinam
1502 471 1512 486 ,
1549 458 1620 490 qua:
1647 448 1734 482 Petri
1762 448 1860 482 fidem
1887 447 1988 482 edixit
2015 459 2085 492 non

1204 496 1400 529 defecturam
1430 520 1440 534 ,
1475 497 1508 529 &
1534 497 1574 529 ab
1602 496 1666 540 ipsa
1694 499 1815 541 semper
1840 498 1945 532 stabili
1974 499 2085 532 fratres

1204 546 1298 579 omni
1326 556 1472 588 ternpore
1499 546 1743 581 confirmandos
1765 572 1775 587 ‚
1811 548 2084 590 pollicitationem

1203 594 1367 629 declinare
1395 607 1461 628 non
1490 596 1595 638 posse.
1624 598 1787 641 Supponit
1814 596 1901 631 aliud
1929 599 1990 631 csse
2018 598 2086 632 Ro—

1204 655 1338 678 manum
1351 645 1550 688 Episcopum
1562 669 1572 686 ,
1591 646 1680 681 aliud
1696 648 1882 682 Romanam
1896 647 2085 688 Ecclesiam,

1203 695 1235 728 &
1255 694 1345 729 istius
1366 695 1454 737 lapsu
1475 693 1562 729 hanc
1584 707 1654 730 non
1673 697 1756 731 labi.
1785 697 1948 741 Supponit
1964 698 1997 730 in
2013 698 2085 730 Ho-

1205 745 1301 778 norio
1315 769 1325 784 ‚
1356 755 1422 778 non
1439 744 1637 780 Cathedram
1650 747 1741 781 fuisse
1755 747 1871 790 lapsam
1883 773 1893 789 ,
1920 748 1973 781 sed
1986 747 2086 780 solam

1205 795 1391 837 personam.
1419 795 1451 828 Si
1465 805 1570 829 tamen
1586 797 1706 839 lapsam
1724 822 1730 828 .
1758 797 1848 830 Nam
1863 798 1950 839 quod
1964 797 2088 830 Roma-

1205 855 1266 877 nus
1292 844 1471 889 Episcopus
1485 846 1549 878 sine
1561 847 1647 885 sese,
1676 846 2087 890 quisuntipliusSynodus

1203 894 1236 927 δε
1249 894 1412 930 Cathedra
1424 919 1434 935 ‚
1456 895 1658 940 dogmaticas
1671 897 1860 939 quaestiones
1871 895 2005 931 definire
2020 907 2087 929 non

1204 945 1298 987 poffit
1310 969 1321 985 ,
1349 945 1486 979 Domini
1509 944 1699 980 Cardinales
1720 947 1878 992 *Eugenio
1893 947 1990 980 tertio
2003 946 2090 980 Pon-

1204 994 1310 1034 tifici,
1337 995 1478 1029 Gilberti
1506 995 1674 1030 Porretani
1703 996 1907 1031 Pistavienfis
1934 996 2090 1040 Episcopi

1204 1045 1330 1081 causam
1370 1046 1516 1079 tractanti
1555 1046 1625 1089 post
1663 1046 1858 1082 Remensem
1897 1047 2091 1092 Synodum,

1205 1092 1359 1125 dixerunt
1381 1096 1568 1130 constanter
1599 1097 1631 1129 in
1645 1097 1784 1138 faciem,
1809 1098 1988 1132 adserentes
2002 1096 2091 1130 hunc

1204 1143 1266 1177 effe
1290 1142 1416 1178 avitum
1442 1153 1537 1185 atque
1563 1156 1753 1188 perpetuum
1778 1159 1923 1182 morem.
1952 1143 2091 1182 Exstant

1207 1190 1271 1224 haec
1295 1192 1381 1233 apud
1407 1193 1571 1226 Ottonem
1598 1194 1835 1238 Frisingensem
1848 1196 2044 1240 Episcopum
2057 1196 2092 1229 in

1205 1251 1301 1284 opere
1340 1240 1384 1274 de
1421 1242 1528 1275 Gestis
1555 1243 1763 1285 Imperatoris
1788 1244 1949 1279 Frederici
1977 1244 2092 1287 primi.

1207 1291 1316 1324 Etiam
1342 1288 1383 1324 de
1409 1289 1607 1335 Imperatore
1629 1290 1843 1335 Philippico,
1868 1294 1949 1327 dum
1972 1294 2094 1327 Mono—

1206 1339 1389 1374 thelismum
1416 1341 1473 1375 ille
1495 1341 1660 1384 reparabat
1675 1366 1687 1382 ,
1715 1342 1892 1377 damnabat
1902 1345 2023 1377 sextam
2037 1344 2095 1385 Sy-

1208 1390 1354 1433 nodum,
1380 1401 1418 1424 ac
1441 1390 1508 1434 ejus
1537 1390 1706 1425 solennem
1724 1394 1757 1426 in
1772 1392 1900 1429 Palatio
1914 1393 2094 1438 imaginem

1206 1439 1358 1479 radebat,
1386 1440 1426 1474 ad
1454 1440 1715 1475 Constantinum
1742 1442 1863 1487 Papam
1894 1442 2015 1486 scripsit
2043 1443 2096 1486 Jo-

1206 1502 1308 1524 annes
1329 1491 1436 1524 sextus
1463 1490 1649 1524 Patriarcha
1680 1491 2092 1536 Constantinopolitanus:

1207 1544 1296 1572 Mitto
1314 1540 1430 1579 dicere,
1456 1549 1525 1580 quot
1543 1540 1627 1572 nobis
1655 1540 1796 1580 molestias
1823 1544 1958 1576 intulerit
1972 1567 1983 1582 ‚
2008 1543 2094 1575 velut

1203 1596 1256 1628 pro
1294 1592 1424 1621 veritate
1444 1587 1614 1630 sollicitans
1636 1612 1648 1628 ,
1677 1602 1734 1633 quo
1759 1591 1871 1632 nostras
1898 1593 1942 1624 ad
1966 1591 2095 1632 vestram

1206 1638 1431 1671 Beatitudlnem
1449 1647 1507 1679 pro
1521 1637 1588 1680 suae
1605 1638 1732 1682 insaniae
1749 1640 1835 1683 scopo
1862 1642 1979 1675 litteras
1998 1649 2093 1676 extor-

1205 1696 1327 1729 queret.
1356 1687 1484 1731 Nempe
1504 1699 1605 1723 vanus
1631 1691 1728 1724 etiam
1758 1690 1966 1734 philippicus
1993 1700 2089 1725 norat

1205 1738 1319 1771 omnia
1345 1737 1430 1772 circa
1452 1738 1655 1783 dogmaticas
1686 1741 1879 1785 quaestioues
1897 1751 1953 1785 per
1973 1739 2095 1776 Roma·

1205 1798 1281 1822 nam
1303 1787 1416 1822 Sedem
1429 1786 1562 1823 definita
1584 1791 1645 1824 esse
1664 1790 1800 1826 definita
1825 1792 1970 1827 etiamiu
1984 1791 2070 1826 coelo
2083 1815 2091 1824 .

1205 1837 1322 1872 Exstat
1344 1838 1489 1882 Epistola
1511 1839 1595 1884 apud
1623 1840 1830 1876 Franciscum
1855 1840 2041 1877 Combefis.

1255 1888 1383 1924 Eodem
1404 1890 1519 1925 itinere
1533 1890 1661 1927 incessit
1673 1891 1852 1938 Imperator
1862 1892 1932 1927 Leo
1945 1893 2086 1927 Isaurus.

1206 1937 1283 1980 Ejus
1304 1941 1424 1982 primus
1442 1951 1540 1987 atque
1565 1943 1717 1987 palmaris
1739 1944 1876 1979 insultus
1887 1944 1997 1979 fuitin
2011 1943 2091 1977 Gre2

1203 1987 1333 2031 gotium
1356 1990 1533 2024 secundum
1559 1991 1757 2028 Pontificem
1780 2020 1790 2035 ,
1828 2006 1866 2029 ac
1902 1995 2090 2028 Romanam

1205 2037 1382 2070 Ecclesiam
1411 2063 1418 2069 .
1445 2040 1558 2075 Etiam
1585 2039 1738 2076 horrendi
1766 2043 1946 2077 schismatis
1978 2044 2092 2077 auster

1203 2082 1343 2119 Photius
1366 2086 1424 2118 suae
1446 2090 1565 2128 causae,
1593 2091 1668 2123 licet
1691 2092 1708 2123 a
1735 2091 1891 2134 dogmate
1907 2103 1973 2126 non
1989 2102 2091 2136 coepe-

1202 2135 1268 2173 rit,
1294 2134 1449 2168 omnibus
1470 2138 1529 2169 suae
1550 2137 1689 2171 scientiae
1713 2150 1751 2172 ac
1762 2141 1958 2182 eloquentiae
1970 2140 2090 2176 viribus

1202 2184 1341 2218 tentavit
1366 2184 1551 2219 Romanam
1574 2187 1750 2222 Ecclesiam
1762 2189 1865 2223 facere
1877 2191 2090 2225 confirmatri-

1202 2244 1293 2267 cem.
1323 2233 1365 2266 Et
1384 2233 1443 2267 hac
1458 2235 1509 2278 spe
1523 2236 1710 2279 frustratus,
1736 2238 1832 2282 plena
1847 2240 2086 2275 calumniarum

1201 2283 1339 2326 plaustra
1358 2284 1390 2317 in
1417 2284 1517 2327 ipsam
1543 2288 1688 2321 evomuit
1712 2312 1722 2328 ,
1756 2289 1859 2323 sciens
1885 2291 1956 2324 suas
1983 2301 2086 2334 nugas

1202 2332 1296 2366 aliter
1308 2344 1373 2366 non
1387 2336 1474 2376 posse
1488 2334 1640 2369 stabiliri.
1662 2338 1705 2371 Et
1717 2337 1794 2372 hinc
1808 2340 1920 2374 ostava
1933 2340 2086 2383 Synodus

1201 2394 1270 2416 non
1295 2382 1400 2416 solum
1423 2383 1603 2419 Primatum
1623 2386 1713 2422 istius
1735 2387 1925 2429 Cathedrae‚
1971 2390 2024 2425 sed
2050 2391 2084 2424 &

1203 2432 1473 2467 infallibilitatem
1485 2435 1656 2479 insigniter
1679 2438 1838 2472 firmavit.
1867 2439 2005 2473 Ostendi
2018 2439 2084 2474 hoc

1203 2482 1236 2516 in
1248 2482 1314 2525 ejus
1326 2481 1473 2517 scholiis.
1503 2483 1660 2520 Eamdem
1674 2486 1939 2523 infallibilitatem
1955 2490 2083 2533 professi

1200 2534 1274 2566 sunt
1297 2531 1630 2575 Photiisuccessores,
1656 2535 1857 2581 stephanus,
1885 2540 2054 2573 Antonius
2071 2564 2082 2580 ‚

1202 2583 1236 2616 &
1256 2582 1432 2616 Nicolaus.
1460 2584 1586 2619 Verum
1608 2586 1709 2630 usque
1732 2586 1773 2621 ad
1793 2590 1886 2622 litem
1908 2589 1948 2623 de
1961 2591 2081 2633 quartis

1202 2632 1344 2675 nuptiis.
1374 2633 1506 2668 Etenim
1528 2635 1573 2669 ob
1593 2635 1651 2670 has
1673 2637 1690 2670 a
1713 2637 1800 2672 dicto
1823 2639 1967 2673 Nicolao
1993 2639 2081 2674 dam-

1200 2692 1293 2716 natus
1314 2683 1493 2726 Imperator
1512 2685 1582 2720 Leo
1602 2687 1727 2730 sapiens
1751 2688 1939 2731 provocavit
1951 2687 1991 2721 ad
2014 2689 2081 2722 Ser-

1199 2732 1290 2777 gium
1308 2732 1441 2767 tertium
1471 2734 1613 2777 Papam,
1638 2736 1785 2771 obtinuit
1797 2738 2009 2780 Apostolicos
2019 2738 2081 2772 Le·

1197 2793 1292 2826 gatos
1301 2782 1334 2816 &
1343 2783 1448 2826 quarti
1460 2784 1604 2829 conjugii
1616 2785 1884 2829 dispensatoriam
1896 2788 2077 2829 licentiam,

1199 2833 1317 2866 datain
1337 2834 1440 2876 ipsum
1468 2834 1694 2869 patriarchalis
1717 2838 1877 2871 sententia
1899 2837 1959 2871 fuit
1982 2839 2078 2871 refor-

1199 2893 1285 2916 mata
1309 2908 1320 2923 ‚
1345 2884 1378 2917 δε
1403 2881 1479 2918 huic
1500 2885 1626 2928 judicio
1648 2897 1756 2929 parere
1778 2887 1894 2921 nolens
1916 2888 2077 2920 Nicolaus

1199 2933 1261 2967 fuit
1274 2933 1467 2978 degradatus
1486 2958 1496 2974 ,
1523 2936 1673 2970 autcerte
1683 2937 1843 2980 relegatus
1858 2961 1865 2968 .
1893 2936 1995 2970 Tunc
2006 2948 2077 2979 por·

1200 2982 1238 3016 ro
1258 2981 1313 3016 hic
1333 2983 1441 3019 dicere
1454 2986 1551 3028 coepit
1571 2996 1697 3028 quartas
1718 2986 1848 3029 nuptias
1869 2987 1931 3019 esse
1943 2985 2077 3021 damna-

1190 3042 1266 3073 ¹tam
1278 3033 1318 3067 ab
1331 3034 1513 3077 Evangelio
1528 3034 1779 3070 fornicationem
1792 3059 1802 3075 ,
1820 3036 1991 3080 dispensari
2007 3048 2075 3070 non

1200 3076 1308 3126 posse,
1342 3082 1479 3126 ideoque
1492 3084 1679 3118 Romanam
1693 3084 1867 3120 Ecclesiam
1887 3087 1970 3119 circa
1991 3085 2076 3119 istud

1198 3133 1319 3176 dogma
1329 3144 1431 3167 errare
1443 3158 1450 3165 .
1479 3135 1659 3177 Resumpsit
1670 3133 1804 3168 schisma
1818 3159 1828 3174 ,
1847 3137 1878 3168 &
1891 3135 2008 3178 Papale
2020 3147 2078 3169 no-

1199 3194 1272 3216 men
1285 3182 1487 3217 rafitesacris
1511 3184 1724 3218 Ecclesiarutn
1749 3183 1900 3217 Tabulis.
1928 3185 2078 3232 Qinde-

1198 3233 1263 3266 cim
1274 3243 1434 3268 annorum
1448 3235 1584 3268 exilium
1597 3236 1720 3278 aperuit
1731 3235 1799 3268 viro
1811 3234 1945 3268 oculos:
1974 3235 2077 3270 Tunc

1199 3282 1254 3316 ille
1281 3284 1456 3327 recipiendi
1482 3285 1693 3329 Episcopatus
1716 3295 1827 3319 amore
1854 3284 1981 3319 admisit
1993 3286 2078 3319 resta

1197 3332 1351 3375 judicasse
1387 3334 1536 3378 Sergium
1560 3359 1572 3377 ‚
1610 3334 1775 3378 utriusque
1810 3334 1927 3369 Romae
1967 3334 2078 3369 Eccleh

1954 3384 2031 3419 siam

2117 242 2203 268 Rom.

2111 274 2218 307 l'ontif.

2108 323 2256 354 tamquam

2107 359 2231 393 priuatos

2107 395 2255 426 Doctores.

2121 827 2257 863 Intellige

2105 872 2191 898 Rom.
2228 867 2261 895 E-

2107 906 2172 945 pil'c.
2201 914 2234 936 ut

2114 955 2213 977 antea.
