2366 3756
59 595 149 636 Epist·
170 607 214 630 lo·

52 1656 86 1687 1.-
98 1665 123 1690 7.
139 1664 165 1687 c.
180 1663 209 1694 3·

181 3142 186 3148 ‚
233 3110 330 3146 Licet
339 3109 428 3145 enim
438 3110 455 3143 a
467 3107 664 3151 Theophilo
673 3110 790 3145 citatus
800 3112 993 3155 interjecerit
1005 3122 1096 3155 prote

896 147 1386 193 D1craru5.

230 240 300 273 que
319 229 365 262 ita
398 226 567 265 hominem
593 236 759 274 tamquam
788 228 883 263 omni
917 228 1106 271 Apostolica

233 278 360 313 Liberii
381 279 483 323 gratia
493 290 630 315 exutum
640 278 685 315 est
697 277 871 317 detestatus
883 302 891 313 .
918 279 1030 314 Habes
1042 278 1107 314 haec

233 328 272 363 in
294 328 434 364 laudatis
459 329 575 365 litteris
600 328 641 364 ad
671 326 890 364 Theodotum
913 349 923 361 .
957 326 1001 362 Et
1028 338 1107 362 tunc

234 378 366 422 scriptas
384 378 538 414 existimo
556 389 643 413 acres
664 377 735 412 illas
756 377 797 412 ad
811 377 1008 424 Gregorium
1041 379 1108 412 Na-

233 428 425 463 zianzenum
445 428 594 465 adversus
605 429 791 465 Romanam
804 428 980 464 Ecclesiam
990 429 1022 464 δε
1038 440 1108 462 om-

232 489 290 513 nes
301 478 528 514 Occidentales
544 478 715 515 Antistites
727 478 847 515 litteras
858 502 870 518 ,
895 478 1012 523 quibus
1026 476 1108 512 nihil

231 529 349 563 auxilii
360 527 401 563 ab
414 529 555 573 ipsorum
569 528 737 572 supercilio
757 527 792 561 &
817 528 900 562 fastu
926 530 1109 572 exspectan-

229 577 313 614 dum
333 578 532 614 lamentatur
543 578 677 615 Basilius
688 602 700 619 ,
726 576 761 615 &
776 575 945 622 adjungit:
971 580 1106 613 occiden-

229 627 309 662 tales
329 637 491 662 verttatem
513 640 605 672 neque
617 637 746 667 norunt,
771 639 861 670 neque
886 627 995 671 discen
1017 626 1104 671 susti·

229 686 325 718 nent,
351 679 455 712 verum
466 678 555 721 falsis
575 677 756 721 opinionibus
774 680 938 720 praepedttt
962 680 1015 713 illa
1030 689 1106 712 nunc

223 726 365 772 faciunt,
390 740 458 775 quae
466 731 553 771 prius
579 735 611 762 in
637 727 773 765 Marcello
787 736 977 770 patrarunt,
1003 730 1107 771 nempe*

226 784 343 812 cumtis
354 803 364 820 ,
390 785 440 823 qut·
452 785 610 813 veritatem
621 775 686 820 ipfis
698 778 905 818 adnunciant,
933 780 1108 813 contenden-

225 838 277 863 tes
289 853 301 870 ,
310 829 439 870 haerefim
450 837 549 862 autem
555 837 617 876 per·
619 826 645 871 s
639 826 975 870 emettpsbsstabilientes
988 854 995 861 .
1017 829 1108 876 Qe-

227 879 310 915 ritu:
319 877 408 921 quod
420 877 468 911 uti
478 878 512 911 in
522 878 699 913 Sardicenfi
711 877 850 921 Synodo
873 878 974 922 Julius
994 877 1108 913 Ponti-

227 928 284 963 fex
310 927 506 963 Marcellum
534 927 676 972 Ancyrae
702 927 901 971 Episcopum
920 951 932 967 ,
955 927 1108 962 dolosum

226 977 415 1014 haereticum
430 978 611 1021 reparavit,
637 978 683 1011 ita
696 977 812 1012 nunca
834 976 968 1011 Liberio
989 986 1111 1019 repara-

225 1036 302 1062 tum
321 1027 414 1065 fuisse
435 1038 512 1062 cum
533 1027 598 1060 suis
608 1024 864 1070 congerronibus
876 1026 1036 1059 versutum
1047 1025 1111 1059 Eu·-

225 1077 359 1113 statium
370 1102 382 1118 ,
407 1076 442 1111 δε
453 1075 602 1114 adversus
613 1075 716 1119 ipsum
729 1075 888 1118 relapsum
899 1075 1002 1109 nullas
1013 1076 1108 1111 ratio-

227 1130 316 1163 nesa
334 1126 481 1165 Damaso
502 1126 596 1160 fuisse
616 1124 783 1159 admissas.
815 1122 988 1170 Quidquid
1010 1125 1047 1158 sit
1066 1125 1108 1159 de

227 1175 296 1211 hoc
317 1177 460 1221 punsto,
487 1175 574 1211 lucet
585 1174 806 1209 Orientalium
818 1174 1028 1218 synodorum
1041 1183 1109 1208 tam

226 1226 265 1261 in
285 1226 466 1270 disciplina»,
485 1225 628 1269 quamin
655 1223 821 1268 dogmatis
848 1226 1105 1267 praevaricatores

226 1276 348 1321 judicia
359 1277 484 1319 semper
499 1274 636 1318 potuisse
649 1273 817 1317 provocari
828 1274 869 1310 ad
882 1273 1109 1318 Apostolicam

225 1326 342 1362 sedem
354 1350 365 1367 ,
391 1325 570 1360 &cunctos
579 1322 788 1364 orthodoxos
807 1323 954 1359 Orientis
977 1325 1108 1368 Episco-

225 1387 288 1420 pos
308 1374 398 1411 hisce
419 1374 711 1420 provocationibus
729 1383 804 1411 cum
826 1375 919 1412 omni
931 1376 1109 1413 reverentia

226 1425 399 1461 obediisse.

280 1475 385 1522 Quod
404 1477 508 1519 ipsum
528 1472 699 1512 clariffime
724 1475 811 1511 lucet
834 1486 877 1510 ex
890 1475 1111 1521 appellatione

227 1524 337 1560 Sansti
360 1526 498 1571 Ioannis
516 1525 742 1570 Chrysostomi
753 1550 765 1566 ,
791 1536 890 1570 quem
902 1526 1032 1561 constat
1043 1537 1112 1560 non

226 1575 273 1609 ob
296 1575 420 1617 fidem,
446 1576 501 1610 sed
527 1575 571 1611 ob
596 1577 702 1611 laesatn
722 1575 1109 1619 dumtaxatdisciplinam

225 1625 322 1659 fuisse
342 1626 527 1660 accusatum
549 1635 647 1668 atque
670 1625 865 1658 damnatum
885 1648 892 1656 .
919 1625 1029 1658 Haeret
1055 1622 1110 1656 hic

223 1674 269 1708 D.
293 1671 596 1716 Archiepiscopus‚
621 1672 655 1705 δε
675 1671 785 1706 scribit
809 1682 817 1703 :
856 1674 950 1716 Vulgo
971 1671 1111 1715 scribitur

225 1723 408 1766 appellatum
433 1724 454 1754 ἃ
472 1726 505 1766 J
508 1733 601 1755 oanne
637 1719 828 1763 Chrysoslomo
855 1722 946 1763 futffe
972 1727 1110 1755 Innocen-

224 1778 302 1806 tium
324 1776 457 1814 primum
483 1770 655 1813 Pontificem
691 1774 858 1804 Romanum
885 1794 897 1810 ,
934 1770 1011 1804 bunc
1036 1773 1108 1805 vero

224 1822 337 1866 cassasse
352 1822 501 1862 judicium
526 1820 663 1859 asynodo
674 1821 821 1854 Orientali
829 1820 928 1854 latum
956 1822 1107 1855 adversas

226 1869 471 1915 chrysostomum.
499 1868 590 1912 Sedfi
605 1875 748 1913 negotium
770 1869 849 1911 istud
862 1872 998 1912 penitius
1019 1876 1108 1904 intro-

222 1920 391 1966 spiciatur,
415 1919 554 1960 constabit
568 1927 674 1954 eumin
683 1919 740 1953 hac
760 1918 848 1963 causa
861 1919 950 1964 futffe
975 1924 1105 1954 Romani

227 1970 383 2013 Pontificts
401 1969 630 2010 auctoritatem,
654 1979 688 2003 ut
712 1969 818 2013 egressa
844 1981 903 2003 non
922 1970 1020 2011 fuerit
1046 1982 1108 2003 mo·

225 2022 300 2054 dum
311 2045 323 2062 ,
349 2026 400 2062 qut
413 2020 550 2063 perillus
561 2019 747 2061 tempestates
756 2021 803 2059 illi
811 2018 1003 2063 praescriptus
1015 2028 1081 2054 erat
1097 2043 1109 2059 ,

224 2070 282 2115 sed
297 2070 502 2104 auetoritatem
525 2069 610 2102 illum
617 2067 707 2111 suam
718 2077 812 2102 totam
823 2074 970 2111 integram
980 2067 1115 2109 retinuis-

222 2120 258 2165 se
266 2146 278 2163 ,
304 2132 362 2154 non
371 2125 416 2153 ita
428 2128 531 2152 tamen
543 2126 577 2151 ut
587 2118 813 2158 appellationem
814 2118 1001 2157 judicaverit
1013 2141 1024 2156 ,
1038 2126 1112 2149 tam-

227 2181 322 2212 quam
341 2168 511 2201 devolutam
534 2167 578 2198 ad
593 2166 697 2199 Sedem
720 2162 907 2208 Apostollcaem
926 2189 937 2206 ,
963 2173 996 2198 ut
1022 2168 1112 2210 vulgo

228 2218 419 2259 existimant.
449 2216 598 2259 Exponit
608 2215 654 2249 rei
667 2215 801 2255 seriem,
828 2224 926 2260 atque
948 2216 1111 2261 prosequi-

229 2277 284 2302 tur
303 2279 311 2299 :
345 2270 401 2300 Ex
421 2266 478 2299 hac
500 2270 673 2299 narratione
694 2265 840 2309 colligitur
861 2289 872 2305 ,
909 2276 968 2298 non
994 2267 1113 2308 quidem

230 2315 454 2360 chrysostomum
471 2315 636 2358 provocaffe
671 2315 717 2348 ad
738 2317 891 2349 Summum
918 2315 1112 2358 Pontificem,

229 2378 286 2402 aut
305 2366 534 2409 appellationem
544 2367 612 2407 ejus
622 2366 643 2397 ἃ
653 2366 741 2406 Papa
745 2365 919 2407 ‚iudicatam
926 2364 1013 2408 fuiffe
1024 2388 1035 2404 ,
1055 2363 1115 2408 sed

229 2418 459 2459 appellattonem
479 2414 519 2447 ab
540 2426 571 2448 eo
594 2412 791 2456 interpofitam
800 2415 846 2447 ad
854 2415 1015 2448 Concilium
1026 2415 1113 2450 (Eta-

228 2472 376 2501 menicum
396 2465 448 2508 esse
462 2463 630 2507 susceptam
646 2464 684 2497 ab
710 2468 889 2506 Imperatore
909 2489 922 2503 ‚
952 2473 1008 2505 pro
1033 2476 1111 2498 more

229 2517 312 2550 illius
331 2514 451 2559 saetult,
477 2516 600 2556 eiporro
612 2514 809 2556 appellationi
820 2512 978 2557 consensisse
992 2517 1111 2556 Papam

229 2567 267 2600 ἐν
287 2563 448 2608 Episcopos
470 2565 582 2605 Italos,
608 2569 659 2606 qui
677 2574 748 2597 cura
765 2562 825 2607 sua
845 2565 882 2597 td
904 2564 975 2597 dein
991 2573 1113 2608 egerunt

230 2615 320 2658 apud
337 2618 533 2655 Imperatores
549 2636 560 2652 ,
585 2621 618 2644 ut
629 2615 792 2646 Concanum
800 2622 1011 2647 convocaretur
1023 2638 1030 2644 .
1056 2615 1115 2647 sed

230 2675 294 2698 non
302 2675 334 2697 eo
343 2665 394 2697 loct
399 2661 531 2707 substitit
541 2666 725 2696 Innocentius
737 2687 745 2696 .
773 2661 898 2706 Censuit
907 2668 986 2697 enlm
994 2675 1059 2697 cum
1069 2665 1114 2696 E-

230 2711 361 2757 piscopts
387 2715 474 2746 naus
494 2714 722 2754 appellationem
731 2711 932 2754 interpofitom
943 2723 1014 2747 ante
1025 2714 1111 2755 depo-

229 2762 364 2806 fitionem
374 2785 385 2801 ,
411 2772 445 2794 ac
454 2762 549 2805 postea
559 2771 734 2796 renovatam
743 2786 754 2802 ,
779 2763 815 2796 &⁸
823 2762 1108 2804 manifhstasjttdictt

234 2811 327 2855 hujus
343 2812 496 2845 nullitates
519 2813 624 2853 judicii
643 2811 776 2853 effet‘lum
792 2809 968 2855 suspendisse
993 2837 1005 2853 ,
1039 2823 1112 2846 com-

233 2866 458 2903 munionemque
471 2859 560 2903 suam
575 2859 729 2904 subtraxit
753 2862 951 2895 Orientalibus
974 2886 985 2903 ,
1021 2864 1111 2897 donec

228 2912 281 2945 ellt
287 2910 446 2955 sententiae
452 2909 517 2954 suae
528 2911 693 2945 accederent
705 2936 712 2944 .

286 2961 420 2995 Errores
432 2960 529 2994 varii.
552 2959 678 2994 Primus
696 2961 742 2996 est
757 2984 767 3001 ‚
793 2961 883 3005 quod
906 2962 1038 2996 Sanctus
1058 2963 1110 3006 Jo-

232 3021 339 3046 unnes
349 3007 602 3053 Chrysostornus
613 3010 779 3054 appellarit
790 3036 802 3052 ,
820 3023 888 3046 non
899 3009 940 3046 ad
950 3012 1110 3046 Innocen-

230 3061 322 3095 tium
343 3059 565 3099 Pontificem,
593 3059 646 3093 sed
667 3060 708 3093 ad
733 3061 882 3106 generale
901 3062 1107 3096 Concilium.

231 3160 411 3196 stationem
437 3159 479 3194 de
503 3158 671 3204 irregulari
691 3159 786 3203 ipsius
809 3160 945 3204 Synodo
965 3186 976 3203 ,
1001 3162 1108 3206 legiti-

234 3221 393 3255 mamque
404 3208 571 3254 postularit
582 3232 593 3250 ,
618 3209 763 3243 adserens
769 3210 1109 3256 paratumsepraesentt-

234 3261 292 3295 bus
303 3261 338 3295 <a
348 3267 465 3294 tentum
475 3260 509 3294 (a
520 3259 599 3292 mille
610 3257 762 3302 Episcopis
786 3260 898 3301 objecta
917 3267 1041 3297 crimina
1064 3273 1108 3295 re-

228 3309 357 3353 fellere,
381 3307 522 3345 omnino
541 3319 647 3343 tamen
669 3308 829 3344 intellexit
847 3311 888 3347 de
910 3324 982 3360 vera
1002 3313 1109 3355 Syno-

234 3359 304 3404 do,
331 3371 400 3407 quae
415 3359 504 3404 juxto
526 3358 755 3404 Apostolum,
781 3359 955 3406 Nicaenos,
979 3373 1016 3396 ac
1038 3362 1108 3396 Sar·

1119 1345 1135 2037 5

1149 3007 1159 3477 ι

1887 162 1974 205 331

1172 228 1317 264 dicenses
1337 229 1491 263 Canones
1510 226 1692 272 judicaret,
1716 230 1858 273 &quam
1871 231 1925 265 sua
1947 230 2044 273 praesi-

1171 279 1282 313 dentia
1292 290 1331 312 ac
1341 278 1573 321 sapientissimo
1584 276 1709 322 judicio
1733 290 1856 325 regeret
1876 279 2048 315 Romano·

1172 339 1243 363 rum
1256 328 1455 372 Episcopus.
1477 327 1572 363 Hinc
1592 330 1681 364 enim
1707 340 1847 377 quatuor
1867 329 2046 374 Episcopos

1171 378 1205 413 δε
1226 378 1308 412 duos
1320 379 1489 414 Diaconos
1504 378 1623 422 legavit
1634 379 1673 412 ad
1686 379 1919 415 Innocentium
1931 379 2047 414 Ponti·

1172 429 1265 464 ficem
1277 440 1351 462 cum
1362 427 1450 463 hisce
1462 427 1641 463 mandatis:
1667 432 1705 462 Ut
1732 431 1774 464 ad
1798 428 1927 466 vestram
1950 440 2047 464 curre-

1169 486 1236 511 rent
1256 477 1450 513 sanctitatem
1463 499 1474 516 ‚
1498 476 1684 520 omnibusque
1695 480 1792 512 lucide?
1801 478 1938 521 expositis
1947 488 2046 514 motu·

1171 528 1203 563 re
1223 535 1319 563 tantae
1338 529 1417 561 cladi
1436 528 1594 562 remedium
1621 529 1690 560 dart
1712 526 1831 570 salubre
1850 529 2047 570 postularent.

1172 577 1299 613 Similes
1322 577 1362 614 ad
1385 576 1565 612 Venerium
1586 576 1871 613 Mediolanensem
1896 578 2048 613 &Chro-

1172 627 1309 661 matium
1332 625 1573 670 Aquileiensem
1594 628 1825 672 Metropolitas
1839 625 1989 672 adjunxit
2000 628 2050 662 lit-

1172 687 1273 714 teras:
1302 676 1357 716 Ut
1370 675 1483 722 nempe
1495 676 1542 709 illi
1557 676 1710 720 Papalem
1731 678 1878 711 animum
1898 677 1939 712 ad
1966 677 2048 713 fisti-

1175 739 1213 761 na
1240 726 1384 761 remedia
1410 725 1622 761 inclinarent.
1650 727 1683 760 Si
1697 727 1876 772 Synodalia
1897 727 2049 761 Orienta-

1173 778 1254 811 lium
1281 774 1536 813 Patriarcharum
1563 775 1598 808 in
1625 773 1817 819 degradatos
1829 776 1989 811 oblaesam
2003 774 2052 811 di·

1173 826 1339 870 sciplinam
1364 826 1543 869 Episcopos
1568 823 1688 869 judicia
1715 826 1936 860 fuerunttunc
1948 827 2054 868 supre-

1174 887 1225 909 ma
1244 886 1343 921 atque
1364 875 1604 919 inappellabilia
1620 874 1671 909 ad
1697 874 1892 910 Romanum
1919 873 2052 919 Episco-

1176 937 1269 968 pum,
1297 937 1361 971 qua
1387 927 1495 961 fronte
1522 926 1664 969 Joannes
1690 923 1858 960 invocavit
1894 925 2054 958 Innocen-

1174 976 1255 1009 tium
1278 999 1289 1017 ,
1324 976 1494 1022 quomodo
1515 985 1655 1017 quatuor
1681 975 1878 1010 diversarum
1904 972 2054 1019 gentium

1176 1025 1328 1067 Episcopi
1349 1026 1556 1069 susceperunt
1574 1026 1668 1068 ipfius
1694 1025 1912 1070 Legationem
1926 1047 1938 1064 ‚
1975 1034 2055 1067 quo-

1175 1071 1275 1108 modo
1301 1073 1396 1108 illum
1420 1073 1631 1118 Theophilus
1658 1074 1699 1110 de
1726 1074 1791 1110 hoc
1818 1084 1907 1109 novo
1917 1073 2056 1107 crimine

1176 1136 1243 1158 non
1268 1123 1449 1159 incusavit?
1476 1125 1571 1170 Qin
1592 1124 1696 1162 immo
1716 1122 1965 1170 deTheophilo
1976 1122 2057 1157 dicit

1176 1175 1209 1207 in
1229 1171 1368 1210 Palladii
1401 1172 1677 1216 Helenopolitani
1715 1174 1871 1217 Episcopi
1906 1172 2058 1216 Dialogo

1174 1221 1374 1257 Theodorus
1399 1222 1559 1256 Romanae
1585 1222 1737 1258 Ecclesiae
1761 1222 1932 1258 Diaconus
1955 1234 1962 1253 :
1990 1224 2060 1254 Prt-

1175 1284 1239 1306 mus
1261 1278 1389 1305 omnium
1406 1271 1556 1313 profellus
1580 1271 1619 1310 est
1642 1273 1686 1305 ad
1709 1280 1760 1306 nos
1774 1272 1988 1306 Alexandrina
2000 1273 2060 1302 Ee-

1176 1322 1264 1365 clcfiae
1287 1322 1391 1356 Lector
1411 1333 1478 1357 cum
1498 1324 1594 1364 Papae
1615 1319 1768 1363 Theophili
1791 1322 1902 1354 litteris
1914 1344 1925 1361 ,
1951 1319 2059 1362 quibus

1176 1371 1329 1409 indicabat
1344 1375 1375 1421 J
1377 1383 1500 1406 oannem
1513 1373 1533 1404 ci
1538 1369 1563 1414 s
1559 1383 1573 1406 e
1585 1369 1739 1412 depofitum
1749 1396 1756 1403 .
1789 1370 1920 1407 Faetam
1933 1370 1951 1403 a
1965 1371 1996 1403 se
2007 1370 2060 1412 Jo-

1177 1424 1272 1458 annis
1292 1422 1560 1467 degradationem
1581 1419 1796 1465 Theophilus
1819 1421 1926 1455 statim
1950 1419 2059 1453 retulit

1176 1471 1374 1517 Apostolicae
1395 1470 1493 1509 Sedi,
1519 1470 1633 1515 utpote
1644 1471 1746 1505 sciens
1756 1471 1823 1505 fine
1835 1469 1931 1514 hujus
1941 1468 2060 1503 exami-

1178 1521 1520 1556 ne&confirmatorio
1532 1519 1658 1564 judicio
1679 1531 1748 1553 non
1773 1520 1836 1554 esse
1856 1529 1980 1558 ratam,
2007 1516 2060 1551 sed

1177 1581 1232 1614 per
1244 1569 1498 1613 appellationem
1511 1569 1598 1612 posse
1609 1567 1689 1603 elidi
1704 1591 1710 1600 .
1738 1569 1845 1602 Norat
1858 1567 2061 1601 Sardicenses

1177 1620 1332 1654 Canones
1349 1631 1356 1651 :
1382 1619 1459 1653 Hos
1469 1619 1557 1653 enirn
1572 1643 1583 1659 ,
1595 1618 1708 1661 utique
1721 1618 1754 1651 in
1766 1618 1874 1652 Sancti
1889 1616 2062 1651 Athanasii

1175 1670 1312 1715 gratiam
1325 1668 1432 1704 editos
1443 1691 1454 1707 ,
1479 1669 1571 1702 nulla
1583 1668 1653 1712 post
1675 1668 1863 1702 Romanam
1885 1667 2060 1701 Ecclesiam

1176 1719 1239 1755 fuit
1261 1720 1366 1763 magis
1390 1728 1565 1759 venerata,
1587 1717 1685 1763 quam
1711 1716 1959 1752 Alexandrina.

1225 1768 1390 1804 Secundus
1403 1780 1492 1804 error
1502 1769 1568 1808 est,
1594 1766 1684 1813 quod
1699 1767 1835 1811 Joannis
1856 1767 1986 1801 causam
2009 1767 2065 1800 In-

1175 1821 1348 1856 nocentius
1359 1830 1425 1854 non
1436 1819 1630 1863 judicaverit
1639 1843 1646 1849 .
1674 1816 1808 1852 Etenim
1819 1814 2003 1860 Theophili
2017 1827 2063 1850 re-

1177 1871 1336 1905 lationem
1347 1870 1441 1904 fuisse
1452 1868 1538 1904 varie
1550 1868 1699 1903 vitiosam
1711 1892 1722 1908 ,
1748 1867 1888 1912 ideoque
1913 1866 2064 1911 rejestam

1175 1919 1388 1959 &Pontificem
1414 1931 1452 1954 ac
1471 1919 1591 1953 exinde
1613 1917 1777 1953 advenisse
1799 1917 1936 1963 Joannis
1956 1917 2066 1961 appel·

1177 1968 1276 2003 lantis
1299 1968 1442 2014 Legatos
1465 1969 1633 2004 &litteras
1660 1967 1752 2003 addit
1775 1968 1920 2002 laudatus
1946 1965 2065 2001 Theo-

1176 2018 1292 2058 dorus,
1322 2027 1417 2062 atque
1439 2018 1662 2061 prosequitur:
1691 2019 1740 2049 Ad
1761 2017 1823 2050 haec
1837 2016 1979 2059 rescripsit
1989 2017 2055 2050 bea-

1177 2066 1296 2106 ttfflmus
1319 2068 1409 2108 Papa
1429 2070 1639 2106 Innocentius,
1674 2072 1925 2109 communioneque
1950 2065 2061 2109 utrius·

1176 2126 1232 2159 que
1247 2119 1352 2156 partis
1374 2114 1519 2157 admiffa,
1547 2112 1699 2155 Theophtlt
1713 2117 1865 2154 judicium
1889 2116 1996 2158 caffum
2017 2127 2064 2150 at-

1177 2175 1231 2209 que
1255 2169 1375 2197 irritum
1399 2163 1451 2206 effe
1475 2164 1610 2198 decrevit
1623 2186 1634 2202 ,
1659 2164 1761 2198 dicens
1781 2171 1910 2206 oportere
1934 2165 2059 2202 conflari·

1177 2216 1271 2257 aliam
1294 2211 1568 2255 irreprebensibilem
1597 2214 1741 2252 synodum
1763 2214 1999 2247 occidentalium
2026 2217 2060 2250 (5

1176 2259 1375 2300 Orientalium
1393 2264 1584 2297 sacerdotum
1595 2286 1605 2302 ,
1631 2262 1798 2296 cedentibus
1812 2265 1941 2296 Concilio
1953 2270 2058 2298 amicit·

1173 2314 1326 2357 primum,
1353 2313 1460 2346 deinde
1482 2316 1608 2345 inimici:
1623 2336 1631 2344 .
1657 2317 1847 2346 Neutrarum
1867 2319 1976 2356 quippe
1982 2322 2056 2356 par-

1176 2371 1271 2403 tium,
1295 2371 1330 2397 ut
1345 2363 1530 2406 plurimam,
1555 2362 1664 2395 rec‘lum
1684 2362 1735 2406 effe
1750 2364 1919 2403 judicium.
1951 2363 1994 2397 Et
2022 2366 2057 2399 in

1178 2414 1238 2448 hac
1265 2414 1422 2447 sententia
1447 2411 1662 2446 Innocentius
1682 2413 1781 2446 etiarn
1793 2414 1863 2455 post
1875 2413 2058 2457 pleniorem

1176 2461 1360 2508 Theophili
1385 2461 1578 2497 relationem
1604 2463 1638 2496 &
1666 2463 1844 2497 transmissa
1879 2463 2057 2506 Synodalia

1178 2514 1258 2548 Asta
1280 2513 1452 2557 permansit
1472 2510 1673 2552 immobilis,
1697 2513 1893 2547 rescribens:
1919 2517 2025 2556 Itaque
2031 2513 2062 2556 fi

1176 2562 1359 2606 conscientia·
1371 2561 1495 2604 confidis
1506 2586 1517 2603 ,
1543 2571 1576 2595 tu
1585 2573 1697 2604 quoque
1703 2564 1819 2602 judicto
1829 2573 1947 2597 accurre
1959 2565 2003 2596 ad
2012 2566 2059 2603 sy-

1177 2616 1282 2647 nodum
1300 2613 1436 2655 proxlme*
1456 2618 1489 2644 tn
1509 2611 1625 2652 Christo
1646 2611 1855 2646 celebrandam
1878 2637 1889 2653 ‚
1925 2615 1961 2647 Θ
1995 2614 2055 2647 illic

1167 2664 1264 2705 juxta
1275 2665 1399 2697 Nieaent
1409 2662 1534 2696 concilii
1546 2666 1684 2695 Canones
1695 2664 1730 2696 Θ
1753 2665 1877 2696 Decreta
1897 2664 2037 2696 contende
2048 2689 2056 2696 .

1177 2715 1254 2747 Altos
1275 2717 1383 2756 quippe
1393 2715 1530 2746 Canones
1555 2715 1693 2746 Romana
1713 2723 1771 2747 non
1790 2713 1929 2746 admittit
1952 2714 2055 2746 Eccle-

1166 2762 1212 2806 fia
1226 2787 1233 2794 .
1259 2760 1446 2806 Theophili
1466 2759 1632 2805 Synodale
1643 2761 1683 2796 de
1694 2761 1820 2806 Joanne
1829 2761 1990 2807 judicium
2001 2762 2053 2796 de·

1172 2823 1298 2847 cernere
1313 2812 1440 2847 irritum
1457 2812 1493 2845 δε
1516 2812 1635 2845 cassum
1650 2835 1661 2851 ‚
1687 2811 1800 2847 nonne
1825 2821 1892 2846 erat
1910 2812 2053 2855 -Joannis

1170 2864 1298 2897 causam
1316 2861 1483 2907 judicare?
1509 2860 1599 2896 istud
1618 2861 1791 2896 Orientale
1811 2859 1971 2904 judicium
1984 2872 2053 2895 nen

1170 2911 1379 2947 solummodo
1398 2911 1558 2946 concuffit
1578 2934 1590 2951 ,
1616 2909 1670 2945 sed
1690 2910 1789 2946 etiam
1806 2911 1940 2945 excussit
1966 2910 2053 2944 Pon-

1169 2962 1272 3003 tifex,
1299 2962 1333 2997 δε
1357 2961 1455 3005 pleno
1479 2960 1548 3003 jure
1567 2960 1757 2995 sibisubesse
1768 2960 1979 2995 monstravit.
2008 2959 2055 2992 E·

1170 3012 1251 3046 tiam
1282 3009 1500 3046 patriarcham
1520 3009 1751 3054 Theophilum
1773 3007 1792 3043 ὲ
1814 3007 1922 3052 judice
1943 3007 2052 3043 demu-

1169 3062 1250 3096 tavit
1270 3061 1305 3095 in
1333 3071 1423 3095 reum
1435 3070 1489 3095 aut
1499 3060 1741 3094 accusatorem:
1767 3058 1837 3107 Qi
1848 3058 1893 3093 est
1903 3059 2051 3103 propriis-

1169 3112 1264 3145 simus
1287 3109 1448 3145 character
1469 3110 1619 3150 susceptae
1638 3109 1854 3152 propriiffimae
1865 3108 2051 3152 appellatio-

1170 3161 1240 3195 nis.
1266 3158 1451 3203 Theophili
1470 3159 1626 3202 judicium
1648 3158 1803 3200 excuffir,
1829 3158 1916 3202 quod
1926 3168 1966 3190 ex
1979 3157 2051 3192 An-

1167 3209 1329 3247 tiochenis
1342 3234 1354 3251 ,
1380 3221 1435 3254 per
1462 3209 1650 3244 Romanam
1672 3208 1846 3243 Ecclesiam
1867 3207 2050 3241 circumdu-

1169 3260 1247 3301 etis,
1272 3258 1467 3294 Canouibus
1480 3257 1772 3295 contraNicaenos,
1797 3259 1854 3300 qui
1878 3254 2048 3291 Thracicae

1169 3309 1319 3345 Dioecesis
1330 3309 1526 3354 Episcopum
1538 3308 1579 3343 ab
1592 3307 1835 3352 AEgyptiorum
1860 3305 2046 3341 Patriarcha

1169 3368 1277 3396 vetant
1293 3359 1452 3404 judicari,
1477 3359 1653 3395 emanasset
1674 3382 1681 3389 .
1708 3356 1791 3392 Non
1815 3357 1880 3391 fuit
1907 3354 2048 3399 praecipi·

1892 3413 1999 3441 tatum
