2366 3756
121 1515 193 1547 113.»
213 1522 276 1550 C-th

967 160 1458 205 Dic-rarus.

1966 174 2057 221 265

289 244 453 282 tioehenae
474 244 603 288 Synodi
631 245 775 278 litteras?
803 240 900 287 ,Quod
919 253 978 274 non
1001 243 1109 274 temere
1131 252 1195 275 aut⁴
1224 242 1294 282 {iste
1312 245 1346 276 Θ
1360 254 1470 276 novum
1484 242 1616 283 studium
1639 244 1692 285 est.
1720 243 1865 281 Primam
1884 241 1924 279 de
1935 241 2139 286 Alexandri&

1226 283 1229 326 l
1246 304 1291 326 no
1304 292 1492 327 Patriarcha
1507 294 1698 330 instantiam
1721 296 1861 329 affirmat
1877 305 1917 328 ex
1930 295 2130 339 Apostolico

293 295 400 337 iniuste
412 301 445 329 in
456 302 683 329 communionem
688 292 865 336 susceperim
878 290 1064 334 Coepiscopos
1076 290 1182 331 nostros

290 345 485 387 Athanasium
511 357 546 379 ac
571 346 747 378 Marcellum
771 367 781 383 ,
827 341 969 375 brevibus
995 347 1072 374 ratio
1099 341 1182 374 vohis

290 397 522 437 demonstranda
547 394 585 435 est
610 407 628 427 .’
645 393 809 428 Rationes
849 391 1023 435 insigniter
1048 391 1183 425 demon-

290 448 368 481 strat
381 472 391 487 ,
417 448 451 482 δε
475 446 713 491 ΡποΓεεῙιιὶῑιιι-κε
740 444 817 475 Cum
842 440 1002 485 istiusmodi
1024 444 1183 485 allegaren-

291 506 339 530 tur
353 522 363 537 ‚
389 499 424 531 ό·
436 506 479 530 tot
494 496 578 536 testes
587 504 645 537 pro
657 492 816 533 Athanasio
835 492 951 532 starent
964 517 974 532 ‚
999 492 1033 525 Co·
1045 490 1107 533 ipse
1119 502 1183 525 tam

284 547 363 589 juste²
372 556 428 588 pro
436 546 470 589 se
480 546 616 587 adferret
628 569 639 585 ‚
662 544 738 587 quid
751 541 846 585 quaeso
858 554 908 575 nos
926 548 1053 583 oportuit
1059 541 1183 583 facere?

292 602 339 630 An
350 598 429 638 quod
438 593 622 636 Ecclefiastici
632 599 765 627 Canonis
777 593 815 631 est
830 617 840 632 ,
869 591 1072 634 hominemque
1081 597 1182 632 proin-

276 648 329 686 ,de‘
352 658 410 679 non
435 647 697 681 condemnaremus
721 660 735 683 3
759 642 817 686 sed
836 643 935 684 potius
962 649 1156 684 reciperemus
1173 666 1183 681 ,

291 708 415 739 cumque
436 706 493 739 pro
515 695 659 738 Episcopo
680 718 691 734 ,
717 694 967 736 quemadmodum
994 693 1033 732 est
1058 716 1068 732 ‚
1096 690 1186 724 babe-

292 759 391 780 remus
405 747 421 778 ,ἶ
448 747 557 780 Etiam
572 743 723 779 Marcelli
735 745 864 777 causam
877 743 1018 786 exponit
1035 766 1045 782 ‚
1071 742 1106 775 &
1118 753 1183 784 pcr-

293 799 343 843 git
357 811 364 830 z
389 799 435 833 De
449 803 517 830 viro
531 813 549 837 ,·
567 807 652 838 quem
676 792 764 829 reHae
774 798 922 835 opinionis
943 795 977 826 (2⁴
985 792 1106 836 fiacerae
1120 791 1185 823 reli-

287 854 387 893 gionis
416 845 466 889 effe
487 846 655 887 testimoniis
669 844 877 887 approbatum.
893 842 932 882 est
954 867 964 883 ,
991 843 1067 895 quid
1088 839 1186 883 quaeso

292 908 344 930 nos
350 897 452 938 facere
462 901 590 937 oportuit
604 896 621 927 ,ἲ
648 898 731 928 Anne
743 903 776 927 ut
788 905 853 928 cum
868 903 926 937 pro
940 890 1087 937 Episcopo
1100 889 1187 923 habe-

292 958 390 981 remus
405 972 416 986 ‚
441 944 690 989 quemadmodum
702 945 844 978 habemus
855 969 865 984 ‚
894 956 935 975 an
954 943 1057 984 potitis
1082 942 1186 973 acom-

293 1003 430 1031 mum'one
458 997 660 1038 repelleremus
675 996 690 1026 ἒ
718 999 790 1027 Haec
810 994 930 1035 quidem
954 1002 1003 1034 ego
1016 1015 1027 1031 ,
1055 1001 1110 1022 non
1121 998 1185 1022 tan-

294 1059 387 1090 quam
403 1058 499 1081 eorum
527 1044 646 1088 causam
669 1056 763 1089 agens
781 1042 878 1086 scribo
893 1066 903 1081 ‚
924 1040 990 1084 sed·
1001 1048 1034 1075 ut
1057 1039 1185 1076 <vvobis

291 1100 382 1142 fidem
385 1098 519 1140 facerem
530 1102 610 1130 viros
631 1093 783 1135 istos'juste
806 1095 839 1127 cr
849 1094 988 1125 canonice
1018 1093 1038 1123 ἃ
1049 1090 1131 1122 nobis
1142 1102 1184 1123 re-

294 1158 390 1190 ceptos
415 1149 465 1190 esse
478 1171 488 1187 ,
515 1149 548 1181 (y
563 1157 617 1181 vos
630 1146 752 1178 minime*
776 1142 885 1175 habere
896 1140 1013 1183 caiisarn
1021 1142 1164 1183 litigandi
1176 1165 1183 1172 .

295 1197 432 1236 Affidue
444 1188 591 1231 inculca?
604 1195 753 1229 laudatos
768 1192 955 1235 Episcopos
974 1202 1042 1224 non
1057 1191 1073 1223 a
1086 1190 1186 1224 totius

297 1248 492 1282 Occidentis
519 1245 658 1288 Synodo
681 1267 693 1284 ,
721 1241 773 1276 sed
801 1243 819 1275 a
849 1243 880 1275 se
902 1249 1058 1285 receptos.
1075 1240 1111 1274 in
1139 1241 1184 1273 sui

297 1298 424 1333 ordinis
448 1294 723 1330 communionem
757 1317 769 1333 ,
809 1292 843 1326 δε
868 1292 888 1324 ὲ
926 1301 1088 1335 perperam
1111 1289 1187 1333 inje-

298 1350 350 1381 &o
363 1345 607 1392 degradationis
619 1343 755 1378 vinculo
767 1341 938 1376 absolutos
947 1366 954 1373 .
984 1339 1089 1388 Qod
1103 1351 1188 1373 nem·

298 1397 337 1440 pe
361 1409 429 1432 non
454 1396 496 1430 ad
518 1395 611 1429 istam
624 1393 797 1437 Synodum
812 1415 825 1431 ,
849 1392 903 1425 sed
931 1390 972 1425 ad
996 1391 1064 1424 sola
1080 1390 1186 1445 Samsti

299 1448 387 1483 Petri
400 1446 553 1490 Apostoli
570 1444 741 1488 privilegia
754 1441 964 1485 appellassent
977 1466 984 1473 .
1015 1440 1058 1474 Et
1074 1440 1189 1482 adjun-

298 1500 349 1542 git
377 1509 385 1529 :
412 1492 522 1529 'Omnia
538 1493 702 1537 siccandum
723 1497 880 1526 Canonem
895 1491 1025 1532 fecimus
1049 1515 1057 1523 .
1084 1489 1188 1537 Qod

300 1546 406 1591 ipsum
436 1547 589 1580 asseverat
616 1545 651 1582 in
679 1541 907 1578 Eoelefiafflow
925 1539 1059 1582 historia
1086 1539 1187 1572 etiam

299 1595 537 1632 Theodoretus
560 1621 567 1628 .
595 1594 640 1628 Et
665 1592 1008 1637 Philippopolitanum
1034 1587 1190 1622 Eusebia-

298 1657 348 1679 nae
360 1646 513 1680 {astionis
526 1643 796 1678 conventiculum
808 1641 919 1674 scribit
930 1652 942 1671 v:
961 1639 1085 1684 Julium
1099 1636 1188 1671 Urbis

299 1700 400 1729 Rome
424 1695 588 1726 damnavit
608 1702 692 1732 omne
704 1691 868 1726 Concilium
876 1688 1036 1734 secundim
1047 1686 1191 1733 antiquis-

293 1745 400 1788 simam
413 1745 525 1787 legem,
550 1741 742 1776 ut-aunorem
763 1746 971 1777 communionis
990 1742 1129 1776 Marcam
1150 1742 1188 1775 ’Φ

301 1793 476 1836 Athanasii,
502 1802 729 1836 caeterorumque
747 1793 972 1837 fteleratorum:
1002 1792 1048 1827 Et
1059 1791 1186 1828 iterum:

294 1850 326 1895 J
330 1847 420 1878 ulium
442 1844 530 1877 Urbis
555 1844 657 1877 Roma
668 1855 684 1884 ‚·
704 1853 738 1876 ut
752 1846 919 1885 Principem
947 1845 981 1877 Θ
995 1845 1106 1877 Ducem
1126 1855 1191 1877 ma.

299 1898 392 1930 lorum
405 1919 415 1936 ‚
440 1900 492 1938 qui
512 1899 630 1936 primus
645 1896 778 1936 januam
799 1899 1007 1927 communiones
1037 1891 1190 1936 sceleratis

299 1955 389 1989 atque
411 1947 568 1978 damnatis
598 1950 715 1987 aperuit
743 1970 754 1986 ‚
780 1942 949 1987 caeterisque
969 1944 1088 1976 aditum
1108 1942 1187 1984 fecit

301 1999 347 2030 ad
363 1994 512 2039 solvenda
529 1997 606 2037 jura
628 1999 770 2035 Divina,
795 1993 1031 2036 defendebatque
1053 1991 1187 2027 Athana-

303 2046 379 2089 fium
396 2044 607 2088 praesumenter
626 2054 717 2087 atque
728 2045 884 2078 audaciter
903 2068 915 2085 ,
930 2042 1087 2077 >bominem
1106 2045 1190 2082 cujus

310 2108 362 2131 nec
373 2096 457 2136 testes
468 2104 612 2134 noverat,
639 2105 687 2127 nec
697 2092 875 2136 accusatores
888 2118 895 2125 .
923 2093 1006 2126 Non
1017 2091 1062 2125 ab
1082 2092 1190 2133 aliqua

309 2146 469 2190 synodo,
493 2145 545 2178 sed
570 2144 589 2175 ὲ
609 2143 680 2176 solo
702 2143 790 2184 Iulio
813 2142 951 2174 affirmat
973 2138 1188 2173 Athanasium

309 2193 550 2231 &Marcellum
573 2201 716 2234 receptos
741 2190 775 2223 in
805 2187 941 2234 gradum
955 2196 967 2228 3
983 2189 1135 2232 ‘ideoque
1156 2190 1191 2224 ὃ(

310 2245 408 2278 istum
422 2241 527 2277 solum
538 2241 673 2275 damnat
687 2264 699 2281 ,
727 2249 896 2283 tamquam
907 2238 1020 2273 veteris
1031 2247 1086 2282 per
1097 2238 1191 2282 quin-

310 2302 382 2327 tum
408 2293 582 2326 Nicaenum
606 2290 794 2325 confirmati
805 2289 953 2323 Canonis
973 2290 1191 2332 praevaricato-

310 2354 377 2377 rem
392 2367 400 2375 .
429 2342 514 2389 Qae
534 2341 648 2374 omnia
670 2339 735 2374 alte
755 2339 897 2373 clamant
920 2337 1136 2372 Athanasium
1156 2338 1189 2372 &

310 2394 394 2427 alios
419 2403 496 2426 cum
530 2392 600 2435 ipso
623 2389 794 2424 damnatos
814 2388 1062 2434 Episcoposad
1083 2388 1189 2423 solum

313 2442 432 2486 Julium
444 2441 631 2484 provocasse
644 2464 653 2473 .
968 2452 969 2455 ¹
1164 2448 1167 2450 ·

362 2493 445 2527 Haec
465 2490 649 2526 Zozomeni
670 2489 764 2525 verba
777 2513 790 2531 ,
818 2491 912 2534 ,Quod
925 2487 958 2533 sit
979 2487 1137 2532 inconsulto
1149 2489 1188 2522 de

311 2542 360 2577 bis
382 2548 460 2578 viris
475 2541 672 2586 judicassent,
698 2540 835 2584 exponit
857 2541 892 2574 in
915 2539 1049 2574 laudato
1066 2539 1106 2574 ad
1119 2538 1188 2572 An-

310 2592 501 2627 tiochenam
523 2591 695 2634 synodum
709 2590 882 2633 Rescripto
904 2589 1052 2624 laudatus
1074 2589 1187 2623 Ponti-

309 2646 385 2678 fex:
412 2645 445 2676 Si
456 2666 467 2682 ‚
486 2650 517 2674 ut
529 2641 628 2680 dicitis
638 2663 649 2679 ‚
673 2635 788 2673 omnino
800 2645 832 2672 in
844 2643 928 2682 culpa
931 2640 1061 2682 fuerunt
1072 2665 1083 2681 ,
1108 2648 1186 2682 opor-

312 2699 372 2727 tuit
386 2691 546 2736 secundum
557 2697 707 2726 Canonem
718 2715 731 2731 ,
761 2691 795 2724 (¹5-
808 2702 866 2724 non
889 2690 940 2731 isto
951 2691 1033 2723 modo
1038 2691 1187 2731 judicium

307 2744 380 2790 fieri·
395 2767 402 2775 .
430 2746 564 2784 oportuit
580 2740 709 2784 scribere
729 2739 863 2773 omnibus
886 2739 968 2774 nobis
986 2764 998 2780 ,
1024 2749 1058 2773 ut
1079 2746 1124 2773 ita
1147 2739 1187 2772 ab

309 2792 444 2828 omnibus
465 2793 545 2833 quod
561 2791 674 2832 Justum
699 2791 765 2834 effet
786 2791 991 2824 decerneretur
1011 2813 1020 2822 .
1048 2788 1187 2833 Episcopi

309 2848 394 2878 enim·
416 2849 527 2880 erant,
552 2841 586 2874 ὑ·
600 2852 658 2874 non
678 2842 813 2885 vulgaris
826 2839 982 2882 Ecclefiae‚
1011 2846 1062 2883 qui
1072 2840 1125 2882 ista
1132 2848 1187 2881 pa-

310 2892 482 2931 tiebantur,
503 2888 561 2932 fed
579 2900 669 2932 quam
691 2890 746 2933 ipsi
759 2890 883 2932 Apostoli
901 2888 1017 2934 suamet
1035 2897 1123 2932 opera
1144 2890 1189 2922 ad

306 2944 399 2986 fidem
421 2940 622 2983 instruxerant
646 2964 654 2971 .
681 2944 744 2974 Cur
764 2946 855 2985 igitur
879 2965 890 2981 ‚
916 2943 953 2975 et
983 2945 1122 2983 inprimis
1148 2942 1186 2974 de

311 2992 523 3026 Alexandrina
533 2994 668 3024 civitate
679 3012 691 3028 ,
715 2990 792 3024 nibil
801 2991 884 3024 nobis
893 2989 1017 3033 scribere
1028 2989 1160 3031 voluistis
1175 2993 1188 3023 .>

312 3047 358 3074 An
379 3046 475 3083 ignari
498 3040 565 3080 estis
578 3038 656 3073 banc
666 3039 898 3082 consuetudinem
917 3041 988 3084 effe,
1014 3050 1049 3074 ut
1054 3042 1185 3083 primum

312 3091 395 3125 nobis
408 3088 557 3132 scribatur
567 3113 578 3130 ,
605 3098 639 3122 ut
655 3087 724 3122 binc
734 3091 930 3132 quodsustum
945 3090 982 3131 est
994 3091 1114 3133 definiri
1121 3088 1187 3133 pos-

305 3140 376 3187 set?
403 3141 592 3182 ,Quapropter
606 3138 700 3180 stillio
711 3138 877 3182 hujusmodi
883 3140 1007 3185 suspicio
1019 3147 1052 3173 in
1064 3139 1184 3183 Episco-

307 3201 383 3235 pum
404 3197 541 3230 concepta
545 3187 652 3229 fuerat
667 3212 679 3229 ‚
703 3190 738 3222 id
755 3188 809 3223 buc
826 3192 870 3224 ad
892 3190 1016 3232 nostram
1028 3190 1185 3233 Ecclesiam

310 3241 418 3283 referri
437 3243 562 3283 oportuit
581 3262 590 3270 .
622 3242 715 3272 Nunc
737 3249 835 3273 autem
863 3253 934 3283 nos,
961 3253 1031 3285 quos
1053 3246 1185 3275 certiores

312 3291 435 3325 minime*
446 3289 584 3332 fecerunt
594 3312 603 3329 ‚
628 3287 780 3331 postquam
781 3292 851 3331 jam
861 3301 980 3335 egerunt
991 3293 1070 3335 quod
1078 3291 1163 3324 libuit
1175 3315 1185 3330 ‚

309 3341 518 3385 suffragatores
541 3336 606 3382 suae
628 3339 830 3373 damnationis
843 3365 854 3381 ,
879 3347 924 3375 cui
946 3354 998 3375 nos
1021 3354 1078 3376 non
1096 3346 1186 3374 inter-

307 3392 447 3438 jermus,
471 3389 523 3434 effe
542 3389 663 3423 volunt.
693 3393 765 3422 Non
784 3388 868 3433 irase
887 3390 1000 3425 habent
1011 3392 1185 3426 Pauliordi-

1225 587 1229 607 l

1247 342 1386 376 Canone
1423 344 1559 385 spestare
1596 344 1637 379 ad
1675 345 1866 379 Romanum
1908 345 2104 390 Episcopum
2117 371 2129 387 ‚

1248 391 1465 426 Athanasium
1486 394 1550 427 sine
1578 397 1693 437 praevia
1720 394 1761 428 ad
1788 396 1818 428 se
1840 395 1997 430 relatione
2022 407 2133 439 neque

1248 454 1302 485 pet
1313 442 1455 485 Tyriam
1468 466 1478 482 ‚
1506 442 1610 486 necue
1629 445 1944 487 pet-'Antiochenam
1957 445 2128 488 synodum

1248 492 1394 531 damnari
1408 492 1544 535 petuisse
1559 518 1569 533 ,
1591 493 1730 536 ideoque
1739 495 1850 528 omnia
1862 497 2026 539 utriusque
2039 496 2130 530 Con·

1249 552 1365 576 ventus
1375 542 1410 575 in
1423 543 1529 585 ipsum
1542 542 1622 577 Asta
1633 544 1695 577 esse
1721 555 1787 577 non
1803 545 1972 587 synodalia
1983 545 2104 588 judicia
2117 569 2130 587 ,

1248 591 1300 625 sed
1312 592 1500 636 irregularia
1516 593 1688 628 Attentata
1701 619 1709 626 .
1736 594 1847 628 Etiam
1862 594 2010 629 Marcelli
2024 619 2035 636 ,
2047 596 2131 629 Pau-

1247 641 1272 674 li
1300 661 1311 681 ,
1336 641 1433 675 Lucii
1461 666 1471 682 ‚
1497 643 1530 676 &
1557 642 1757 687 Asclepiadis
1783 642 2031 679 damnationem
2057 644 2129 688 post

1249 690 1444 735 Episcopale
1463 692 1623 734 judicium
1642 694 1818 728 debuerant
1841 695 1995 729 retuliffe.
2025 696 2130 729 Hunc

1247 742 1338 775 enim
1360 743 1421 776 esse
1443 753 1581 776 veterem
1594 743 1742 777 Eccleiiae
1761 754 1885 778 morem
1909 746 2128 780 &Canonem

1250 791 1369 835 scripsit
1381 790 1432 826 -ad
1444 793 1596 826 Sanctum
1611 793 1806 827 victricium
1828 792 2129 838 Rothomagensem

1250 842 1450 886 Episcopum
1461 844 1592 877 Sanctus
1605 842 1820 878 Innocentius
1834 843 1955 886 primus
1968 869 1974 875 .
1987 844 2031 878 Et
2043 843 2131 888 quod

1250 900 1318 925 non
1333 893 1400 927 sola
1413 893 1548 936 prioris,
1578 893 1633 928 sed
1646 894 1745 928 etiam
1760 893 1946 937 posterioris
1964 894 2132 928 relationis

1248 943 1378 977 omissio
1403 943 1557 988 judicium
1582 955 1696 978 vacuet
1721 945 1756 978 &
1779 943 1950 985 exsufflet,
1976 945 2037 978 suo
2056 942 2132 982 loco

1249 991 1415 1027 ostensum
1429 993 1472 1027 est
1485 1018 1495 1034 ‚
1522 995 1554 1028 δε
1568 993 1676 1029 adhuc
1688 994 1896 1038 ostendetur.

1299 1041 1379 1075 Haec
1391 1044 1471 1087 ergo
1483 1044 1528 1079 est
1539 1046 1613 1078 faffl
1629 1045 1767 1089 species:
1797 1042 1992 1080 Athanasius
2004 1069 2015 1086 ,
2041 1045 2132 1079 Mar«

1249 1091 1349 1125 celius
1360 1115 1370 1130 ‚
1391 1092 1513 1126 Paulus
1525 1118 1536 1133 ‚
1562 1094 1684 1128 Lucius
1699 1121 1709 1136 ,
1736 1097 1770 1129 ἃ
1783 1095 1939 1139 Asclepas
1950 1121 1960 1136 ‚
1986 1095 2028 1130 ab
2040 1095 2133 1129 Aria-

1251 1145 1292 1175 n'a
1307 1140 1441 1175 Eusebii
1453 1142 1716 1177 Nicomedienfis
1731 1145 1882 1188 Episcopi
1893 1146 2033 1180 &stione
2042 1144 2132 1179 dam-

1252 1192 1319 1225 nati
1340 1191 1465 1225 &dura
1486 1193 1564 1236 paffi
1578 1217 1589 1233 ,
1614 1194 1818 1236 appellarunt
1839 1195 1885 1233 ad*
1903 1195 2020 1229 Sedem
2039 1197 2131 1237 Apo·

1251 1240 1397 1281 stolicam'
1408 1263 1419 1280 ,
1445 1242 1800 1278 Romamaecefferunt
1813 1268 1824 1284 ‚
1833 1244 1883 1278 ‘ex
1897 1244 1966 1288 ipsis
1978 1245 2134 1278 damnam

1251 1292 1335 1324 tium
1352 1291 1576 1334 synodorum
1601 1292 1692 1328 Attis
1714 1294 1980 1335 demonstrarunt
2018 1295 2134 1329 cuneta

1253 1341 1413 1375 violenter
1424 1351 1583 1375 attentata
1604 1355 1721 1377 contra
1735 1342 1890 1378 Canones
1902 1368 1912 1384 ‚
1940 1344 2030 1378 firma
2042 1344 2060 1377 a
2074 1346 2135 1377 suae

1252 1390 1379 1433 Synodi
1393 1400 1449 1425 aut
1461 1391 1648 1427 Dioeceseos
1660 1393 1808 1436 Collegis
1821 1393 2030 1428 contulerunt
2042 1396 2137 1428 inno,

1251 1441 1371 1476 centia*
1385 1441 1573 1475 testimOnia
1594 1467 1606 1483 ,
1632 1444 1666 1476 δε
1690 1443 1832 1485 adjuvari
1854 1444 2058 1487 postularunt
2080 1455 2137 1488 po*

1252 1489 1365 1523 testare
1384 1489 1438 1523 illa
1454 1514 1465 1529 ,
1487 1501 1586 1532 quam
1600 1491 1833 1525 SanstoJPetro
1844 1493 1936 1527 dedit
1945 1494 2138 1527 Dominus:

1237 1538 1403 1579 ‘confirma
1428 1542 1557 1572 Fratres
1581 1548 1666 1571 tuor.
1693 1539 1738 1583 Et
1753 1541 1856 1583 Julius
1868 1542 2008 1575 omnino
2020 1544 2139 1577 confir-

1251 1587 1352 1620 mavit
1374 1611 1385 1626 ,
1412 1588 1580 1631 praesertim
1597 1600 1599 1603 ·
1614 1586 1831 1624 Athanasium
1852 1605 1863 1624 .-
1899 1592 2004 1639 Qiod
2030 1592 2139 1636 Tyria

1250 1636 1404 1680 synodus
1425 1637 1468 1672 de
1490 1647 1607 1679 tanto,
1633 1638 1813 1682 &quidem
1835 1641 1948 1675 alienae
1957 1642 2139 1685 Dioecesis,

1251 1686 1437 1722 Patriarcha
1473 1688 1540 1723 fine
1586 1689 1703 1732 praevia
1741 1690 1900 1725 relatione
1934 1691 2103 1735 judicasset
2130 1719 2139 1727 .

1251 1739 1357 1775 Tanti
1380 1737 1492 1783 judicii
1514 1738 1598 1773 dixit
1609 1739 1641 1773 se
1662 1738 1778 1775 debere
1802 1740 1865 1775 esse
1886 1752 1955 1776 non
1966 1743 2139 1779 dumtaxat

1251 1791 1503 1836 suffragatorem
1517 1817 1529 1833 ,
1555 1787 1610 1826 sed
1632 1791 1733 1826 etiam
1755 1791 1961 1828 Auctorem.
1989 1794 2034 1827 Et
2057 1792 2139 1829 hino

1251 1839 1555 1888 philippopolitana
1578 1843 1674 1876 factio
1693 1842 1799 1888 ipsum
1821 1844 1953 1890 arguit,
1980 1842 2071 1889 quod
2091 1855 2139 1879 re-

1253 1894 1386 1937 parasset
1397 1893 1569 1928 hominem
1579 1917 1589 1933 ,
1614 1894 1708 1939 cujus
1718 1906 1779 1929 nec
1792 1895 1885 1930 testes
1895 1894 2063 1929 audiverat
2075 1906 2138 1928 nec

1252 1945 1453 1979 accusatores
1466 1970 1474 1977 .
1501 1943 1714 1980 Verumsme
1729 1944 1949 1980 fundamento
1965 1965 1982 1977 .-
1999 1945 2135 1980 Etenim

1253 2005 1320 2028 non
1343 1994 1437 2037 plene
1448 2005 1622 2039 reparatae.
1658 1995 1883 2031 Laudatorum
1897 1995 2136 2039 Episcoporum

1250 2043 1525 2086 appellationibus
1551 2046 1766 2089 suspensivum
1790 2047 1940 2081 effectum
1963 2045 2137 2082 dumtaxat

1238 2086 1408 2126 detulerat
1430 2092 1521 2134 juxta
1542 2095 1774 2136 Apostolicum
1798 2096 1974 2132 Canonem
1997 2121 2009 2138 ,
2037 2107 2136 2140 atquc

1251 2142 1296 2173 ita
1321 2140 1409 2184 ipsos
1432 2142 1521 2175 salvo
1548 2141 1694 2176 ulteriori
1721 2145 2077 2181 examine-“retinuerat
2101 2147 2137 2180 δε

1249 2190 1431 2225 firma-verat
1442 2191 1475 2224 in
1491 2191 1629 2238 pristino
1638 2191 1740 2237 gradu
1766 2192 1800 2226 δε
1812 2194 1866 2227 sua
1877 2196 2114 2230 communione
2127 2221 2136 2229 .

1239 2240 1294 2274 >Et
1315 2239 1357 2274 'ad
1377 2241 1515 2274 ulterius
1536 2252 1672 2276 examen
1698 2243 1733 2277 δι
1749 2243 1849 2277 causae
1867 2245 2134 2280 retractationem

1250 2289 1371 2333 priores
1393 2289 1525 2332 Iudices
1541 2292 1691 2325 evocavit
1715 2292 1858 2327 Romam
1873 2318 1885 2334 ,
1911 2294 2039 2329 filturos
2063 2295 2135 2330 istic

1249 2350 1324 2374 reos
1345 2348 1401 2373 aut
1424 2342 1620 2375 accusatores
1634 2365 1646 2382 ‚
1669 2342 1703 2375 <Sc
1714 2341 1846 2377 daturos
1859 2346 1988 2379 actuum
2002 2346 2133 2380 suorum

1249 2389 1446 2424 rationem.-
1471 2390 1650 2425 Praesertim
1677 2392 1768 2436 quod
1798 2394 1946 2428 &titionis
1980 2395 2134 2440 Princeps

1249 2439 1410 2474 Eusebius
1423 2439 1467 2474 ita
1480 2440 1665 2484 postulasset
1676 2467 1684 2474 .
1698 2440 1800 2491 Qod
1810 2454 1878 2477 non
1890 2439 2004 2479 omnes
2015 2445 2135 2481 Orien-

1251 2488 1339 2524 tales
1353 2490 1557 2534 Episcopos,
1583 2490 1640 2526 sed
1659 2492 1747 2526 solos
1767 2492 1968 2530 Eusebianos
1977 2506 2135 2531 evocave-

1251 2541 1314 2580 rit,
1339 2539 1455 2575 diferte
1474 2542 1611 2576 affirmat
1634 2541 1669 2576 in
1691 2542 1863 2587 Rescripto
1884 2545 1926 2580 ad
1949 2545 2132 2580 Antioche-

1251 2600 1328 2624 nam
1352 2589 1545 2634 Synodum‚
1570 2602 1669 2635 atque
1688 2592 1838 2639 adjungit
1863 2608 1878 2628 e
1902 2602 1975 2631 Haec
1989 2597 2132 2638 potiffimae

1249 2638 1323 2673 mihi
1337 2638 1486 2683 scribendi
1506 2646 1582 2675 ratio
1585 2641 1676 2684 fuit,
1701 2651 1734 2676 ut
1753 2643 1808 2677 buc
1819 2650 1984 2686 veniretis,
2012 2657 2069 2688 quo
2077 2658 2131 2680 vo-

1248 2690 1295 2722 bis
1311 2688 1511 2733 praesentibus
1533 2697 1631 2725 omnia
1654 2697 1757 2736 corrigi
1780 2692 2043 2738 &sanaripoff‘ent
2061 2720 2072 2737 ‚
2094 2707 2130 2730 ac

1244 2747 1402 2783 propterea
1411 2742 1536 2774 alacrius
1546 2744 1567 2774 a
1580 2742 1664 2775 vobis
1685 2744 1720 2777 (ν
1725 2742 1788 2784 fine
1795 2743 1974 2787 recusatione
1983 2756 2130 2779 occurren-

1248 2792 1320 2824 dum
1336 2790 1402 2832 fuit
1415 2814 1425 2830 ,
1449 2802 1485 2825 ne
1496 2796 1545 2834 qui
1555 2791 1695 2826 hactenus
1707 2792 1835 2835 infamia
1854 2794 1975 2833 iliorum
1988 2793 2130 2838 scelerum

1248 2841 1390 2875 laborant
1410 2865 1422 2883 ‚
1449 2848 1632 2876 contumacia
1669 2853 1726 2876 non
1751 2846 1939 2886 comparendi
1963 2852 1996 2879 in
2014 2847 2129 2887 judicio

1247 2891 1355 2925 libellos
1376 2900 1479 2926 contra
1496 2890 1530 2935 se
1551 2894 1638 2926 datos
1662 2893 1826 2928 videantur
1849 2894 1980 2936 refellere
1998 2906 2058 2928 non
2077 2903 2129 2936 po-

1245 2941 1342 2985 tuffi‘·.
1372 2941 1496 2977 Lucide
1506 2943 1611 2977 asserit
1634 2943 1741 2987 ipsos,
1769 2955 1838 2978 non
1859 2954 2026 2988 tamquam
2039 2944 2127 2988 Judi-

1245 3003 1298 3026 ces
1322 2991 1363 3027 ad
1375 2991 1545 3036 synodum
1559 3017 1570 3032 ,
1596 2993 1650 3027 sed
1672 3002 1837 3036 tamquam
1859 3004 1930 3028 reos
1954 2995 1995 3029 ad
2006 2994 2127 3030 Tribu-

1245 3041 1299 3075 nal
1312 3043 1404 3077 fuisse
1413 3052 1567 3077 evocatos
1580 3067 1587 3074 .
1614 3042 1660 3076 Et
1673 3044 1906 3078 evocationem
1929 3044 2023 3079 fuiffe
2033 3044 2125 3087 juxta

1247 3092 1403 3126 canones
1425 3092 1542 3127 diserte
1563 3093 1700 3127 affirmat
1722 3092 1970 3128 Theodoretus.
2000 3094 2125 3128 Verum

1246 3140 1336 3185 quod
1359 3153 1426 3176 non
1447 3152 1694 3186 comparerent,
1721 3143 1874 3178 &moras
1894 3155 1936 3177 ex
1956 3143 2058 3177 moris
2070 3155 2124 3178 ne-

1247 3193 1368 3225 sterent
1391 3216 1402 3233 ‚
1428 3193 1532 3238 pergit
1559 3192 1744 3227 Pontifex:
1773 3197 1889 3227 Praeter
1925 3192 1988 3226 baec
2025 3200 2126 3227 omnia

1245 3252 1358 3274 annum
1368 3250 1460 3276 totum
1470 3267 1481 3284 ‚
1507 3246 1540 3277 (θ’
1554 3251 1684 3287 integros
1692 3242 1747 3287 [εκ-
1759 3241 1871 3286 menses
1883 3243 1968 3285 apud
1976 3254 2028 3276 nos
2042 3242 2125 3285 baefie

1247 3289 1419 3333 Athanasius
1443 3317 1454 3333 ,
1480 3293 1608 3332 vestram
1626 3291 1819 3336 praesentiam
1841 3292 2018 3336 exspeoqans
2037 3316 2048 3332 ‚
2071 3299 2125 3326 aut

1245 3350 1381 3383 quotquot
1411 3352 1575 3385 comparere
1584 3345 1728 3377 auderent
1739 3367 1751 3384 ,
1772 3342 1885 3386 suaque
1894 3341 2061 3386 praefintia
2064 3350 2128 3384 pu·

1245 3390 1354 3432 defecit
1378 3404 1494 3427 omnes.
1522 3398 1594 3427 Non
1616 3400 1695 3427 enim
1710 3395 1826 3434 judicio
1836 3392 1955 3435 stetffit
1975 3414 1985 3429 ‚
2011 3388 2064 3432 nisi
2074 3390 2124 3435 fiii

315 3447 450 3480 nationes
474 3463 485 3480 ,
513 3451 570 3472 non
594 3441 641 3472 ita
667 3441 776 3472 Patres
801 3441 961 3476 docuerunt
981 3466 995 3483 ,
1013 3438 1071 3486 sed
1082 3440 1183 3483 fastus
1241 3442 1384 3485 fiduciam
1408 3441 1547 3486 habuiffet
1563 3467 1571 3477 .
1598 3447 1706 3487 Neque
1722 3441 1846 3486 sponte,
1867 3440 1925 3485 sed
1944 3442 2057 3476 litteris
2078 3453 2127 3485 neg

414 3488 517 3530 Christ.
524 3492 603 3533 Lupi
614 3493 697 3532 oper.
704 3492 821 3524 TomV.

1735 3492 1765 3527 Z
2009 3490 2079 3534 stris
