2366 3756
165 801 226 833 Lib.
256 812 279 832 1.

165 845 288 881 EP-454·

415 180 513 229 374

349 253 398 286 nis
419 252 596 290 deprlmztur
616 270 627 287 ‚
657 245 797 291 subJ‘eHis
819 258 919 283 autem
938 257 996 292 per
1018 249 1224 286 audioritatem

344 299 504 346 fiaeperioris
534 296 670 341 Ec'clefiae
697 297 875 342 subvenitur
907 324 918 342 ‚
949 298 1059 343 fhpitis
1093 301 1223 342 undique

340 351 453 392 jurgiis
474 373 485 388 ‚
523 350 557 385 (w
577 349 726 387 synodalis
749 355 899 382 examinis
931 358 1067 392 concepta
1082 349 1223 391 formidi-

348 410 384 433 ne
402 423 413 439 ‚
453 403 553 433 omnia
567 396 657 442 simul
679 397 812 441 Eccleffie
832 399 964 436 membra
984 400 1222 442 confaederentur

346 454 379 483 in
396 456 468 492 pace
489 473 496 481 .
523 447 771 493 Corruptiffima
794 459 943 494 tempora
968 449 1051 484 vidit
1075 448 1225 485 laudatus

345 498 460 534 Petrus
480 513 491 535 .·
531 499 712 545 Episcopos
748 498 833 534 varie
860 500 1084 541 criminosos,
1120 500 1224 544 impo-

344 557 451 583 tenter
485 549 521 584 in
555 549 656 586 Clero
691 549 868 593 &populo
890 550 1101 585 dominantes
1131 576 1142 592 ,
1178 549 1224 585 ob

342 597 481 636 subditis
515 609 656 642 ereptam
681 600 852 635 accusandi
882 599 1072 649 facultatem
1092 599 1224 636 duratos

341 648 378 683 in
413 650 478 685 suis
498 648 623 684 deliciis
646 675 657 691 ,
695 649 834 694 ideoque
866 649 958 685 istam
991 652 1135 696 regulam
1168 651 1223 685 ille

340 699 466 735 censuit
499 711 631 743 pravam
666 697 699 735 ὅ(
734 700 998 746 proscribendam
1036 726 1043 736 .
1087 700 1223 746 Regulae

339 759 451 787 tamen
493 751 526 785 in
562 750 677 786 litteris
708 751 749 786 ad
789 750 1012 787 Timotheum
1052 751 1222 785 Leecorem

340 799 518 845 plurimsrm
540 802 626 835 favet
652 801 793 836 Ifidorus
819 800 981 837 Pelufiota
1003 814 1011 834 :
1049 805 1122 835 Non
1136 799 1222 846 falsa

339 852 501 885 dumtaxat
534 851 681 893 accusatio
702 876 713 892 ,
751 851 855 887 veram
887 858 980 886 etiam
1003 852 1148 892 vertffima
1167 876 1180 892 ,
1200 849 1228 892 fi

342 902 492 934 adversas
527 904 652 935 Patrem
678 900 771 946 [ohim
788 902 849 947 fiat
870 925 882 942 ,
915 903 1079 945 parricidae
1107 907 1222 936 exitum

335 957 494 995 parturit,
520 952 605 986 velut
633 951 749 985 Chamo
771 950 915 995 accusatio
936 956 1004 988 Noe
1026 977 1033 985 .
1075 951 1220 988 Similem

338 1013 379 1037 ex
417 1001 539 1046 Magni
568 1001 725 1048 Gregorii
757 1001 938 1037 moralibus
983 1001 1076 1041 libris
1110 1001 1219 1036 locum

339 1049 474 1087 adducit
495 1050 531 1086 in
559 1061 741 1087 memorata
772 1052 813 1088 ad
833 1049 1053 1090 Amblardum
1075 1050 1219 1095 Epistola

338 1100 515 1137 Goffiedus
540 1100 796 1138 Vindocinensis
817 1129 828 1145 ,
853 1103 975 1138 exinde
992 1099 1133 1145 probans
1153 1101 1220 1135 Ab·

336 1149 444 1189 batem
474 1151 493 1187 a
528 1153 586 1189 suo
622 1152 799 1191 Monacho
831 1163 901 1188 non
936 1153 1024 1200 poste
1058 1149 1242 1188 accusari.·

716 165 756 208 S.
791 162 1108 213 GRcoonxr
1147 178 1380 214 εεΡτιΜι
1415 165 1773 214 Pommcxs

1284 249 1482 287 consonant
1515 248 1549 283 &
1569 246 1769 296 Apostolicae
1796 245 2048 285 constitutiones
2069 275 2076 284 .
2115 251 2162 287 Et

1282 298 1340 334 has
1363 299 1494 337 forfitan
1514 322 1525 343 ,
1553 310 1624 346 quae
1646 297 1746 347 longe
1767 297 1799 331 se
1813 296 2026 342 posteriorem
2049 298 2162 338 Ifidori

1283 349 1478 389 Mercatoris
1489 349 1638 385 codicem
1657 360 1727 384 non
1740 347 1847 392 potuit
1868 347 2042 394 respicere,
2067 350 2164 395 Sym-

1282 399 1393 438 machi
1413 399 1586 435 Pontifici's
1607 398 1762 446 Synodus
1783 397 1943 442 respexit.

1330 446 1506 496 Qidquicl
1538 449 1608 489 fit,
1650 448 1744 483 istam
1774 446 1871 491 huius
1905 446 2034 492 Synodi
2063 446 2163 484 unde-

1283 510 1427 544 cumque
1448 499 1656 543 desumptam
1677 497 1844 544 Regulam
1870 496 1996 534 dudum
2016 496 2162 534 observa-

1283 549 1331 584 vit
1351 549 1507 586 Romana
1529 549 1672 584 Ecclefia
1689 573 1700 591 ,
1727 559 1789 584 nec
1809 545 1855 584 ob
1874 546 2027 585 addustas
2044 548 2062 583 a
2083 548 2163 584 San-

1282 602 1335 633 &o
1371 599 1469 635 Petro
1502 599 1660 635 Damiani
1691 598 1835 634 rationes
1862 598 1990 634 censuit
2017 598 2161 634 deseren-

1282 650 1357 683 dam
1381 676 1388 686 ,
1417 651 1549 685 Etenim
1570 651 1621 685 uti
1643 648 1804 685 libertinis
1825 647 1995 694 Episcopis
2029 660 2067 683 ac
2088 648 2161 683 aliis

1282 699 1460 744 Praepofitis
1477 724 1488 742 ,
1515 700 1561 735 ita
1581 704 1714 745 quoque
1733 697 1941 734 calumniofis
1963 697 2101 734 ClericIS
2124 699 2160 735 &

1281 750 1392 787 Laicis
1410 758 1492 787 tunc
1511 750 1701 788 abundabat
1723 747 1865 786 Ecclefia
1887 772 1900 790 ‚
1935 746 2076 793 ideoque
2101 746 2160 782 ho-

1281 812 1353 836 rum
1384 800 1623 839 malevolentiae
1652 810 1723 835 non
1751 807 1878 845 poterat
1908 797 2044 834 istorum
2065 809 2161 834 accu-

1281 850 1362 885 satio
1382 851 1527 895 permitti
1551 877 1558 886 .
1596 849 1659 887 Sed
1682 861 1790 895 neque
1810 848 1878 884 inis
1898 850 1973 884 ansa
1996 849 2101 894 plenae
2121 848 2162 882 ii-

1280 900 1412 937 bertatis
1431 926 1439 934 .
1475 901 1570 936 Hinc
1606 901 1694 945 ipsos
1725 898 1812 944 apud
1848 898 2078 944 Apostolicam
2105 898 2159 932 Se-

1279 951 1352 986 dem
1365 975 1376 993 ‚
1401 964 1440 986 ac
1462 950 1504 987 de
1523 951 1593 996 ejus
1612 950 1707 986 venia
1726 950 1827 985 etiam
1849 949 1936 995 apud
1954 948 2081 984 alienos
2106 947 2158 991 Ju-

1279 1001 1366 1036 dices
1392 1002 1535 1039 accusari
1566 1001 1585 1036 a
1613 1001 1678 1036 suis
1710 1000 1849 1037 subditis
1881 998 2026 1045 permisit
2048 997 2158 1033 noster

1279 1048 1460 1095 Gregorius
1485 1076 1492 1086 .
1533 1050 1665 1094 Regula
1702 1049 1768 1093 jam
1789 1045 1915 1093 pridem
1947 1047 2028 1091 abjit
2053 1048 2088 1082 in
2112 1045 2159 1080 di-

1280 1099 1490 1156 suetufiinem-
1505 1121 1519 1141 ,
1562 1099 1757 1143 obtinetque
1782 1098 1956 1136 confilium
1980 1097 2070 1135 Petri
2091 1098 2159 1132 Da.-

1279 1158 1381 1185 mxaui
1398 1173 1407 1183 .
