2366 3756
94 1135 159 1172 Seis.
172 1142 216 1173 16.

90 2325 153 2364 Sess.
180 2338 206 2365 ⁷·

360 120 461 172 350

651 103 694 155 S.
729 101 1038 152 Gareoun
1073 116 1320 155 sapum
1355 103 1716 157 Ponrxncrs

685 303 759 390 E
758 304 1073 416 xponitnr
1155 298 1295 390 alia
1376 304 1711 423 Qaestio.

284 537 418 630 AT
431 550 508 576 ecee
518 538 599 576 hinc
627 525 769 585 Jo‘annes
784 538 998 586 Launojusin
1021 540 1167 586 Epistola
1228 539 1252 579 ‚li
1266 539 1335 585 ejus
1357 541 1536 579 mandato.
1563 543 1778 592 Singulorum
1787 544 1931 585 defi-&us
1950 543 2032 584 facit
2052 521 2117 595 Sy·-

403 590 444 627 ad
460 592 621 636 Joannem
641 590 831 629 Getbafium
842 601 956 631 movet
974 592 1074 627 aliam
1086 604 1169 636 quae-

282 641 444 680 itionem:
478 641 534 675 An
559 641 722 687 generalis
741 641 897 688 Synodus
917 644 981 680 fine
1004 642 1168 682 Pontifice

281 702 357 728 non
379 692 486 729 valeat
506 688 639 731 de'fide
661 690 828 729 definire?
856 692 900 731 Et
918 693 1070 731 adfirmat
1084 694 1168 731 vale-

280 752 335 777 re..
359 740 483 781 Probat
505 753 548 777 ex
561 742 805 781 Constantiensi
823 743 983 790 Synodo‚
1010 754 1082 786 quae
1093 743 1168 787 Ty·

278 800 422 830 santium
455 790 578 839 privata
618 794 810 831 austeritate
834 794 944 832 occidi
970 804 1041 828 non
1078 795 1168 838 polle

277 840 348 879 sola
375 841 525 881 definivit
546 868 553 880 .-
583 843 628 881 Et
652 843 883 882 definitionem
905 869 918 890 ‚
945 844 1024 882 licet
1050 845 1167 882 confin

278 892 439 930 mationis
459 892 561 932 Bullae
575 904 644 952 nen
657 894 813 931 indiderit
823 894 992 934 Martinus
1002 895 1139 939 quintus
1154 918 1165 936 ‚

276 941 407 981 admisit
430 944 707 982 omnis*Ecclesra
721 969 729 977 .
755 943 888 983 Deinde
911 946 1035 984 famosa
1059 945 1166 990 Euge-

275 991 328 1029 nii
351 994 457 1037 quarti
485 994 527 1030 ad
543 991 657 1033 Patres
679 994 875 1033 Bafileenses
905 996 1023 1042 scripta
1033 995 1165 1042 Regula

275 1042 382 1079 sancit
402 1043 489 1079 circa
499 1043 736 1088 quaestionem,
763 1044 805 1079 de
828 1056 893 1089 qua
907 1046 993 1084 solus
1005 1045 1163 1083 Pontifex

274 1091 318 1127 ab
336 1093 488 1128 unanimi
512 1092 671 1130 Concilio
694 1093 858 1133 discordat
876 1121 887 1139 ,
913 1094 1082 1143 praevalere
1105 1095 1162 1129 Pa·

274 1141 350 1188 pale
372 1142 561 1188 suffragium
574 1169 586 1187 ,
614 1143 759 1187 nififorte
781 1145 1014 1191 quaestatuenda
1030 1145 1161 1190 forent,

275 1190 461 1228 catholicam
475 1193 568 1235 fidem
591 1194 767 1237 respicerent
791 1219 802 1235 ‚
840 1196 892 1229 vel
905 1195 936 1235 fi
954 1205 1012 1230 non
1027 1193 1136 1234 fierent
1151 1215 1162 1232 ‚

272 1241 457 1286 universalis
478 1242 612 1285 Ecclessae
639 1244 755 1287 statum
773 1244 981 1286 principaliter
1001 1240 1160 1284 perturba-

271 1300 359 1327 rent.
387 1294 473 1335 ,Quia
484 1303 553 1327 tunc
565 1294 688 1328 concilii
693 1290 844 1334 sententia
854 1292 918 1335 esset
934 1292 1036 1337 potitis
1062 1299 1161 1328 atten-

271 1341 374 1377 denda
393 1365 401 1376 .
438 1340 545 1378 Addit
565 1342 709 1388 Joannes
730 1341 902 1386 Launojus
923 1366 935 1383 ‚
963 1343 997 1378 ὃ(
1021 1343 1160 1387 primam

270 1389 683 1435 Gonstantinopolitanam
694 1391 891 1437 Synodum,
917 1403 988 1440 quae
1010 1392 1078 1431 sola
1095 1394 1161 1429 fine

269 1441 404 1477 Damasi
417 1441 594 1478 Pontificis
607 1442 783 1478 affistentia
794 1441 874 1481 fecit
885 1443 975 1489 larga
992 1443 1035 1479 ad
1054 1443 1091 1479 N
1094 1444 1162 1478 icae-
1174 1433 1183 1468 Ι

267 1502 352 1526 num
375 1491 574 1535 Symbolum
595 1492 822 1530 additamenta
846 1515 858 1534 2
894 1502 993 1539 atque
1024 1494 1068 1528 ita
1091 1494 1161 1531 sola

268 1540 421 1578 adversus
440 1542 682 1579 Macedonium
708 1542 742 1577 ἅς
763 1541 1012 1586 Apollinarium
1034 1543 1076 1579 de
1094 1543 1160 1579 fide

271 1589 422 1627 definivit
443 1616 451 1626 2
486 1592 641 1639 Ejusdem
666 1592 833 1628 sententiae
852 1592 947 1628 fuisse
968 1592 1098 1629 videtur
1124 1593 1159 1630 in

268 1642 325 1677 sua
350 1642 485 1679 Summa
509 1642 717 1687 Augustinus
738 1640 949 1684 Triumphus
974 1654 982 1677 t
1019 1644 1105 1677 Licet
1128 1647 1161 1676 in

268 1690 475 1733 quaestionibus
489 1692 690 1727 terminandis
703 1691 867 1726 auctoritas
885 1693 1001 1732 Papae,
1026 1692 1099 1726 dum
1122 1691 1160 1731 esi

268 1743 360 1785 Papa
373 1764 384 1784 ,
404 1737 444 1783 fit
455 1741 629 1785 neceſjbria,
655 1742 728 1774 dum
749 1750 852 1774 tamen
873 1739 977 1782 definit
997 1741 1049 1787 effe
1071 1743 1160 1782 Papa

262 1798 321 1835 per
337 1790 446 1827 crimen
460 1787 576 1834 baerest's
587 1816 598 1833 ,
624 1791 785 1829 auctoritas
797 1791 851 1828 illa
861 1799 996 1828 remanet
1013 1797 1046 1827 itt
1060 1792 1160 1828 Eccleu

259 1840 327 1886 fia,
345 1840 419 1882 ficut
441 1837 503 1885 ipso
525 1850 653 1879 mortuo.

317 1889 522 1935 Respondeo
555 1891 622 1928 haee
644 1888 805 1929 adversari
830 1892 943 1937 primis
981 1905 1020 1929 ac
1040 1892 1159 1929 funda-

266 1941 465 1978 mentalibus
485 1940 717 1980 Ecclefiasticae
740 1943 946 1979 Hierarchiae
968 1943 1156 1987 principiis.

267 1992 405 2027 Etenim
438 1991 530 2038 quod
553 2005 623 2029 non
648 2005 703 2038 per
723 1994 956 2036 Imperatorem
977 2014 989 2030 ,
1023 1991 1078 2025 sed
1102 2001 1157 2034 per
1188 2031 1193 2037 ι

265 2040 467 2078 Pontificem
489 2042 706 2077 convocanda
731 2050 831 2086 atque
854 2039 1029 2075 indicenda
1050 2040 1090 2071 fit
1112 2039 1156 2071 le·

265 2092 385 2137 gitima
409 2091 584 2134 Synodus,
611 2091 657 2124 est
679 2090 764 2123 adeo
785 2098 913 2121 certum
932 2111 944 2128 ,
968 2095 1008 2135 ‘ut
1027 2085 1155 2130 opposi-

266 2152 339 2177 tum
366 2150 507 2174 errorem
529 2139 634 2173 Graeci
656 2137 691 2172 in
714 2137 912 2185 Florentino
932 2136 1093 2173 Concilio
1111 2147 1155 2171 re-

265 2189 488 2227 cantavctint.
518 2188 654 2224 Etenim
678 2186 718 2222 ad
738 2188 824 2232 ipsos
847 2188 882 2222 in
902 2187 1001 2231 plena
1025 2186 1153 2231 Synodi

266 2238 528 2286 congregatione
548 2235 635 2274 dixit
661 2237 812 2273 Andreas
834 2234 975 2272 Lit'inus
1000 2236 1152 2272 Rhodio-

266 2301 340 2328 rum
352 2288 626 2332 Archiepiscopus
638 2301 648 2322 :
676 2289 775 2330 Papa
783 2287 822 2329 est
834 2298 994 2322 convocare
1005 2287 1130 2327 synodos
1142 2312 1152 2329 ,

266 2352 301 2378 ut
313 2351 371 2385 per
383 2339 494 2382 vestros
504 2338 589 2380 testes
610 2338 769 2379 ostenditur
781 2362 788 2372 .
818 2341 906 2372 Nam
925 2337 1038 2376 ‚Doc‘lor
1057 2337 1151 2378 vester

268 2391 439 2435 stephanus
466 2414 477 2431 ,

268 2446 382 2477 Patres
406 2439 654 2483 Constantinopoli
674 2446 858 2484 congregatos
878 2436 1051 2483 incusavit,
1076 2444 1152 2472 cumi

269 2504 327 2537 que
344 2492 457 2526 vellent
476 2490 610 2526 haeretici
628 2491 771 2530 synodum
791 2490 956 2531 celebrare,
978 2489 1100 2531 prodar
1119 2493 1151 2522 in

271 2544 402 2577 medium
421 2542 473 2575 Ille
493 2542 593 2576 dicens
612 2554 620 2574 :
657 2540 810 2587 ‚Quomodo
842 2552 898 2574 vos
919 2541 1061 2579 synodum
1087 2550 1152 2572 con·

271 2604 380 2628 vocare
411 2591 529 2625 audetis
551 2617 562 2633 ,
599 2592 633 2626 t&
665 2592 852 2635 illegitimum
885 2590 1015 2632 vestrum
1045 2589 1152 2624 babere

272 2647 461 2677 conventum
491 2666 503 2683 ,
542 2652 600 2676 non
629 2640 776 2685 praesente
799 2639 916 2684 summo
953 2644 1151 2674 Romanorum

274 2693 418 2739 Pontifice
440 2717 452 2734 ‚
491 2698 545 2726 aut
565 2693 623 2727 alio
641 2697 779 2735 quopiam
800 2692 882 2726 illius
904 2696 999 2726 vicem
1026 2691 1154 2735 agente?

273 2743 344 2777 Hic
354 2737 399 2777 est
412 2744 560 2789 Magnus
575 2743 631 2777 ille
644 2740 829 2786 Stephanus
843 2766 855 2783 ‚
882 2741 969 2786 apud
989 2738 1156 2786 Bythinos

275 2793 314 2828 in
336 2794 446 2827 Sancti
474 2793 639 2827 Auxentii
663 2803 779 2827 monte
809 2792 1019 2827 saneiiffimus
1039 2790 1160 2826 Mona-

274 2841 358 2877 chus
371 2866 382 2883 ‚
407 2852 507 2885 quem
518 2843 685 2886 flagitiosis
710 2853 748 2877 ac
759 2842 950 2877 facinorosis
972 2842 1035 2876 suis
1044 2842 1157 2876 errori-

277 2891 340 2927 bus
351 2891 607 2926 constantissime
616 2890 824 2926 obsistentem
834 2890 1073 2926 Constantinus
1096 2891 1159 2939 Ca-

278 2941 423 2977 ballinus
434 2940 649 2976 crudeliffime
659 2941 850 2976 trucidavit.
883 2941 928 2975 Et
938 2940 1069 2976 laudato
1093 2940 1161 2975 An-

277 2991 364 3026 dreae
374 3002 472 3026 nemo
484 2991 618 3026 Graecus
629 2990 828 3026 contradixit
838 3016 845 3025 .
873 2990 918 3027 Et
928 2992 1094 3036 generales
1103 2992 1162 3035 Sy-

280 3038 390 3076 nodos
411 3051 480 3074 non
499 3050 629 3076 tantum
654 3041 798 3076 indicere
816 3040 912 3076 debet
932 3042 1160 3076 Romanorum

281 3090 487 3134 Episcopus,
511 3090 566 3124 sed
586 3093 685 3126 etiam
709 3103 765 3137 per
775 3091 982 3136 semetipsum
1009 3101 1066 3125 aut
1087 3090 1160 3126 suos

282 3138 439 3175 vicarios
451 3138 555 3174 adesse
565 3150 601 3173 ac
612 3142 787 3182 praefidere.
814 3141 979 3176 Omnium
1000 3142 1079 3176 item
1100 3151 1162 3175 tra-

283 3189 475 3224 fiandorum
486 3189 680 3224 relationem
698 3192 751 3225 seu
763 3190 1018 3236 propositionem
1037 3190 1136 3226 habet
1146 3215 1158 3232 ,

283 3238 471 3283 &primum
492 3250 567 3274 cum
581 3239 705 3274 summa
725 3243 933 3286 praerogativa
953 3242 1140 3287 suffragium
1153 3266 1160 3274 .

514 2401 601 2433 quem
626 2390 660 2424 Θ
684 2391 981 2428 novumMartyrem
1017 2394 1151 2428 vocatis,
1175 2427 1178 2429 ¹

1227 593 1360 630 nodalia
1368 594 1510 629 Decreta
1521 596 1585 632 effe
1593 597 1716 631 caduca
1727 595 1977 635 substantialiter
1989 609 2028 632 ac
2040 599 2113 635 uul-

1227 642 1276 677 la.
1306 643 1410 691 Qod
1422 645 1511 682 enlm
1522 646 1589 683 sine
1601 646 1749 685 ,Romani
1764 647 1922 695 Episcopi
1941 648 2111 685 austerita-

1225 702 1259 730 te
1283 703 1345 732 nec
1358 692 1513 738 Synodus
1523 696 1594 735 fieri
1614 719 1627 740 ‚
1650 708 1712 734 nec
1724 697 1791 744 ipsa
1806 698 1950 745 Regulas
1976 709 2032 735 aut
2045 699 2111 734 De·

1224 752 1313 781 creta
1333 743 1430 791 poffit
1449 746 1578 790 facere,
1603 747 1744 796 ideoque
1767 747 1981 786 Antiochensi
2002 749 2112 795 Ence-

1225 793 1357 831 niorum
1369 794 1523 838 Synodus
1536 797 1633 836 fuerit
1643 798 1759 837 frivola
1771 822 1783 842 ‚
1808 799 1901 847 supra
1923 798 2110 836 audivimus

1226 843 1266 878 ab
1276 843 1477 883 Innocentio
1493 846 1599 894 primo
1613 872 1625 892 ‚
1653 849 1706 885 cui
1717 848 1909 887 attestantur
1919 848 2068 888 socrates
2078 849 2112 886 δε

1226 894 1378 930 Hermias
1417 896 1629 943 zozomenus
1656 924 1664 934 ..
1700 898 1943 937 Ariminensem
1968 922 1982 943 ‚
2019 897 2112 946 quod

1226 944 1371 980 Romani
1385 946 1540 991 Episcopi
1552 948 1761 991 sententiam,
1787 950 1840 987 seu
1853 949 2046 987 relationem
2071 959 2112 985 ac

1225 995 1367 1038 primum
1380 997 1569 1043 suffragium
1592 1010 1663 1034 non
1678 1000 1907 1042 exspestaffet,
1934 998 2111 1044 Synodum

1225 1045 1318 1083 fuisse
1343 1045 1487 1088 ejusdem
1514 1047 1625 1085 farine
1648 1072 1659 1089 ‚
1699 1049 1887 1085 audivimus
1911 1049 1930 1084 ὲ
1957 1048 2112 1084 Romana

1224 1094 1333 1131 Sancti
1345 1095 1651 1140 Damasi-Synodo,
1676 1098 1732 1135 cui
1746 1099 1854 1135 adfuit
1865 1099 2014 1145 Magnus
2033 1099 2114 1133 Am-

1224 1142 1364 1176 brosius.
1393 1143 1438 1177 Et
1463 1143 1499 1176 in
1523 1143 1749 1190 degradatoria
1777 1149 1926 1187 Nestorii
1949 1149 2113 1185 Constan-

1215 1191 1442 1236 'tinopolitani
1464 1192 1621 1240 Episcopi
1647 1195 1807 1231 sententia
1843 1199 1931 1234 dixit
1957 1200 2110 1235 universa

1226 1241 1388 1285 Ephesina
1410 1240 1587 1289 synodus:
1614 1244 1718 1278 CoaAE'i
1735 1253 1794 1291 per
1814 1244 1918 1290 sacros
1943 1251 2082 1282 canones
2098 1273 2111 1289 ,

1225 1293 1259 1326 <tt
1269 1290 1432 1334 Episiolam
1450 1291 1622 1337 Sant‘liffimi
1635 1297 1743 1330 Patris
1755 1294 1842 1336 nostri
1867 1297 1901 1334 i&
1912 1295 2114 1338 Comminfflri

1223 1342 1369 1384 Caelestini
1391 1347 1538 1384 Romanae
1560 1343 1692 1387 Ecclefiae
1703 1343 1865 1392 Epist-opi,
1889 1348 1935 1382 ad
1958 1347 2109 1391 lugubrem

1224 1391 1303 1428 hanc
1309 1391 1495 1437 sententiam
1518 1395 1667 1439 necessarii
1680 1401 1819 1432 venimus
1830 1421 1838 1431 .
1867 1397 1923 1433 De
1930 1396 2044 1433 eadem
2056 1397 2114 1442 Sy-

1226 1443 1316 1478 nodo
1327 1444 1448 1488 scripsit
1458 1442 1500 1480 ad
1514 1445 1640 1491 lllyrici
1652 1447 1834 1492 Episcopos
1853 1447 1965 1484 Sixtus
1976 1448 2090 1484 tertius
2100 1458 2112 1480 ε

1222 1494 1277 1526 His
1291 1492 1455 1534 constitutis
1467 1519 1480 1538 ,
1503 1507 1572 1539 quae
1578 1503 1694 1539 praeter
1707 1497 1802 1538 nostra
1827 1499 1984 1544 Praecepta
2005 1502 2113 1533 Orien*

1223 1544 1295 1576 talis
1317 1545 1445 1583 synodus
1466 1545 1618 1583 decernere
1637 1548 1757 1590 voluit,
1783 1549 1914 1586 credatis
1928 1560 1984 1585 vos
1995 1558 2055 1582 non
2069 1555 2114 1582 te·

1223 1596 1309 1632 neri,
1331 1602 1445 1635 praeter
1465 1597 1502 1631 id
1516 1599 1597 1639 quod
1618 1598 1655 1632 de
1671 1598 1736 1640 fide
1748 1599 1834 1635 nobis
1856 1597 2111 1646 consentientibus

1214 1642 1391 1683 Judicavit.
1420 1645 1536 1679 Exstat
1560 1647 1708 1688 Epistola
1728 1649 1763 1683 in
1780 1648 1952 1686 Bonifacii
1975 1647 2112 1684 secundi
2124 1644 2263 1698 'Epist-17·

1223 1690 1378 1728 Romana
1387 1690 1526 1735 Synodo
1536 1714 1548 1733 ‚
1573 1693 1762 1736 pubblicata
1774 1704 1829 1739 pet
1839 1695 2030 1731 Dominum
2045 1696 2112 1732 Lu·

1223 1749 1296 1774 cam
1307 1737 1542 1775 Holstenium.
1570 1740 1615 1774 Et
1624 1740 1705 1775 dum
1723 1741 1884 1776 Eusebius
1905 1744 2050 1787 Dorylei
2073 1745 2112 1780 in

1223 1787 1372 1834 Phrygia
1396 1787 1578 1833 Episcopus
1598 1790 1674 1824 suos
1695 1789 1867 1825 adversum
1884 1788 2044 1835 Ephesini
2066 1793 2112 1828 la·

1225 1837 1358 1875 trocinii
1382 1837 1467 1874 Asta
1486 1838 1616 1876 libellos
1637 1841 1865 1885 praesentaret,
1891 1841 2027 1877 Sanctus
2049 1841 2113 1879 Pa.
2160 1848 2163 1851 ·

1224 1888 1387 1923 schafinus
1397 1888 1543 1934 Legatus
1557 1889 1641 1925 dixit
1663 1890 1704 1927 ad
1730 1891 1914 1927 universam
1927 1891 2112 1930 Chalcedo-

1227 1938 1357 1972 nensem
1381 1938 1555 1982 Synodum
1580 1952 1588 1973 :
1613 1945 1732 1976 Notum
1751 1941 1791 1983 est
1813 1941 1879 1976 burc
1897 1945 1960 1976 Deo
1981 1942 2110 1978 amabili

1223 1988 1356 2020 Concilio
1369 2011 1381 2029 ,
1407 1990 1441 2023 Co·
1460 1990 1506 2022 ad
1517 1992 1650 2024 Beatum
1663 2014 1675 2031 ,
1703 1992 1739 2025 (δ’
1751 1991 1959 2034 Apostolicum‚
1990 1995 2026 2028 ὁ*
2047 1997 2111 2028 θαι·

1221 2034 1357 2071 thelicum
1383 2040 1504 2080 Papam
1527 2042 1652 2075 Leonem
1659 2038 1762 2084 sacras
1783 2041 1835 2085 effe
1844 2043 1961 2075 litteras
1983 2041 2112 2083 destina-

1221 2093 1270 2118 tas
1281 2108 1293 2126 ‚
1318 2088 1463 2127 quatenus
1475 2087 1541 2119 huic
1549 2087 1654 2130 fando
1667 2090 1797 2125 concilio
1812 2089 2039 2135 sepraesentaere
2062 2093 2111 2126 dt-

1217 2142 1380 2180 gnaretur.
1407 2136 1467 2170 Sed
1474 2140 1546 2180 quia
1555 2147 1648 2181 neque
1660 2145 1788 2182 antiqua
1807 2139 1859 2173 boc
1880 2141 1978 2174 tenuit
1997 2140 2111 2184 consue-

1221 2186 1292 2218 tudo
1304 2210 1315 2226 ‚
1341 2196 1436 2229 neque
1453 2189 1603 2231 generalis
1616 2194 1756 2232 temporis
1777 2190 1923 2230 neceffitas
1936 2194 2109 2232 permittere

1219 2234 1382 2270 videbatur
1394 2261 1405 2278 ‚
1430 2236 1556 2278 nostram
1579 2240 1775 2274 parvitatem
1798 2239 1868 2274 huic
1882 2239 1991 2284 samio
2006 2245 2109 2275 Conci·

1218 2286 1257 2319 lio
1271 2293 1330 2331 pro
1353 2284 1387 2330 se
1402 2285 1563 2328 praefia'ere
1581 2295 1726 2332 praecepit
1740 2315 1748 2324 .
1773 2291 1901 2333 Ideoque
1922 2291 2109 2333 neceJsarittm
2136 2303 2139 2305 ’

1219 2335 1257 2377 est
1278 2335 1364 2376 baec,
1391 2348 1460 2379 quae
1474 2342 1506 2370 in
1528 2339 1659 2371 medium
1671 2339 1890 2382 profiruntur,
1909 2347 1967 2383 per
1977 2340 2107 2381 nostram

1219 2387 1473 2420 interlocutionem
1485 2385 1643 2430 de'fi‘eptari
1653 2413 1660 2422 .
1690 2391 1816 2432 Propter
1828 2388 1880 2423 boc
1890 2394 1985 2434 igitur
2003 2398 2108 2432 porre-

1220 2435 1284 2468 c‘lus
1301 2436 1419 2470 libellus
1442 2438 1463 2469 ἃ
1474 2436 1666 2482 religiofiffimo
1671 2438 1776 2482 fratre
1800 2441 1835 2474 6*
1846 2439 2019 2483 Coepiscopo
2039 2443 2106 2474 Eu*

1216 2484 1296 2529 sebio
1303 2484 1457 2530 susceptus
1466 2492 1606 2522 recitetur
1618 2513 1627 2523 .
1653 2488 1780 2525 Lucide
1791 2489 1944 2525 asseverat
1967 2491 2036 2525 sine
2046 2491 2106 2526 sua

1222 2536 1480 2572 interlocutione
1508 2539 1564 2573 seu
1576 2541 1798 2584 propositione
1810 2540 1938 2576 nullum
1950 2541 2039 2585 posse
2050 2540 2106 2574 ad·

1222 2586 1309 2620 mitti
1320 2586 1468 2622 libellum
1477 2611 1488 2628 ‚
1501 2589 1627 2623 nullam
1639 2591 1849 2633 quaestionem
1861 2591 2013 2625 ventilari
2024 2615 2032 2623 .
2057 2590 2105 2622 Et

1223 2635 1302 2671 hinc
1323 2635 1611 2672 Chalcedonenses
1635 2639 1811 2679 Canones,
1837 2640 1970 2673 &varia
1992 2649 2104 2683 praeter

1222 2686 1298 2721 fidei
1318 2687 1499 2722 Decretum
1535 2689 1570 2722 &
1590 2688 1747 2724 Dioscori
1769 2687 2039 2733 degradationem
2060 2688 2115 2723 de.

1223 2738 1369 2781 personis
1392 2739 1523 2773 Statutn
1533 2737 1677 2784 Magnus
1694 2739 1765 2775 Leo
1775 2739 1946 2773 affirmavit
1958 2737 2080 2774 caduca
2089 2763 2102 2780 ‚

1222 2787 1420 2831 quandoque
1432 2799 1474 2822 ex
1489 2787 1715 2830 fulminanti,
1744 2788 1942 2833 quandoque
1961 2800 2003 2824 ex
2012 2790 2102 2823 faeiae

1221 2848 1276 2881 per
1286 2836 1432 2883 Legatos
1442 2839 1516 2873 suos
1529 2838 1733 2878 Relationis‚
1759 2837 1961 2884 quandoque
1980 2850 2023 2873 ex
2047 2839 2102 2873 de-

1221 2888 1307 2922 fetiu
1329 2887 1397 2923 dati
1414 2899 1470 2932 per
1480 2888 1566 2933 ipsos
1584 2888 1743 2933 suffragii.
1769 2888 1891 2938 inis
1902 2889 1993 2923 enim
2008 2888 2028 2924 ὲ
2041 2889 2102 2922 fin·

1221 2938 1308 2983 gulis
1335 2938 1473 2973 descetus
1496 2938 1593 2983 plene
1623 2937 1802 2974 sufficiebat
1822 2963 1829 2972 .
1867 2936 1963 2973 Hinc
1996 2939 2101 2980 item,

1220 2990 1302 3023 dum
1324 2987 1478 3032 Ephefini
1499 2988 1662 3023 latrocinii
1680 2989 1778 3024 Gesta
1798 2988 1959 3023 retraetari
1984 2988 2018 3022 δε
2040 2999 2100 3022 no-

1223 3048 1298 3073 vam
1318 3038 1491 3082 Synodum
1512 3038 1655 3082 permitti
1668 3039 1783 3081 suasit,
1809 3038 1851 3073 ad
1865 3037 2097 3073 Theodosium

1224 3089 1398 3124 secundum
1434 3087 1659 3132 Imperatorem
1694 3089 1814 3133 scripsit
1841 3088 2098 3124 Valentinianus

1223 3140 1350 3175 tertius:
1379 3140 1484 3183 ,Quare
1507 3138 1678 3180 beatiffimus
1699 3140 1841 3173 Romanae
1864 3143 1999 3173 civitatis
2021 3141 2098 3180 Epi-

1220 3187 1324 3233 scopus
1336 3212 1348 3230 ,
1372 3195 1417 3222 cui
1424 3193 1625 3231 principatum
1635 3190 1794 3224 sacerdotii
1807 3188 1899 3232 super
1909 3200 2006 3222 omnes
2018 3193 2098 3220 anti-

1224 3245 1328 3282 quitas
1338 3240 1480 3282 contulit,
1505 3239 1593 3271 iocum
1603 3238 1711 3274 babeat
1736 3248 1770 3273 ac
1779 3239 1961 3281 facultatem
1984 3238 2021 3271 de
2040 3235 2097 3278 fide

284 3288 332 3323 Et
344 3288 424 3323 hinc
434 3298 543 3332 praeter
554 3289 622 3334 ejus
630 3289 784 3325 vicarios
795 3292 903 3326 nullus
913 3291 1026 3326 referre
1036 3291 1162 3335 aliquid
1225 3300 1259 3322 ac
1270 3289 1469 3323 Sacerdotibus
1473 3289 1611 3330 judicare
1622 3314 1629 3321 .
1656 3289 1815 3325 Notanda
1826 3290 1898 3323 sunt
1912 3288 2006 3331 plena
2018 3299 2097 3331 pon-

286 3346 344 3376 aut
355 3348 536 3386 ptoponere
546 3340 642 3390 poffit
650 3363 664 3383 ,
689 3350 749 3377 nec
758 3339 816 3386 ipsi
829 3340 954 3377 Vicarii
970 3342 1035 3378 fine
1046 3342 1161 3386 specia—

1224 3339 1310 3376 deris
1322 3338 1432 3377 verba·
1459 3339 1541 3376 Non
1552 3339 1666 3378 dicunt
1677 3364 1690 3384 ,
1718 3344 1757 3375 Ut
1769 3350 1848 3375 nova
1873 3339 2019 3378 synodus,
2039 3335 2097 3380 sed

2013 3396 2048 3421 ut
