2366 3756
70 338 128 379 Qu.
144 349 206 370 101.

64 1559 173 1597 Ep.57.

62 1748 121 1779 Lib.
138 1750 166 1777 2:

62 1792 109 1829 Ep.
132 1798 175 1826 15·

64 2024 112 2060 Ep.
134 2029 194 2059 ¹²3·

504 174 1041 219 CONCItitJM
1112 171 1808 217 ANDEGAVENSE.

1921 187 2008 230 131

247 263 316 297 stus
332 258 561 301 Hieronymus
573 257 606 291 in
623 256 770 301 Epistola
783 254 822 288 ad
836 251 1014 297 Evagrium
1026 276 1033 283 .
1048 250 1151 284 Con-l
1201 253 1294 287 Hinc
1312 256 1403 288 enim
1423 254 1463 288 ad
1476 255 1620 288 Lucium
1653 252 1772 288 Pelusii
1796 250 2079 288 Archidiaconum

246 313 353 345 firmat
382 310 486 352 prima
511 307 708 342 Arelatensis
727 303 881 348 synodus
904 327 916 342 ,
941 302 976 336 &
995 301 1137 337 rationes

248 359 401 405 producit
435 359 520 403 apud
546 357 656 392 Sansti
691 352 871 400 Augustini
907 350 1136 395 Appendicem

245 412 373 446 Auctor
399 409 618 454 quaestionum
630 405 746 441 veteris
767 405 801 438 &
815 403 894 438 novi
907 402 1113 437 Testamenti
1128 427 1135 434 .

244 462 316 496 Hic
339 460 384 495 est
399 460 519 496 Canon
536 456 754 493 Arelatensis:
787 457 833 487 De
846 457 986 487 Draconis
998 452 1111 485 Urbici's
1124 476 1135 493 ,

243 520 277 545 ut
290 524 347 545 non
358 512 477 554 aliquid
492 518 547 552 per
563 507 598 552 se
612 505 801 550 praesumant
813 528 824 545 ‚
847 503 903 547 sed
912 503 1001 537 honor
1015 502 1134 542 Presby-

243 568 317 596 teris
331 561 499 605 reservetur
515 584 522 591 .
551 558 594 592 Et
607 558 685 593 huic
705 554 794 590 haud
805 553 905 588 dubie
918 554 1049 589 Canoni
1065 554 1135 587 suas

243 613 279 645 in
304 611 437 646 laudata
460 609 599 653 epistola
621 605 844 653 querimonias
868 603 1134 648 superaedificavit

242 662 377 695 Sanctus
401 661 652 702 Hieronymus.
678 657 814 691 Interim
828 655 949 690 Canon
973 654 1085 688 statuit
1098 654 1133 687 in

242 712 328 746 solos
340 712 533 751 Diaconos,
559 720 628 744 non
651 707 684 741 in
700 704 986 741 Archidiaconurn
999 729 1009 746 ,
1035 715 1133 748 atque

242 762 285 795 ita
314 762 370 796 ille
394 760 607 805 perseveravit
643 756 845 800 presbyteris
872 755 1036 790 honorem
1063 765 1132 788 non

241 813 400 846 reservare
427 836 434 843 .
461 809 640 844 Permansit
670 809 707 843 in
729 807 865 851 possessa
896 818 949 850 per
972 807 1125 845 Sanstum

242 861 460 896 Laurentium
471 859 636 904 dignitate
647 884 658 901 ,
687 869 785 903 quern
806 857 899 892 fuisse
910 859 1039 890 sacrarii
1050 858 1131 888 Prae·

235 910 330 955 sulem
343 933 353 949 ,
379 910 412 944 id
425 910 470 944 est
483 934 494 951 ,
519 911 623 944 totius
635 908 725 944 Cleri
750 909 784 941 in
804 907 921 942 Choro
932 906 1112 940 Primatem
1124 929 1134 945 ,

241 963 379 996 affirmat
403 961 437 994 in
451 959 688 995 encomiastico
713 958 807 1002 ipsius
830 959 978 992 sermone
999 957 1133 991 Sanstus

240 1011 312 1045 Leo
336 1011 485 1055 Magnus
510 1035 518 1042 .
544 1010 640 1057 Qin
673 1009 744 1042 imo
773 1006 862 1050 quod
889 1006 1026 1050 quidam
1052 1004 1132 1040 hinc

239 1060 319 1095 inde
344 1061 491 1096 Diaconi
514 1060 613 1095 etiam
625 1058 828 1093 Sacrificium
850 1058 989 1098 offerre,
1015 1055 1134 1091 &Poe-

237 1112 382 1145 nitentes
409 1110 850 1149 reconciliareattentarint‚
877 1108 1020 1151 ideoque
1032 1108 1132 1142 etiam

237 1160 346 1204 quoad
367 1159 588 1196 characterem
614 1160 783 1195 noluerint
797 1158 999 1201 Presbyteris
1021 1156 1131 1192 haberi

237 1211 408 1246 inferiores
422 1236 434 1252 ‚
460 1212 583 1246 docent
597 1210 728 1246 laudata
747 1209 944 1244 Arelatensis
957 1208 1110 1250 Synodus
1123 1231 1133 1247 ‚

238 1260 408 1296 Eliberiua
432 1263 512 1296 item
534 1263 568 1296 &
588 1260 768 1304 Ancyrana
791 1285 802 1301 ‚
829 1269 963 1294 necnon
984 1258 1131 1303 quaedam

241 1311 347 1346 Sansti
369 1312 533 1355 Cypriani
560 1311 716 1354 Epistolae
736 1335 747 1351 ,
773 1321 912 1354 quarum
946 1310 1130 1354 genuinum

239 1362 366 1395 sensum
380 1362 414 1395 in
427 1361 559 1396 erudito
576 1360 617 1395 de
632 1360 836 1395 Poenitentia
847 1370 944 1402 opere
962 1359 1131 1403 insigniter

239 1412 380 1455 exponit
405 1412 546 1454 Joannes
569 1410 725 1445 Morinus
742 1435 750 1442 .
780 1409 824 1443 Et
845 1408 933 1452 quod
959 1407 1131 1442 Archidia-

239 1462 318 1495 coni
334 1462 367 1494 in
380 1460 592 1504 presbyteros
605 1460 788 1494 consecrari
806 1458 972 1493 noluerint
994 1482 1005 1498 ,
1027 1470 1065 1491 ac
1078 1469 1132 1501 per

239 1511 337 1544 talem
349 1511 633 1544 consecrationem
659 1509 718 1542 sub
730 1508 869 1542 honoris
886 1509 964 1540 fuco
978 1508 1008 1539 se
1022 1506 1132 1548 degra-

237 1558 306 1592 dari
318 1560 506 1602 frequenter
517 1558 623 1601 questi
635 1556 757 1591 fuerint
771 1580 782 1596 ,
794 1555 998 1590 demonstrat
1011 1553 1129 1587 AEtius

238 1608 654 1652 constantinopolitanus,
681 1608 715 1640 &
736 1607 936 1640 Honoratus
958 1602 1131 1637 Archidia-

238 1669 343 1693 conus
354 1658 583 1693 Salonitanus.
612 1657 747 1691 Etenim
771 1655 924 1691 adversus
946 1652 1128 1687 istiusmodi

238 1708 513 1754 degradationem
538 1707 596 1742 ille
617 1705 817 1742 Anatolium
848 1703 888 1739 ad
913 1704 1032 1748 Magni
1047 1704 1130 1738 Leo-

239 1759 291 1793 nis
314 1758 407 1804 Papae
421 1782 431 1799 ‚
457 1758 512 1793 hic
534 1758 693 1793 Natalem
715 1758 808 1790 suum
836 1755 1036 1799 Episcopum
1060 1765 1130 1797 pro-

233 1812 371 1844 *vocavit
393 1809 435 1844 ad
458 1808 625 1843 Tribunal
650 1808 772 1851 Magni
798 1804 952 1850 Gregorii
972 1829 982 1836 .
1022 1803 1129 1852 Qod

239 1858 357 1903 nempe
378 1859 535 1895 omnibus
562 1857 767 1899 presbyteris
788 1857 891 1891 essent
914 1855 991 1890 loco
1024 1855 1059 1889 &
1083 1853 1130 1888 di-

238 1911 367 1954 gnitate
389 1909 525 1952 majores
539 1935 546 1943 .
574 1907 712 1943 Erudite
726 1907 791 1942 haec
801 1904 943 1941 elucidat
963 1904 998 1939 in
1011 1903 1129 1939 litteris

236 1959 279 1994 ad
303 1959 509 1994 Richardurn
524 1958 774 1993 Londinensem
798 1957 999 2001 Episcopum
1013 1954 1128 1988 Petrus

235 2009 417 2045 Blesensis:
442 2011 595 2052 simplices
619 2012 745 2042 Diaron}
773 2032 784 2048 ,
810 2015 933 2050 urgente
957 2005 1128 2045 neceffitatis

234 2061 286 2093 vel
306 2063 450 2095 utilitatis
476 2059 639 2101 instantia,
659 2061 758 2100 juxta
772 2054 1011 2100 Carthaginense
1025 2060 1125 2088 Conci-

233 2111 307 2144 lium
329 2113 374 2144 ad
382 2116 589 2145 eminentiores
612 2110 731 2142 ordines
743 2108 859 2150 possunt
875 2112 956 2150 cogi;
981 2104 1040 2149 Je‘d
1050 2106 1131 2147 quod

233 2162 278 2193 ad
298 2159 349 2194 hoc
370 2163 406 2194 de
421 2164 491 2202 Jure
513 2159 624 2192 aretari
642 2158 724 2199 poffit
752 2156 984 2188 Archidiaconus
1006 2178 1018 2193 ,
1045 2165 1126 2185 num·

234 2220 325 2250 quam
348 2211 426 2251 legi.
454 2210 516 2240 Imo
531 2209 547 2240 ἑ
568 2203 688 2248 diverso
701 2208 815 2236 Beatus
839 2206 995 2245 Gregorius
1013 2209 1126 2243 praect-

230 2259 344 2298 prendo
366 2258 500 2291 decrevit
514 2254 664 2290 Natalem
675 2252 858 2297 Epiftopum
868 2253 1051 2286 salonitanae
1064 2255 1125 2284 Ec-

236 2305 321 2347 clest'ae
346 2305 443 2349 &usu
465 2305 614 2340 &honore
634 2305 726 2346 pallii
749 2302 883 2342 defluus,
910 2307 983 2344 qula
995 2306 1125 2334 Honora-

234 2364 300 2389 tum
319 2354 447 2399 ejusdem
471 2354 606 2396 Ecclefiae
630 2351 876 2386 Archidiacon‘um
900 2356 1032 2384 invitum
1043 2351 1126 2392 fece-

236 2416 286 2440 rat
296 2412 327 2439 in
344 2405 548 2444 Presbyterum
565 2405 701 2437 ordinari
716 2427 723 2435 .
752 2403 796 2436 Et
806 2401 955 2446 adjungit
966 2402 1099 2435 causam
1115 2413 1122 2434 :

237 2460 402 2499 Dignitatis
423 2455 540 2489 turbato
563 2455 665 2488 ordine
683 2451 890 2486 Archidiaconi
914 2451 1001 2484 hodie
1025 2454 1124 2485 Sacer·

236 2509 353 2540 dotibus
361 2512 559 2548 praeeminent
570 2527 580 2544 ,
605 2506 639 2539 (5·
650 2509 682 2537 in
694 2514 739 2536 eos
750 2509 815 2536 vim
837 2500 1119 2544 &potestatemsuae

229 2556 449 2599 jurisdic‘lionis
471 2562 607 2589 exercent
632 2580 638 2586 .
666 2557 839 2595 Eapropter
873 2551 1119 2585 Archidiaconum

235 2613 268 2640 in
293 2605 497 2645 Presbyterum
516 2609 686 2647 promoveri
710 2615 768 2636 non
787 2603 824 2643 est
848 2601 982 2634 honorem
994 2605 1057 2643 ejus
1071 2614 1121 2635 au-

234 2662 299 2700 geri
327 2682 337 2697 ,
358 2655 414 2699 sed
434 2661 527 2690 minui
549 2680 556 2687 .
585 2654 638 2688 Ex
661 2653 748 2687 hisce
779 2652 948 2696 principiis
973 2653 1122 2686 laudatus

237 2707 381 2749 Scriptor
392 2719 433 2741 ex
446 2703 655 2740 Bathoniensi
670 2701 920 2737 Archidiacono
940 2714 1121 2747 numquam

239 2757 345 2791 voluit
356 2757 389 2790 in
403 2756 634 2799 Presbyterum
646 2754 828 2789 consecrari
842 2778 848 2786 .

291 2805 529 2841 Archidiaconi
551 2815 627 2840 ante
638 2805 850 2848 Presbyteros
874 2802 1121 2846 praecedentiam

240 2859 344 2891 fateor
366 2857 428 2890 esse
450 2855 615 2890 turbatum
629 2856 800 2900 dignitatis
812 2854 975 2888 Ordinem
987 2877 996 2892 ‚
1022 2864 1055 2887 at
1069 2865 1122 2888 ne-

240 2920 286 2952 go
307 2907 369 2940 esse
388 2929 398 2945 ,
423 2916 479 2940 aut
500 2917 580 2940 tunc
602 2905 693 2940 fuisse
714 2905 910 2940 hodiernum
936 2930 941 2936 .
972 2904 1062 2938 Nam
1086 2905 1119 2939 ἀ

240 2958 396 2999 antiquus
434 2956 636 3000 dignitatum
668 2957 701 2990 &
721 2956 918 2990 Officiorum
944 2955 977 2988 in
1001 2966 1119 2999 magna

241 3007 614 3048 Constantinopolitana
640 3006 782 3040 Ecclesia
793 3005 974 3050 Catalogus
1000 3015 1062 3039 tres
1075 3006 1120 3039 di-

241 3059 406 3102 gnitatum
427 3056 458 3088 δε
475 3057 670 3090 Officiorum
692 3056 857 3099 quinarios
880 3054 1124 3100 praeponitPro-

241 3119 365 3150 topapae
387 3107 438 3139 seu
463 3105 752 3148 Archipresbytero
773 3130 783 3146 ,
808 3118 891 3150 quos
924 3116 1049 3141 certum
1073 3106 1118 3140 est

241 3158 322 3192 olim
335 3156 426 3190 fuisse
439 3154 609 3190 dumtaxat
620 3157 789 3191 Diaconos
800 3182 807 3188 .
837 3157 904 3192 Uti
917 3156 1034 3190 Romae
1045 3156 1120 3190 Car-

241 3207 368 3240 dinales
380 3207 526 3240 Diaconi
555 3206 756 3249 Episcopos,
783 3207 827 3240 ita
840 3207 1118 3250 Constantinopo-
1142 3243 1143 3246 ,

241 3258 264 3290 li
290 3256 479 3300 quindecim
503 3256 553 3288 isti
579 3255 723 3290 Diaconi
745 3257 963 3300 praecedebant
983 3256 1120 3300 Presby-

241 3316 348 3341 teros:
377 3307 553 3341 Praesertim
575 3306 722 3349 quinque
743 3309 887 3350 priores,
915 3319 999 3351 quos
1021 3308 1038 3341 a
1060 3307 1121 3340 sin-

243 3358 347 3401 gulari
373 3367 474 3391 aureae
493 3356 597 3391 crucis
618 3366 813 3391 ornamento
832 3357 993 3392 vocabant
1006 3358 1119 3391 Cruci-

241 3418 337 3449 geros
360 3431 367 3438 .
396 3407 439 3441 Et
461 3408 541 3450 quin
565 3406 646 3440 olim
682 3416 796 3440 omnes
816 3405 895 3441 istos
916 3408 1116 3442 antecesserit

242 3456 388 3502 Magnus
409 3455 672 3492 Archidiaconus
685 3480 695 3498 ‚
722 3468 792 3492 non
814 3457 858 3492 cst
870 3457 1087 3493 dubitandum
1106 3483 1111 3489 .

1201 303 1310 339 scribit
1333 305 1473 339 Isidorus
1493 303 1655 339 Pelusiota
1679 316 1687 336 :
1714 306 1745 337 51⁴
1768 305 1932 337 venerandi
1964 307 2078 338 Altaris
2099 327 2150 359 L.b
2194 332 2198 336 ,

1174 372 1176 376 »
1199 355 1321 388 Draconi
1340 354 1413 398 fient
1437 355 1511 387 oculi
1539 354 1704 398 Episcopi,
1726 353 1861 395 profec‘lo
1882 354 1946 386 vitm
1968 353 2079 397 tuipfis
2100 340 2209 408 Ξὲὶζ

1194 403 1320 446 praefis,
1346 413 1422 438 totus
1443 403 1539 436 oculus
1551 405 1602 446 esse
1621 405 1732 444 debes,
1757 404 2006 448 quemadmodum
2017 410 2082 438 ani-

1197 456 1290 488 malia
1316 455 1370 488 illa
1390 455 1531 496 plurimIs
1555 454 1643 485 oculis
1659 455 1811 494 praedita.
1840 455 1885 488 Et
1907 454 1943 488 in
1963 454 2026 489 alia
2038 454 2080 490 ad

1198 504 1337 538 eundem
1364 503 1531 548 EplstOIa'
1559 503 1644 536 Oculi
1663 501 1804 544 Epiftopi
1818 503 1892 546 sunt
1912 500 2080 540 vener-and}
2100 501 2160 531 le-
2171 513 2196 539 4.

1197 557 1312 587 Altaris
1338 558 1463 587 Diacom'
1478 578 1485 585 .
1510 555 1554 586 Tu
1565 556 1637 587 vero
1664 551 1843 586 cumbarum
1858 553 1899 594 fis
1912 558 2082 598 Princeps,
2100 543 2148 580 ΕΡ·
2172 546 2235 574 ¹88·

1196 612 1274 637 totus
1287 604 1372 637 debes
1394 606 1445 648 effe
1458 604 1556 637 oculus
1569 629 1576 635 .
1603 600 1729 638 Lucide
1751 602 1891 637 affirmat
1908 602 2083 641 Archidia-

1195 665 1318 689 conum
1343 655 1406 688 esse
1427 652 1580 687 omnibus
1601 653 1785 693 Diaconis‚
1811 652 1963 697 &quoad
1977 657 2081 697 perso-

1198 715 1253 739 nas
1274 706 1307 739 &
1329 704 1440 748 quoad
1464 704 1651 738 sunt-'tiones
1676 702 1866 737 Praefettum
1899 714 1936 737 ac
1955 702 2081 738 Princi-

1196 766 1270 799 pem
1293 778 1303 795 ,
1330 753 1471 797 ideoque
1492 754 1609 788 debere
1636 754 1698 788 esse
1718 753 1854 796 plenum
1872 754 1980 788 oculis
2004 778 2015 794 ‚
2041 765 2081 789 ac

1197 816 1306 840 totum
1329 806 1466 840 oculum
1494 829 1502 837 .
1528 803 1634 852 Qiod
1658 804 1694 838 in
1715 803 1809 837 omni
1832 802 1917 837 olim
1937 804 2082 839 Ecclesia

1199 855 1466 891 Archidiaconus
1485 855 1585 889 fuerit
1608 853 1760 888 omnium
1772 853 2002 888 Diaconorum
2013 854 2082 888 Pri-

1198 917 1265 940 mas
1278 931 1287 946 ,
1309 905 1515 943 manifestius
1526 905 1570 940 est
1585 904 1683 949 quam
1695 913 1731 938 ut
1741 902 1997 938 demonstretur.
2021 904 2080 937 Est

1195 957 1331 991 traditio
1356 956 1550 1001 Apostolica
1572 981 1579 989 .
1608 955 1743 989 Etenim
1766 954 1923 989 Sanctum
1950 950 2087 997 Stepha-

1196 1017 1277 1040 num
1299 1007 1393 1041 fuisse
1405 1006 1723 1050 Hierosolymitanae
1744 1005 1897 1039 Ecclesia:
1909 1001 2083 1038 Archidia-

1195 1068 1318 1092 conum
1333 1081 1344 1098 ‚
1369 1057 1510 1100 ideoque
1531 1067 1720 1090 caeterorum
1747 1055 1926 1090 Primatem
1950 1065 1990 1088 ac
2011 1055 2082 1089 Du-

1194 1119 1266 1143 cem
1279 1107 1391 1142 Patres
1402 1106 1603 1140 unanimiter
1620 1107 1784 1139 affirmant
1798 1131 1805 1138 .

1244 1159 1357 1205 Qem
1378 1167 1507 1191 morem
1528 1156 1663 1200 viguisse
1674 1156 1776 1189 etiam
1797 1156 1832 1189 in
1844 1154 2083 1190 Constantino-

1197 1207 1343 1252 politana
1371 1208 1513 1242 Ecclesia
1530 1230 1540 1247 ,
1567 1205 1769 1240 demonstrat
1783 1206 1916 1239 Sanetus
1928 1205 1998 1238 Leo
2010 1205 2084 1241 Ma-r

1197 1269 1301 1303 gnus,
1326 1258 1367 1292 de
1380 1258 1534 1295 Andrea,
1562 1267 1659 1301 quem
1676 1254 1893 1298 Eutychianae
1915 1254 2083 1288 Haereseos

1199 1310 1373 1351 suspectum
1397 1307 1577 1342 Anatolius
1613 1306 1795 1349 Episcopus
1816 1314 2026 1349 promoverat
2047 1303 2084 1337 in

1200 1357 1485 1392 Archidiaconum
1496 1381 1508 1395 ‚
1534 1355 1676 1390 scribens
1699 1355 1739 1389 ad
1750 1355 1984 1398 Imperatorem
1996 1354 2084 1389 Mar·

1197 1409 1324 1442 tianum
1342 1421 1352 1441 :
1378 1406 1545 1440 Catholicis
1570 1409 1709 1438 DIaconis
1725 1404 1998 1447 postpomdebuit:
2025 1415 2083 1438 non
2103 1427 2143 1465 Ep
2175 1435 2223 1464 57-

1192 1463 1348 1499 praeponi.
1377 1457 1422 1490 Et
1443 1455 1484 1489 de
1508 1451 1915 1498 Theophili.Patriarchae
1935 1453 2083 1489 Alexan·
2146 1448 2151 1454 ’

1196 1507 1283 1538 drini
1299 1507 1334 1538 in
1351 1507 1382 1538 se
1396 1504 1565 1537 violentiis
1587 1505 1708 1544 scripsit
1719 1504 1760 1536 ad
1771 1504 2009 1538 Innocentium
2024 1506 2086 1548 pri-

1195 1564 1286 1586 mum
1322 1552 1524 1586 Pontificem
1559 1552 1693 1585 Sanctus
1719 1553 1862 1594 Ioannes
1890 1551 2087 1595 Chrysosto·

1195 1614 1289 1636 mus:
1316 1601 1496 1644 Theophilus
1509 1625 1519 1641 ,
1551 1602 1648 1634 multa
1670 1601 1845 1636 auctoritate
1866 1611 1971 1635 vocato
1991 1605 2037 1635 ad
2050 1603 2086 1646 se

1195 1651 1406 1687 Archidiacono
1430 1663 1513 1692 meo,
1538 1650 1624 1695 quast
1633 1653 1706 1693 J'aem
1719 1651 1844 1695 Ecclesia
1856 1653 1986 1686 viduata
1995 1653 2061 1696 effer
2074 1678 2086 1694 ‚

1194 1714 1229 1736 ac
1250 1701 1431 1746 Episcopum
1454 1713 1512 1736 non
1537 1702 1661 1737 baberet
1674 1728 1686 1744 ,
1713 1703 1834 1738 clerum
1845 1715 1959 1737 omnem
1966 1703 2021 1745 fibi
2026 1712 2084 1747 per

1195 1755 1280 1787 illum
1302 1755 1447 1795 aciliunxit
1469 1778 1477 1786 .
1507 1752 1623 1787 Palam
1653 1753 1761 1788 asserit
1796 1751 2083 1789 Archidiaconutn

1193 1803 1288 1838 fuisse
1312 1804 1455 1848 primum
1478 1803 1520 1837 ab
1532 1803 1708 1848 ‘Episcopo
1731 1829 1742 1844 ,
1768 1803 1955 1847 Principem
1977 1805 2082 1839 totius

1193 1852 1308 1888 Cleri.
1337 1853 1443 1899 Quod
1469 1854 1578 1888 forsan
1592 1865 1635 1887 ex
1655 1864 1734 1888 tunc
1749 1854 1897 1897 quinque
1908 1854 2082 1899 Crucigeri

1194 1904 1343 1939 Diaconi
1368 1903 1524 1939 omnibus
1536 1905 1781 1948 praeeminerent
1793 1905 1827 1938 in
1840 1904 1899 1938 ista
1913 1904 2056 1939 Ecclesia
2071 1930 2084 1945 ‚

1192 1965 1288 1999 atque
1311 1955 1355 1989 ita
1380 1953 1647 1990 Archidiaconus
1669 1957 1855 1999 supremum
1868 1953 1998 1990 haberet
2012 1955 2082 1989 Pri-

1192 2015 1318 2040 matum
1332 2030 1339 2038 .
1368 2005 1462 2039 Hinc
1485 2006 1585 2041 etiam
1614 2005 1655 2041 de
1676 2006 1797 2041 Sanisto
1817 2004 2010 2041 Antiochiae
2022 2006 2082 2040 Pa-

1191 2055 1332 2091 triarcha
1354 2056 1454 2091 fidem
1478 2056 1690 2092 Catholicam
1713 2056 1905 2101 praedicante
1917 2056 2081 2096 Meletio‚

1191 2117 1229 2139 ac
1255 2106 1325 2149 ejus
1338 2107 1507 2141 Haeretico
1531 2107 1780 2143 Archidiacono
1802 2107 1914 2144 scribit
1924 2107 2080 2142 Hermias

1191 2154 1403 2188 Zozomenus
1428 2168 1438 2187 :
1467 2159 1585 2188 Dicitur
1607 2157 1832 2190 Archidiaconus
1866 2159 1948 2191 illius
1971 2160 2077 2198 Clerl,
2095 2164 2154 2196 Lib.
2166 2176 2194 2200 4·

1192 2204 1265 2236 dum
1277 2205 1415 2237 Meletius
1428 2208 1643 2238 concionaretur
1655 2229 1665 2246 ‚
1693 2206 1738 2238 ad
1747 2206 1830 2238 illum
1843 2208 1994 2250 accurriffe
2008 2231 2019 2246 ,
2042 2209 2077 2241 6·
2095 2215 2157 2243 cas>-
2170 2212 2217 2242 ²7<

1191 2254 1256 2293 ejus
1294 2266 1324 2286 os
1345 2264 1438 2286 manu
1469 2254 1641 2297 obturasse.
1679 2254 1724 2288 Et
1747 2256 1946 2299 Episcopum
1982 2258 2076 2292 suum

1189 2302 1306 2342 Ibam,
1333 2313 1401 2335 non
1426 2302 1531 2336 solum
1553 2304 1594 2337 de
1604 2303 1822 2349 indignorum
1846 2306 1887 2340 ad
1900 2306 2075 2351 Episcopa-

1189 2363 1260 2386 tum
1288 2353 1516 2395 provectione,
1542 2353 1594 2387 sed
1620 2353 1661 2388 de
1673 2354 1740 2389 alio
1761 2355 1891 2399 insuper
1912 2358 1996 2391 circa
2009 2357 2074 2392 haec

1188 2403 1327 2437 articulo
1350 2403 1514 2437 accusavit
1537 2403 1716 2439 Edessenus
1735 2405 1871 2440 Clerus:
1899 2406 2073 2442 Prohibitus
2091 2416 2162 2456 cap.
2179 2420 2210 2454 4:

1189 2453 1228 2486 ab
1248 2464 1280 2486 eo
1300 2478 1310 2493 ‚
1336 2459 1389 2495 qui
1418 2462 1486 2486 tun:
1512 2452 1741 2488 Archidiaconus
1763 2465 1829 2490 erat
1853 2481 1864 2497 ,
1894 2459 2082 2502 indignatus*

1186 2503 1242 2542 est.
1271 2504 1314 2537 Et
1339 2503 1379 2537 de
1390 2504 1448 2537 suo
1462 2503 1618 2539 Diacono
1641 2505 1736 2540 Mara
1747 2505 1833 2541 dixit
1845 2507 1931 2542 idem
1946 2507 2017 2543 ibas
2030 2509 2070 2544 ad

1187 2553 1493 2588 Chalcedonensem
1517 2553 1691 2599 Synodum
1715 2568 1722 2588 :
1750 2560 1858 2591 Maras
1879 2565 2071 2593 ext-ommuni·
2090 2573 2213 2607 Astu„

1184 2614 1268 2636 catus
1289 2603 1360 2644 esta
1380 2610 1501 2646 proprio
1525 2605 1754 2640 Archidiacono.
1783 2609 1827 2642 Et
1839 2609 2000 2652 Ioannem
2013 2611 2071 2644 Fa-

1158 2670 1160 2673 *
1184 2654 1369 2688 lerionensis
1393 2655 1540 2689 Ecclesiae
1562 2655 1870 2698 Archidiaconum‚
1895 2659 1983 2702 quod
2008 2661 2071 2694 Ec-

1183 2705 1390 2739 clefiasticam
1404 2705 1614 2740 substantiam
1636 2706 1832 2751 dilapidanti
1849 2709 2012 2753 Episcopo
2024 2721 2070 2744 re-

1183 2755 1308 2789 stitisset
1329 2778 1339 2793 ,
1377 2756 1411 2789 ὅ(
1432 2756 1473 2790 ab
1500 2755 1559 2789 illo
1589 2756 1786 2792 sustinuisset
1822 2758 2068 2803 degradationis

1180 2804 1390 2848 opprobrium
1406 2831 1416 2847 ,
1444 2805 1554 2841 laudat
1577 2817 1676 2850 atque
1702 2819 1758 2851 per
1781 2808 1911 2843 vicinos
1935 2811 2069 2852 Episco-

1182 2866 1238 2898 ρος
1260 2857 1393 2899 reparari
1417 2857 1551 2891 mandat
1572 2858 1719 2892 Gelasius
1732 2858 1910 2893 Pontifex.
1939 2861 2068 2904 Episto-
2088 2885 2106 2912 E
2160 2886 2194 2912 *6

1181 2906 1246 2939 lam
1282 2917 1359 2940 cum
1387 2907 1542 2941 Romana
1566 2908 1730 2942 Bonifacii
1764 2910 1899 2943 secundi
1928 2911 2067 2954 Synodo
2111 2891 2167 2920 μ’)
2193 2901 2202 2911 ”

1182 2967 1281 2999 nuper
1300 2956 1449 3002 vulgavit
1477 2957 1704 2993 illustriffimus
1729 2959 1836 2994 Lucas
1848 2961 2064 2995 Holstenius.

1181 3007 1263 3040 Haec
1284 3008 1396 3042 omnia
1418 3006 1575 3043 evincunt
1595 3007 1881 3044 Archidiaconum
1909 3010 1942 3043 in
1971 3013 2066 3046 omni

1181 3056 1369 3092 Graecorum
1399 3058 1539 3093 Ecclesia
1572 3058 1665 3093 fuiffe
1690 3059 1791 3093 totius
1826 3059 1915 3093 Cleri
1942 3061 2066 3095 Prima-

1180 3117 1265 3140 tem.
1294 3108 1388 3142 Hinc
1407 3109 1497 3142 enim
1521 3109 1555 3141 in
1582 3108 1739 3153 dogmate
1759 3120 1815 3144 aut
1844 3110 2064 3153 indisciplina

1179 3156 1393 3191 excedentem
1429 3158 1626 3201 Episcopum
1659 3171 1727 3194 non
1765 3159 2061 3203 Archipresbyter‚

1181 3206 1232 3240 sed
1258 3205 1525 3243 Archidiaconus
1544 3207 1719 3244 admonere
1741 3209 1879 3244 debebat
1902 3211 2064 3245 &froena-

1182 3268 1230 3289 re.
1260 3256 1352 3291 Hinc
1375 3259 1454 3292 item
1466 3270 1534 3293 non
1557 3260 1666 3294 minus
1678 3261 1774 3304 quam
1800 3260 1981 3303 Episcopus
1994 3272 2063 3295 non

1181 3306 1309 3340 tantum
1330 3307 1524 3348 Diaconos,
1550 3310 1604 3344 sed
1627 3310 1725 3345 etiam
1738 3311 1950 3353 presbyteros
1972 3322 2063 3355 pote-

1182 3369 1228 3391 rat
1240 3368 1540 3394 excommunicare.

1231 3408 1312 3453 Qiae
1334 3411 1445 3443 omnia
1467 3409 1593 3445 dudum
1614 3411 1751 3455 viguisse
1765 3411 1864 3445 etiam
1880 3411 1914 3443 in
1938 3410 2060 3445 Latina.

1182 3458 1322 3493 Ecclesia
1347 3482 1358 3499 ‚
1389 3459 1455 3502 jam
1479 3460 1588 3495 statim
1617 3461 1803 3495 audivimus
1821 3460 1839 3493 a
1861 3460 1975 3542 Pestros
1987 3461 2060 3495 Ble-

1913 3520 1952 3542 en
1967 3521 1976 3542 1
1994 3535 2000 3542 .
