2366 3756
100 1298 192 1336 (213.

932 141 981 186 D
1015 156 1033 186 1
1068 156 1097 185 c
1132 154 1156 184 τ
1191 156 1220 184 A
1256 157 1280 184 T
1316 157 1344 184 u
1379 156 1423 186 s.

280 232 373 275 degit
383 252 395 271 ,
421 223 584 262 existimat
595 223 718 271 sibiipsi
728 224 790 260 esse
798 223 1005 259 Sacerdotem
1016 248 1027 264 ,
1054 224 1181 1119 posse-x

277 291 345 325 que
365 279 489 324 tingere
505 300 517 317 ,
547 273 653 328 immd
674 275 708 309 δε
727 273 899 309 sacrificare
923 300 932 310 .
960 273 1068 308 Addit
1093 282 1154 308 tres

278 331 422 366 sufficere
441 327 482 362 ad
492 325 667 361 Ecclesiam
679 348 691 365 ,
716 322 854 368 ideoque
875 323 945 358 illic
957 334 1073 358 omnes
1084 335 1153 359 non

277 380 366 424 posse
385 377 562 413 ministrare
582 399 593 416 ,
618 374 672 410 sed
689 384 791 408 uuum
811 372 853 407 ad
876 372 911 407 id
941 372 1133 418 eligendum
1146 398 1153 405 .

277 431 333 465 De
346 430 489 464 Doctore
501 426 565 462 hoc
574 423 681 461 scribit
691 423 976 463 inAHaereticorum
988 423 1155 470 Catalogo

277 482 413 516 Sanstus
425 476 628 522 Augustinus
639 488 647 509 x
672 475 871 508 Tertullianus
884 473 1028 516 tranfiens
1039 475 1084 507 ad
1093 478 1156 507 Ca-

277 530 456 573 tapbmges,
481 537 549 570 quos
560 534 629 560 ante
639 524 822 566 destruxerat
838 549 849 564 ,
857 530 942 566 coepr't
954 530 1045 558 etiam
1050 522 1152 567 secun-

277 581 336 613 das
346 584 467 621 nuptias
481 578 644 617 damnare,
670 573 890 616 &postmodum
912 579 1004 608 etiam
1025 574 1066 607 ab
1087 571 1154 616 ipsis

276 626 458 671 divisussua
467 627 666 661 conventicula
681 630 869 669 propagavit
880 649 888 657 .
920 624 964 659 Et
979 623 1060 659 hinc
1078 633 1157 658 cun-

275 679 347 713 ssos
358 689 479 713 errores
491 677 568 711 istos
587 687 629 710 an
639 676 706 718 ipse
720 674 777 709 fibi
792 673 924 709 finxerit
935 698 947 714 ,
972 686 1014 709 an
1027 675 1045 708 a
1057 674 1160 708 Mon·

275 727 411 763 tanistis
427 726 571 763 hauserit
593 749 606 766 ,
631 735 701 759 non
725 725 819 768 plene
843 723 970 759 constat
995 750 1002 758 .
1025 725 1158 759 Sanetus

276 777 503 823 Epiphanius,
530 774 741 815 philastrius,
768 775 1018 818 Hieronymus,
1037 786 1075 809 ac
1088 774 1156 807 Au-

276 828 427 874 gustinus
448 826 611 862 affirmant
630 824 763 869 quidem
781 826 799 858 a
825 825 1042 859 Montanistis
1059 823 1158 858 etiam

276 877 430 912 soeminas
442 876 539 910 fuisse
550 873 690 910 donatas
701 874 893 910 Sacerdotio
905 900 916 916 ,
942 874 1032 919 quod
1051 882 1158 907 autem

274 937 415 962 omnem
462 922 690 960 Christianum
727 925 973 959 asseveraverint
1011 921 1161 959 Sacerdo-

275 986 344 1012 tem
355 1001 366 1017 ,
378 976 477 1020 usque
488 973 553 1010 huc
565 986 635 1010 non
648 974 731 1019 legi.
759 973 935 1020 Qidquid
947 974 983 1007 fit
993 998 1004 1013 ,
1031 973 1159 1006 fuerunt

276 1037 359 1063 tunc
381 1025 493 1060 nescio
509 1025 568 1068 qui
587 1023 668 1058 tales
681 1024 821 1056 Errones
835 1047 842 1054 .
869 1022 915 1056 Et
928 1023 1014 1066 ipsos
1035 1024 1160 1058 secutus

276 1078 323 1112 est
346 1076 448 1112 etiam
469 1071 783 1109 pseudomonachus
805 1071 964 1107 Zachaeus
985 1098 997 1113 ,
1021 1072 1062 1107 de
1093 1084 1159 1114 quo

277 1128 315 1161 in
329 1125 514 1162 Catholicae
533 1123 612 1159 fidei
633 1123 838 1167 expositione
859 1122 1009 1156 laudatus
1019 1122 1161 1166 Epipha-

276 1177 372 1210 nius:
399 1174 551 1209 Zacbaeus
573 1182 664 1216 nuper
674 1179 707 1205 in
720 1175 865 1204 Montana
881 1178 996 1214 ragione
1007 1173 1051 1204 ad
1061 1178 1160 1207 Hiero-

272 1225 413 1271 solymam
434 1233 566 1260 mortuus
587 1223 647 1262 est,
671 1227 795 1264 quicum
819 1228 934 1256 nemine
946 1233 1086 1264 umquam
1092 1231 1160 1264 pre-

276 1278 366 1310 candi
387 1279 584 1310 communione
593 1272 732 1316 conjungi
737 1270 771 1315 se
788 1273 888 1316 paffus
901 1272 939 1313 est
950 1297 957 1304 .
984 1275 1077 1305 Immo
1090 1276 1161 1306 vero

278 1338 318 1360 ex
328 1326 427 1360 eodem
436 1323 572 1366 Instituta
581 1324 698 1356 Divina
706 1321 840 1362 Mysterra
848 1345 860 1362 ,
884 1333 950 1357 cum
963 1325 1068 1356 Laicus
1078 1323 1141 1366 tffet
1151 1346 1162 1362 ,

276 1381 422 1421 attingere
443 1386 480 1409 ac
488 1373 634 1418 sacrificia
650 1371 929 1414 celebrare-nefario
946 1384 981 1407 ac
1006 1378 1162 1408 temerarie

276 1425 351 1470 ausu
373 1425 412 1467 ost
432 1426 597 1470 aggnfflm
622 1424 669 1458 Et
690 1421 772 1458 alios
783 1421 945 1466 ejusmodi
960 1434 1162 1458 commemo·-

276 1484 347 1512 rat.
376 1475 482 1518 Cujus
504 1474 616 1509 farinae
634 1472 787 1508 videntur
808 1472 902 1507 fuisse
920 1474 1022 1508 etiarn
1043 1473 1162 1508 Messa·

277 1525 361 1560 liani
382 1522 696 1559 seu‘Enthufiastae:
724 1522 828 1570 Quod
847 1524 939 1557 enim
959 1525 1065 1557 sacros
1076 1523 1162 1556 ordi-

257 1575 259 1577 ’
277 1586 338 1611 nes
358 1600 370 1616 ,
395 1574 697 1618 licet'susciperent
718 1598 730 1615 ,
755 1582 1006 1607 contemnerent
1029 1582 1162 1609 tamen,

277 1625 313 1658 δε
331 1625 397 1657 fine
417 1625 490 1667 ipsis
517 1622 737 1658 Sacerdotalia
757 1631 946 1655 exercerent
967 1644 980 1661 ,
1003 1620 1162 1654 testantur

277 1671 431 1707 laudatus
452 1670 682 1714 Epiphanius,
709 1670 844 1704 Sanetus
862 1669 1003 1712 Ioannes
1017 1668 1162 1711 Chryso-

278 1721 404 1756 stomus
431 1745 442 1762 ,
467 1718 705 1754 Theodoretus
730 1743 741 1759 ,
769 1730 807 1753 ac
833 1720 1003 1761 praesertim
1031 1721 1164 1753 Sanctus

280 1773 423 1814 Joannes
459 1771 715 1812 Damascenus·.
745 1767 789 1801 Et
816 1779 857 1801 ex
883 1766 971 1801 hisce
999 1767 1166 1812 Magistris

279 1821 448 1856 Martinus
467 1818 632 1854 Lutherus
661 1829 698 1852 ac
711 1818 854 1861 Joannes
865 1817 1025 1852 Calvinus
1045 1817 1166 1853 didice-

280 1879 359 1906 runt
368 1881 485 1905 omnes
497 1867 726 1904 Ecclefiasticae
743 1867 964 1902 ordinationis
978 1869 1166 1902 Sacramen-

280 1929 353 1955 tum
379 1918 602 1963 blasphemare
623 1942 634 1959 ‚
659 1919 692 1952 ὅς
713 1917 894 1952 Christiani
915 1915 1094 1952 Sacerdotii
1115 1917 1166 1960 jus

278 1970 351 2005 nou
366 1969 474 2003 solum
495 1969 591 2008 viris,
621 1967 674 2002 sed
691 1968 794 2002 etiam
816 1967 961 2003 foeminis
973 1964 1164 2001 adscribere.

279 2019 386 2068 Qrod
398 2029 505 2054 tamen
519 2020 643 2061 semper
662 2015 834 2052 exhorruit
846 2017 947 2053 etiam
958 2016 1163 2051 Montanista

233 2100 235 2103 .
279 2069 528 2104 Tertullianus.
563 2068 606 2101 Et
619 2065 686 2101 haec
709 2068 818 2101 forsan
832 2067 894 2100 fuit
911 2079 975 2100 una
988 2078 1029 2100 ex
1041 2067 1141 2100 caufis
1152 2089 1162 2104 ‚

279 2130 338 2154 eur
350 2121 441 2154 suum
463 2117 586 2152 abillis
597 2116 713 2149 Altare
736 2115 1064 2148 &Conventiculum
1078 2114 1164 2157 sepa-

279 2172 396 2203 raverit
411 2193 419 2200 .
445 2164 620 2212 Qidquid
640 2164 702 2201 fit,
727 2162 815 2196 lucet
838 2164 1024 2205 praesentem
1053 2163 1162 2197 locum

281 2217 345 2252 effe
365 2214 564 2261 indignum,
589 2213 648 2263 qui
668 2210 877 2247 acatholico
897 2211 1042 2251 Dostore
1064 2211 1166 2248 addu-

279 2276 390 2302 catur.
441 2278 443 2280 ·
980 2290 982 2292 -

331 2317 439 2360 Ipsum
459 2324 571 2350 tamen
596 2314 748 2357 adjuvare
768 2314 898 2350 videtur
918 2314 1068 2350 Historia
1083 2313 1162 2356 illa,

281 2376 381 2410 quam
403 2368 437 2399 in
450 2365 551 2400 Prato
572 2365 732 2409 spirituali
752 2367 849 2400 refert
869 2367 1004 2400 sanctus
1023 2364 1163 2408 Sophro-

282 2417 357 2450 nius
378 2413 567 2450 patriarcha
588 2415 935 2458 Hierosolymitanus.
965 2416 1084 2450 Laicus
1094 2416 1163 2458 qui-

280 2466 358 2502 dam
369 2464 559 2500 Monachus
571 2464 807 2499 Eucharisticas
820 2464 1060 2499 benedistiones
1072 2489 1082 2504 ‚
1110 2467 1161 2498 seu

281 2516 318 2549 in
341 2514 582 2551 Eucharistiam
594 2515 832 2549 consecrandos
852 2526 949 2558 panes
968 2516 1162 2549 transferens

279 2565 324 2599 de
344 2565 551 2599 Monasterio
571 2564 614 2599 ad
636 2564 812 2598 Ecclesiam
828 2588 840 2603 ,
865 2565 984 2597 Sant‘i'ae
1005 2565 1160 2597 oblationis

279 2614 376 2650 verba
388 2615 480 2658 super
503 2614 579 2657 ipfis
590 2612 784 2656 quafiversus
802 2614 915 2656 aliquos
928 2614 964 2647 iu
982 2615 1034 2648 via
1046 2616 1164 2649 decan·

279 2664 378 2699 tamira
406 2664 454 2698 At
465 2674 542 2698 ecce
552 2661 762 2707 postmodum
775 2664 954 2698 consecrari
967 2675 1036 2698 non
1052 2675 1163 2708 potue·

279 2711 359 2748 runt
381 2724 436 2756 per
455 2714 686 2752 Sacerdotem,
713 2713 926 2757 consultaque
954 2714 1080 2748 Divina
1100 2714 1163 2748 cle-

282 2763 409 2798 mentia
431 2762 599 2806 respondit
621 2774 675 2806 per
687 2761 875 2807 Angelum:
904 2766 1054 2807 ,Quoniam
1060 2763 1162 2805 frater

281 2813 355 2854 alle,
379 2810 599 2855 qutoblanones
610 2814 734 2852 attulit,
764 2812 858 2847 verba
865 2811 982 2856 sanc¹lae
1004 2813 1160 2847 oblationis

282 2868 317 2896 in
339 2866 395 2896 via
416 2863 517 2902 dixit,
540 2860 736 2904 sandlificatae
750 2865 822 2904 jam
844 2874 878 2896 ac
896 2863 1040 2904 perfeffl‘ae
1064 2864 1157 2906 fient.

281 2912 397 2956 Pergit
419 2910 644 2955 Sophronius:
669 2916 725 2946 Ex
747 2922 817 2946 tunc
833 2913 940 2953 statuit
952 2914 1159 2948 Monacborum

281 2964 384 2996 Senior
394 2985 406 3002 ,
431 2970 465 2996 ut
477 2962 576 2995 nullus
592 2962 726 3004 deinceps
737 2961 1024 3006 addifieretsamffae
1043 2964 1160 2997 oblatio·

281 3017 333 3044 m's
355 3011 451 3045 verba
464 3034 475 3050 ‚
499 3010 558 3051 nist
571 3017 623 3053 qul
644 3013 798 3047 ordinatus
822 3015 865 3046 ad
882 3013 932 3046 hoc
950 3014 1014 3056 esset
1027 3038 1038 3054 ,
1065 3025 1159 3056 neque

276 3061 382 3104 paffim
392 3070 426 3093 ea
437 3059 710 3103 quisquam-diceret
727 3075 902 3106 quocumque
912 3073 1039 3106 tempore
1050 3063 1159 3107 absque

280 3112 338 3145 loco
346 3108 523 3153 consecrato.
538 3111 580 3144 Et
594 3111 629 3144 iu
643 3111 760 3146 animae
769 3113 908 3148 Gemma
920 3114 1029 3148 scribit
1042 3115 1158 3148 Hono-

279 3161 347 3195 rius
371 3159 678 3205 Augustodunenfis
694 3175 704 3194 .·
731 3165 861 3205 Fertur,
891 3166 961 3197 dum
984 3168 1089 3197 Canon
1097 3170 1159 3206 pri-

284 3212 377 3244 mitur
403 3211 534 3253 quotidie
541 3209 656 3252 publice
675 3215 864 3253 recitaretur,
888 3215 968 3256 quod
977 3213 1015 3247 ab
1027 3214 1157 3247 omnibus

278 3269 336 3304 per
344 3259 427 3304 usum
435 3259 558 3304 stiretur
569 3285 579 3302 ,
609 3261 644 3294 (9
656 3272 722 3294 cum
734 3272 798 3295 cum
810 3262 942 3302 Pastores
952 3270 984 3297 in
993 3276 1064 3308 agro
1070 3263 1159 3307 super

279 3319 394 3354 panem
405 3311 438 3344 (θ’
450 3316 556 3344 vinum
567 3311 697 3344 dicerem
707 3335 718 3352 ,
745 3314 861 3353 repente
872 3325 986 3348 carnem
1004 3317 1036 3349 (⁸5
1041 3310 1161 3358 sangui-

283 3372 350 3395 nem
372 3368 444 3394 ante
467 3359 500 3403 fc
524 3366 715 3400 intremunt,
739 3370 827 3403 atque
846 3365 917 3397 inde
925 3369 1162 3406 Divinitusper·

281 3412 346 3453 ruffi
362 3415 520 3445 interirent
532 3435 540 3443 .
567 3412 650 3444 Unde
660 3412 798 3451 synodalt
818 3416 940 3448 Decreto
955 3413 1014 3458 sub
1039 3407 1160 3449 anathe-

384 3459 573 3504 ChrlstLupi
582 3464 667 3504 Oper.
677 3462 790 3495 Tom.V.

1173 2291 1183 3277 ——Q—ffl—
1177 2208 1183 2284 -,-
1178 2154 1184 2158 ,
1174 1549 1183 1692 ——.—-
1178 1524 1183 1541 ,.
1177 1122 1183 1502 —.-—.-——--

1922 158 2014 195 291

1216 230 1296 257 mate
1300 229 1480 265 praeceptum
1494 220 1532 263 est
1541 246 1552 264 ‚
1577 230 1614 257 ut
1627 222 1747 257 Canon
1760 220 1912 266 deinceps
1930 223 2088 259 diceretur

1217 271 1337 308 secreto
1354 297 1366 313 ‚
1391 273 1488 316 a'tque
1507 272 1552 308 ita
1572 272 1709 316 mystica
1725 271 1780 307 illa
1803 272 1901 307 verba
1926 272 1946 307 a.
1965 274 2089 317 populo

1217 334 1286 357 non
1314 322 1501 357 audirentur
1520 347 1527 355 .
1558 323 1661 370 Qod
1687 322 1792 366 ipsum
1834 322 1980 358 adfirmat
2005 323 2090 368 apud

1218 372 1398 409 Alcuinum
1410 372 1563 407 Flaccum
1574 373 1656 407 liber
1667 372 1706 407 de
1718 372 1851 407 Divinis
1861 373 1991 407 Officiis
2000 395 2013 413 ,
2033 371 2094 410 ad-

1217 423 1297 458 dens
1310 423 1504 458 sacrosancta
1516 423 1569 456 illa
1580 421 1673 457 verba
1682 445 1693 461 ,
1710 422 1789 457 dum
1801 422 1921 459 Canon
1933 423 2015 457 olim
2027 423 2092 461 alta
2106 447 2134 479 c
2192 455 2196 458 .

1219 484 1298 507 voce
1307 473 1483 511 diceretur,
1512 472 1623 516 paffim
1636 483 1690 515 per
1701 472 1790 507 vicos
1808 474 1841 507 δε
1854 473 1972 517 plateas
1998 472 2093 509 fuisse
2109 469 2143 520 L:
2151 459 2224 526 {f}-
2238 502 2262 522 Ι.

1217 532 1344 557 cantata
1356 523 1373 555 a
1393 521 1520 566 populis
1533 546 1544 562 ,
1570 532 1667 564 atque
1684 522 1728 556 ita
1739 533 1808 555 non
1823 534 1935 565 parum
1946 523 2072 558 viluisse
2084 548 2093 556 .
2108 531 2143 560 C.
2157 540 2186 565 7·

1219 572 1330 607 Refert
1351 572 1609 606 &Innocentius
1631 572 1746 606 tertius
1767 572 1803 606 in
1815 571 1904 608 libris
1926 572 1969 607 de
1980 573 2117 607 sacrifi-³

1218 623 1271 656 cio
1291 621 1418 663 Missae,
1444 634 1482 656 ac
1504 622 1584 656 item
1607 622 1643 655 in
1667 621 1815 656 Ecclefiae
1835 622 1974 665 Speculo
1989 624 2096 667 Hugo

1218 672 1259 706 de
1280 672 1398 707 Sanno
1411 671 1567 712 Vistore‚
1593 671 1772 716 adjungens
1789 672 1823 704 in
1835 683 1932 715 opere
1941 672 1982 707 de
1992 674 2098 708 Sacra-

1221 722 1336 756 mentis
1362 733 1370 753 :
1399 722 1536 764 ‚Quidam
1554 719 1721 760 existimant
1741 720 1834 755 verba
1855 723 1908 755 illa
1927 747 1939 763 ,
1963 733 2032 765 quae
2054 723 2099 756 ad

1219 771 1422 813 conficiendam
1435 770 1658 811 Eucharrstram
1668 770 1801 812 instituta
1806 770 1879 814 sunt
1892 795 1902 811 ,
1926 774 1947 804 ἃ
1960 783 2099 814 quacum-

1221 833 1274 864 que
1283 821 1408 866 persona
1418 846 1428 862 ,
1450 821 1513 864 five
1526 827 1556 855 in
1569 833 1743 864 quocumque
1753 823 1809 855 loco
1819 845 1829 861 ,
1855 823 1888 854 (9‘
1900 823 2099 863 qualicumque

1221 876 1381 906 intentione
1397 871 1487 916 super
1497 880 1608 914 panem
1631 873 1782 906 &vinum
1795 872 1940 913 prolata,
1966 870 2100 912 essedum

1220 920 1440 964 consecrationis
1465 921 1750 966 &sanc‘lr'ficationis
1773 920 1898 955 babere.
1928 921 2038 956 Etiam
2058 920 2100 955 de
2117 918 2187 948 Part.
2204 922 2229 946 6.

1223 972 1329 1006 nescio
1349 972 1468 1015 quibus
1488 973 1535 1006 sui
1559 973 1665 1007 saeculi
1690 970 1890 1006 Dostoribus
1916 970 2028 1005 scribit
2059 971 2101 1006 ad
2115 967 2140 989 C·
2155 966 2198 993 13·

1223 1021 1416 1056 Leudonem
1427 1022 1654 1066 Presbyterum
1668 1024 1801 1057 San-stus
1824 1020 1884 1056 Ivo
1896 1021 2103 1055 Carnutenfis

1225 1071 1403 1113 Episcopus
1422 1084 1429 1103 :
1458 1075 1568 1107 Dicunt
1594 1070 1786 1116 quascumque
1802 1070 1946 1115 personas
1974 1097 1986 1112 ,
2010 1077 2104 1106 etiam

1219 1119 1336 1163 sacrum
1350 1121 1492 1154 Ordinem
1508 1133 1565 1154 non
1577 1121 1717 1156 habentes
1731 1149 1742 1164 ,
1769 1122 1863 1157 verba
1875 1125 2106 1163 Dominicapro-

1217 1170 1349 1212 ferentes
1361 1194 1372 1211 ,
1397 1173 1590 1205 Sacramenta
1609 1173 1720 1205 Altam
1742 1175 1896 1206 &caetera
1909 1170 2106 1213 Ecclefiastica

1224 1223 1416 1254 sacramenta
1436 1222 1515 1264 poffe
1537 1219 1669 1263 conficere
1684 1246 1695 1261 ,
1720 1219 1920 1263 &salubriter
1941 1226 2108 1263 accipienti-

1223 1270 1278 1304 bus
1299 1268 1481 1310 ministrare.
1512 1271 1605 1314 Ergo
1628 1269 1717 1314 quod
1740 1271 1845 1313 quivis
1868 1270 1972 1305 fidelis
1990 1296 2001 1312 ‚
2030 1271 2109 1304 licet

1227 1332 1293 1356 nou
1318 1322 1475 1356 exercitio
1495 1319 1529 1354 &
1543 1320 1711 1355 functione
1723 1344 1734 1360 ,
1759 1320 1827 1362 jure
1846 1329 1958 1356 tamen
1983 1320 2110 1354 &radi-

1224 1371 1287 1406 cali
1299 1372 1610 1410 consecratione‚cui
1624 1370 1742 1414 quaevis
1752 1371 1836 1406 sacra
1848 1370 2030 1405 Ministeria
2039 1372 2110 1414 pos-1

1225 1423 1284 1455 srnt
1296 1421 1426 1466 injungi
1440 1445 1451 1461 ,
1477 1420 1515 1454 fit
1538 1419 1693 1455 Sacerdos
1707 1445 1718 1462 ‚
1743 1420 1788 1453 est
1802 1420 1937 1463 antiqua
1962 1419 2110 1455 Catholi-

1226 1482 1337 1506 corum
1350 1471 1532 1505 Doctorum
1546 1471 1705 1504 sententia
1715 1495 1726 1511 ‚
1752 1469 1898 1511 adeoque
1910 1482 1951 1504 ex
1974 1470 2043 1504 ista.
2056 1468 2110 1506 ad-

1226 1520 1351 1554 versum
1365 1520 1545 1553 Haereticos
1558 1530 1626 1552 non
1639 1519 1742 1560 potest
1756 1518 1912 1561 praescribi
1926 1543 1932 1550 .

1276 1567 1476 1611 Respondeo
1492 1568 1658 1601 Doctores
1675 1566 1754 1601 istos
1775 1567 1816 1602 ab
1827 1569 1977 1611 Hugone
1998 1568 2113 1604 Victo-

1227 1617 1300 1652 rino
1314 1617 1481 1660 imperitos
1491 1640 1502 1656 ‚
1526 1616 1546 1650 a
1556 1616 1671 1651 Sancto
1684 1618 1787 1652 ivone
1799 1621 1906 1652 vocari
1926 1618 2086 1663 simplices
2100 1643 2111 1659 ,

1228 1667 1330 1702 immo
1351 1668 1456 1702 forsan
1479 1668 1513 1701 &
1524 1665 1669 1710 duplices
1681 1691 1692 1707 ‚
1719 1668 1753 1702 δε
1765 1668 1821 1710 qui
1832 1669 1976 1703 nesciant
1989 1669 2031 1703 de
2043 1668 2114 1712 qui-

1230 1718 1288 1751 bus
1301 1726 1422 1762 negent
1437 1717 1489 1751 vel
1500 1716 1672 1751 adfirment
1685 1745 1694 1751 .
1723 1717 1888 1751 Videntur
1900 1718 1994 1752 fuisse
2021 1718 2112 1752 Petri

1228 1766 1366 1808 Bruffii,
1391 1766 1539 1802 &totius
1561 1767 1821 1801 Sacramentariae
1843 1765 2112 1803 haeresisPraecur·

1227 1818 1311 1852 sores
1325 1830 1336 1851 r
1364 1815 1472 1852 Unde
1495 1817 1722 1851 &Sacerdotii
1744 1817 1990 1851 Sacramentum
2011 1830 2049 1853 ac
2061 1830 2115 1852 ne-

1228 1867 1402 1902 cessitatem
1425 1867 1681 1902 adversumillos
1701 1867 1847 1901 laudatus
1861 1868 1920 1902 lvo
1943 1868 2114 1912 insigniter

1229 1918 1263 1950 δε
1278 1918 1391 1950 acriter
1403 1917 1576 1952 confirmat
1592 1943 1598 1950 .
1625 1918 1755 1952 Factam
1771 1917 1815 1952 'ad
1831 1917 2025 1953 rusticorum
2046 1930 2115 1952 ver·

1230 1966 1269 2000 ba
1282 1967 1585 2007 consecrationem,
1612 1979 1681 2001 non
1699 1967 1874 2009 verborum
1899 1969 2034 2008 virtuti,
2060 1966 2114 2002 sed

1231 2016 1358 2051 Divino
1369 2017 1584 2052 temeritatem
1595 2016 1773 2050 vindicanti
1783 2018 1942 2052 miraculo
1952 2019 2114 2062 affignant

1233 2065 1395 2099 Alcuinus
1410 2088 1421 2104 ,
1448 2067 1621 2101 Honorius
1641 2066 1967 2111 A‘ugustodunenfis‚
2001 2068 2116 2102 Vitio-

1231 2114 1319 2148 rinus
1333 2113 1438 2158 Hugo
1450 2139 1460 2155 ‚
1489 2126 1525 2148 ac
1552 2116 1720 2149 Pontifex?
1730 2117 1945 2155 Innocentius
1957 2143 1964 2150 .
1991 2117 2034 2151 Et
2047 2129 2116 2152 orn·

1232 2175 1286 2198 nes
1307 2163 1458 2203 addunt,
1485 2169 1598 2198 Fertur
1611 2188 1620 2204 ,
1649 2174 1704 2197 aut
1719 2168 1835 2197 Dicitur
1849 2190 1859 2206 ,
1886 2167 1977 2208 quod
1996 2179 2064 2200 non
2079 2169 2114 2203 fit

1230 2226 1277 2248 res
1290 2211 1499 2248 authentica.
1528 2213 1635 2248 Sancti
1658 2212 1838 2257 Sophronii
1850 2215 1966 2249 relatio
1988 2215 2114 2251 videtur

1230 2263 1416 2298 authentica
1440 2276 1446 2294 π
1476 2264 1581 2297 Fuiffe
1603 2264 1895 2299 extraordinariam
1922 2266 1986 2308 ipse
2013 2267 2114 2307 etiam

1230 2315 1368 2348 affirmat
1387 2338 1394 2345 .
1425 2313 1599 2358 Qidquid
1626 2312 1663 2346 fit
1682 2338 1692 2353 ‚
1720 2314 1839 2350 exinde
1862 2314 1949 2349 lucet
1972 2317 2071 2351 etiam
2092 2317 2111 2350 ὰ

1231 2365 1343 2398 Graeca
1363 2362 1444 2397 olim
1458 2363 1601 2397 Ecclesia
1614 2362 1853 2398 Eucharistiam
1866 2389 1876 2404 ‚
1902 2376 1971 2399 non
1994 2377 2047 2409 per
2057 2378 2112 2400 ne-

1233 2415 1298 2448 scio
1309 2425 1389 2456 quas
1401 2413 1500 2448 hodie
1513 2412 1531 2446 a
1544 2411 1717 2448 Photianis
1727 2413 1945 2449 Schismaticis
1969 2415 2111 2451 laudatas

1232 2475 1358 2506 preces,
1387 2463 1438 2497 sed
1462 2475 1516 2507 per
1529 2464 1686 2498 solemnia
1712 2464 1833 2498 eluisti
1847 2466 1989 2499 Domini
2015 2466 2112 2502 verba

1231 2515 1322 2548 fuisse
1345 2515 1582 2547 consecratam.
1613 2515 1714 2561 Quod
1740 2514 1840 2556 ipsum
1855 2514 1963 2548 lucide
1976 2516 2114 2550 demon-

1232 2564 1316 2598 strari
1330 2562 1426 2606 possit
1435 2574 1475 2597 ex
1490 2563 1607 2597 Sansto
1619 2565 1745 2607 Joanne
1758 2562 2013 2607 Chrysostomo.
2042 2566 2111 2603 Cur

1230 2625 1337 2648 autem
1358 2614 1392 2646 δε
1407 2613 1541 2657 quando
1552 2612 1661 2648 eadem
1685 2614 1782 2648 verba
1804 2615 1982 2649 &omnem
2005 2616 2111 2650 Missae

1230 2665 1403 2698 Canonem
1415 2687 1425 2702 ,
1453 2675 1523 2706 quae
1547 2662 1611 2698 alte
1624 2664 1746 2698 dudum
1759 2665 1843 2698 dixit
1855 2689 1866 2704 ‚
1894 2665 2014 2699 secreto
2026 2664 2112 2701 dice.

1229 2725 1260 2747 re
1277 2713 1401 2756 caeperit
1412 2712 1530 2747 Latina
1544 2712 1687 2747 Ecclesia
1701 2738 1711 2754 ‚
1739 2726 1805 2749 non
1819 2714 1864 2748 est
1879 2712 1974 2758 hujus
1994 2716 2061 2750 loci
2076 2740 2084 2748 .

1278 2763 1455 2808 Pergamus
1475 2763 1515 2798 ad
1531 2764 1634 2799 Sandli
1647 2765 1763 2807 Optati
1785 2775 1839 2808 per
1850 2765 2009 2807 Joannern
2025 2766 2111 2803 Lau-

1230 2813 1343 2857 nojum
1356 2812 1491 2848 adducta
1505 2814 1691 2848 testimonia
1705 2827 1712 2846 :
1740 2819 1831 2848 Certa
1844 2814 1975 2848 membra
1992 2814 2049 2857 sua
2058 2815 2110 2848 ha·

1227 2863 1275 2898 bet
1299 2861 1425 2905 Ecclesia
1442 2888 1454 2904 ,
1480 2861 1662 2906 Episcopo„
1689 2865 1875 2904 Presbyterar
1900 2889 1911 2905 ‚
1943 2869 2103 2907 Diaconos,

1228 2913 1373 2955 Mlmssros
1392 2936 1403 2953 ‚
1429 2915 1463 2948 Ca·
1484 2913 1604 2947 turbam
1621 2914 1754 2956 fidelium
1775 2940 1782 2947 .
1812 2916 1866 2949 En
1894 2916 2106 2949 Commenta÷

1229 2966 1333 2999 rium.-
1359 2966 1389 2997 51·
1409 2963 1569 3007 Episcopi,
1597 2964 1761 3003 Presbyteri
1785 2989 1796 3004 ,
1824 2969 1950 2998 Diaconi
1973 2989 1985 3005 ,
2012 2969 2104 2998 Mini-

1219 3014 1296 3055 stri,
1321 3024 1401 3049 certa
1411 3012 1629 3057 quaedamsunt
1647 3015 1777 3048 membra
1790 3013 1946 3055 Ecclefiae,
1968 3015 2102 3057 profers&

1226 3064 1351 3106 Ecclesia
1376 3073 1480 3107 corpur
1501 3064 1539 3106 est
1556 3065 1646 3107 ‹quod
1658 3072 1714 3105 per
1729 3065 1782 3097 illa
1798 3059 2002 3108 membrasuor
2016 3066 2102 3097 aelus

1226 3122 1339 3148 exercet
1349 3139 1356 3146 .
1370 3114 1567 3158 Respondeo
1581 3113 1645 3148 hoc
1656 3114 1718 3148 esse
1730 3115 1938 3149 manifestum
1953 3140 1960 3147 .
1975 3114 2101 3150 Verum

1226 3165 1273 3198 uti
1287 3165 1444 3200 visus-vel
1464 3165 1594 3199 auditus
1605 3176 1672 3198 non
1696 3165 1758 3199 toti
1781 3166 1932 3208 corpori,
1957 3163 2011 3199 sed
2032 3174 2103 3207 pro-

2125 1294 2207 1336 Epist.
2216 1299 2232 1325 6
2234 1297 2262 1332 32

1228 3223 1294 3257 pter
1316 3222 1425 3248 totum
1447 3226 1564 3258 corpus
1586 3215 1660 3249 solis
1683 3214 1786 3249 oculis
1811 3216 1844 3249 δε
1865 3213 1996 3247 auribus
2018 3237 2030 3253 ‚
2056 3214 2100 3247 ita

1225 3264 1329 3310 claves
1352 3274 1419 3298 non
1443 3265 1504 3299 toti
1517 3264 1686 3306 Ecclefiae,
1713 3265 1765 3298 sed
1780 3274 1906 3306 propter
1923 3273 2029 3297 totam
2041 3262 2103 3295 Ec-

1224 3313 1351 3347 clesiam
1363 3314 1442 3348 datae
1453 3316 1526 3348 sunt
1538 3315 1597 3348 soli
1608 3327 1684 3349 cum
1696 3315 1757 3347 suis
1765 3313 2002 3348 Succefforibus
2013 3312 2103 3354 Apo·-

1226 3363 1308 3402 stolo
1319 3364 1438 3400 Petro.
1466 3364 1590 3399 Lucide
1613 3364 1677 3398 hoc
1690 3363 1787 3398 tradit
1808 3363 1841 3396 in
1855 3364 1921 3398 alio
1942 3374 1996 3405 per
2007 3362 2101 3404 Joau-

1226 3425 1297 3449 nem
1311 3413 1498 3459 Launojum
1511 3414 1649 3450 adducto
1661 3415 1736 3449 loco
1750 3412 1837 3450 idem
1848 3415 1987 3458 Optatus
2000 3411 2102 3496 ilDo-

1583 3462 1608 3495 B
1637 3462 1657 3498 b
1708 3475 1730 3501 2
1930 3460 1998 3498 nati
2027 3472 2051 3495 ω
