<?xml version="1.0" encoding="UTF-8"?>
<!DOCTYPE html PUBLIC "-//W3C//DTD XHTML 1.0 Transitional//EN"
    "http://www.w3.org/TR/xhtml1/DTD/xhtml1-transitional.dtd">
<html xmlns="http://www.w3.org/1999/xhtml" xml:lang="en" lang="en">
 <head>
  <title>
</title>
<meta http-equiv="Content-Type" content="text/html;charset=utf-8" />
  <meta name='ocr-system' content='tesseract 3.04.00' />
  <meta name='ocr-capabilities' content='ocr_page ocr_carea ocr_par ocr_line ocrx_word'/>
</head>
<body>
  <div class='ocr_page' id='page_1' title='image "./operaomniastudio05lupuuoft/operaomniastudio05lupuuoft_0144.png"; bbox 0 0 2366 3756; ppageno 0'>
   <div class='ocr_carea' id='block_1_1' title="bbox 398 177 950 240">
    <p class='ocr_par' dir='ltr' id='par_1_1' title="bbox 398 177 950 240">
     <span class='ocr_line' id='line_1_1' title="bbox 398 177 950 240; baseline -0.011 -14"><span class='ocrx_word' id='word_1_1' title='bbox 398 177 950 240; x_wconf 73' lang='lat' dir='ltr'>134N1c01A1</span> 
     </span>
    </p>
   </div>
   <div class='ocr_carea' id='block_1_2' title="bbox 284 256 1203 2612">
    <p class='ocr_par' dir='ltr' id='par_1_2' title="bbox 289 256 1203 1957">
     <span class='ocr_line' id='line_1_2' title="bbox 306 256 1203 309; baseline -0.009 -10"><span class='ocrx_word' id='word_1_2' title='bbox 306 275 435 309; x_wconf 84' lang='lat' dir='ltr'><em>gnomen</em></span> <span class='ocrx_word' id='word_1_3' title='bbox 446 260 564 295; x_wconf 78' lang='lat' dir='ltr'>Archi?</span> <span class='ocrx_word' id='word_1_4' title='bbox 584 262 616 293; x_wconf 88' lang='lat' dir='ltr'>5i</span> <span class='ocrx_word' id='word_1_5' title='bbox 626 272 684 294; x_wconf 90' lang='lat' dir='ltr'>non</span> <span class='ocrx_word' id='word_1_6' title='bbox 690 269 801 303; x_wconf 82' lang='lat' dir='ltr'>potes,</span> <span class='ocrx_word' id='word_1_7' title='bbox 827 259 952 292; x_wconf 69' lang='lat' dir='ltr'>ulterius</span> <span class='ocrx_word' id='word_1_8' title='bbox 976 256 1070 299; x_wconf 87' lang='lat' dir='ltr'>define</span> <span class='ocrx_word' id='word_1_9' title='bbox 1088 259 1203 303; x_wconf 87' lang='lat' dir='ltr'>gloria-</span> 
     </span>
     <span class='ocr_line' id='line_1_3' title="bbox 310 305 1201 355; baseline -0.004 -8"><span class='ocrx_word' id='word_1_10' title='bbox 310 322 340 349; x_wconf 71' lang='lat' dir='ltr'>ri</span> <span class='ocrx_word' id='word_1_11' title='bbox 350 339 357 347; x_wconf 92' lang='lat'><strong>.</strong></span> <span class='ocrx_word' id='word_1_12' title='bbox 385 309 609 355; x_wconf 78' lang='lat' dir='ltr'><em>chorepiscopos</em></span> <span class='ocrx_word' id='word_1_13' title='bbox 622 313 657 345; x_wconf 68' lang='lat'>&amp;⁹</span> <span class='ocrx_word' id='word_1_14' title='bbox 668 309 894 343; x_wconf 81' lang='lat' dir='ltr'>Archidiaconos</span> <span class='ocrx_word' id='word_1_15' title='bbox 905 308 941 341; x_wconf 89' lang='lat' dir='ltr'>ob</span> <span class='ocrx_word' id='word_1_16' title='bbox 955 305 1145 352; x_wconf 70' lang='lat' dir='ltr'><em>insolentiam</em></span> <span class='ocrx_word' id='word_1_17' title='bbox 1156 320 1201 343; x_wconf 87' lang='lat' dir='ltr'>re-</span> 
     </span>
     <span class='ocr_line' id='line_1_4' title="bbox 310 357 1200 404; baseline -0.004 -7"><span class='ocrx_word' id='word_1_18' title='bbox 310 367 404 397; x_wconf 75' lang='lat' dir='ltr'>movit</span> <span class='ocrx_word' id='word_1_19' title='bbox 419 360 548 403; x_wconf 80' lang='lat' dir='ltr'>Ecclefia</span> <span class='ocrx_word' id='word_1_20' title='bbox 561 375 572 394; x_wconf 91' lang='lat'><em>:</em></span> <span class='ocrx_word' id='word_1_21' title='bbox 599 361 686 393; x_wconf 67' lang='lat' dir='ltr'>Unde</span> <span class='ocrx_word' id='word_1_22' title='bbox 699 361 732 394; x_wconf 65' lang='grc' dir='ltr'>ό·</span> <span class='ocrx_word' id='word_1_23' title='bbox 743 358 792 392; x_wconf 74' lang='lat' dir='ltr'>bis</span> <span class='ocrx_word' id='word_1_24' title='bbox 804 369 886 394; x_wconf 83' lang='lat' dir='ltr'>caret</span> <span class='ocrx_word' id='word_1_25' title='bbox 897 357 988 404; x_wconf 84' lang='lat' dir='ltr'>usque</span> <span class='ocrx_word' id='word_1_26' title='bbox 1010 366 1043 393; x_wconf 84' lang='lat' dir='ltr'>in</span> <span class='ocrx_word' id='word_1_27' title='bbox 1063 358 1200 403; x_wconf 84' lang='lat' dir='ltr'>praesens</span> 
     </span>
     <span class='ocr_line' id='line_1_5' title="bbox 308 411 1201 454; baseline -0.004 -8"><span class='ocrx_word' id='word_1_28' title='bbox 308 413 481 454; x_wconf 85' lang='lat' dir='ltr'><em>Metropolis</em></span> <span class='ocrx_word' id='word_1_29' title='bbox 504 413 648 450; x_wconf 81' lang='lat' dir='ltr'>Colonia,</span> <span class='ocrx_word' id='word_1_30' title='bbox 676 411 786 443; x_wconf 78' lang='lat' dir='ltr'>&amp;tota</span> <span class='ocrx_word' id='word_1_31' title='bbox 808 412 973 444; x_wconf 75' lang='lat' dir='ltr'><em>Provincia</em></span> <span class='ocrx_word' id='word_1_32' title='bbox 986 435 993 443; x_wconf 95' lang='lat'><strong><em>.</em></strong></span> <span class='ocrx_word' id='word_1_33' title='bbox 1019 415 1128 448; x_wconf 73' lang='lat' dir='ltr'>Canon</span> <span class='ocrx_word' id='word_1_34' title='bbox 1153 420 1201 447; x_wconf 84' lang='lat' dir='ltr'>ve-</span> 
     </span>
     <span class='ocr_line' id='line_1_6' title="bbox 306 459 1201 504; baseline -0.001 -9"><span class='ocrx_word' id='word_1_35' title='bbox 306 472 355 496; x_wconf 81' lang='lat' dir='ltr'>tat</span> <span class='ocrx_word' id='word_1_36' title='bbox 369 466 535 495; x_wconf 80' lang='lat' dir='ltr'><em>Diaconum</em></span> <span class='ocrx_word' id='word_1_37' title='bbox 546 461 621 494; x_wconf 63' lang='lat' dir='ltr'>ante*</span> <span class='ocrx_word' id='word_1_38' title='bbox 632 459 840 500; x_wconf 78' lang='lat' dir='ltr'><em>Presbyterum</em></span> <span class='ocrx_word' id='word_1_39' title='bbox 857 459 1127 504; x_wconf 76' lang='lat' dir='ltr'>injuffumsedere3</span> <span class='ocrx_word' id='word_1_40' title='bbox 1155 462 1201 494; x_wconf 82' lang='lat' dir='ltr'>Tu</span> 
     </span>
     <span class='ocr_line' id='line_1_7' title="bbox 307 509 1202 554; baseline -0.001 -8"><span class='ocrx_word' id='word_1_41' title='bbox 307 512 498 551; x_wconf 78' lang='lat' dir='ltr'>Presbyteros</span> <span class='ocrx_word' id='word_1_42' title='bbox 519 509 679 554; x_wconf 78' lang='lat' dir='ltr'>praeficmis</span> <span class='ocrx_word' id='word_1_43' title='bbox 683 512 845 552; x_wconf 81' lang='lat' dir='ltr'>judicare,</span> <span class='ocrx_word' id='word_1_44' title='bbox 872 520 925 545; x_wconf 83' lang='lat' dir='ltr'>aut</span> <span class='ocrx_word' id='word_1_45' title='bbox 946 517 1039 546; x_wconf 85' lang='lat' dir='ltr'>etiam</span> <span class='ocrx_word' id='word_1_46' title='bbox 1061 510 1202 546; x_wconf 83' lang='lat' dir='ltr'>verbera·</span> 
     </span>
     <span class='ocr_line' id='line_1_8' title="bbox 307 559 1202 606; baseline -0.001 -10"><span class='ocrx_word' id='word_1_47' title='bbox 307 574 340 596; x_wconf 80' lang='lat' dir='ltr'>re</span> <span class='ocrx_word' id='word_1_48' title='bbox 351 589 358 596; x_wconf 90' lang='lat'><strong>.</strong></span> <span class='ocrx_word' id='word_1_49' title='bbox 386 561 674 596; x_wconf 88' lang='lat' dir='ltr'>Archidiaconum</span> <span class='ocrx_word' id='word_1_50' title='bbox 687 585 697 602; x_wconf 90' lang='lat'>,</span> <span class='ocrx_word' id='word_1_51' title='bbox 727 559 818 605; x_wconf 71' lang='lat' dir='ltr'>quod</span> <span class='ocrx_word' id='word_1_52' title='bbox 832 563 925 597; x_wconf 90' lang='lat' dir='ltr'>omni</span> <span class='ocrx_word' id='word_1_53' title='bbox 941 562 1099 606; x_wconf 89' lang='lat' dir='ltr'>potestate</span> <span class='ocrx_word' id='word_1_54' title='bbox 1111 571 1202 596; x_wconf 90' lang='lat' dir='ltr'>trun-</span> 
     </span>
     <span class='ocr_line' id='line_1_9' title="bbox 302 610 1199 656; baseline 0 -10"><span class='ocrx_word' id='word_1_55' title='bbox 302 623 395 647; x_wconf 88' lang='lat' dir='ltr'>catus</span> <span class='ocrx_word' id='word_1_56' title='bbox 417 612 558 649; x_wconf 87' lang='lat' dir='ltr'>necdum</span> <span class='ocrx_word' id='word_1_57' title='bbox 579 611 758 656; x_wconf 81' lang='lat' dir='ltr'>quiesceret</span> <span class='ocrx_word' id='word_1_58' title='bbox 779 610 821 646; x_wconf 85' lang='lat' dir='ltr'>ab</span> <span class='ocrx_word' id='word_1_59' title='bbox 840 612 1017 647; x_wconf 86' lang='lat' dir='ltr'>insolentia</span> <span class='ocrx_word' id='word_1_60' title='bbox 1044 613 1078 652; x_wconf 79' lang='lat'>&amp;</span> <span class='ocrx_word' id='word_1_61' title='bbox 1092 612 1176 647; x_wconf 88' lang='lat' dir='ltr'>fastu</span> <span class='ocrx_word' id='word_1_62' title='bbox 1189 635 1199 651; x_wconf 94' lang='lat'>,</span> 
     </span>
     <span class='ocr_line' id='line_1_10' title="bbox 301 660 1199 706; baseline -0.002 -10"><span class='ocrx_word' id='word_1_63' title='bbox 301 664 413 698; x_wconf 74' lang='lat' dir='ltr'>nescio</span> <span class='ocrx_word' id='word_1_64' title='bbox 425 663 498 706; x_wconf 85' lang='lat' dir='ltr'>quis</span> <span class='ocrx_word' id='word_1_65' title='bbox 511 660 700 698; x_wconf 82' lang='lat' dir='ltr'>Patriarcha</span> <span class='ocrx_word' id='word_1_66' title='bbox 713 661 1108 706; x_wconf 81' lang='lat' dir='ltr'>Constantinopolitanus</span> <span class='ocrx_word' id='word_1_67' title='bbox 1130 672 1199 696; x_wconf 85' lang='lat' dir='ltr'>tan-</span> 
     </span>
     <span class='ocr_line' id='line_1_11' title="bbox 298 711 1197 760; baseline -0.002 -12"><span class='ocrx_word' id='word_1_68' title='bbox 298 713 378 748; x_wconf 83' lang='lat' dir='ltr'>dem</span> <span class='ocrx_word' id='word_1_69' title='bbox 388 712 548 748; x_wconf 78' lang='lat' dir='ltr'>exstinxit</span> <span class='ocrx_word' id='word_1_70' title='bbox 561 737 568 745; x_wconf 91' lang='lat'>.</span> <span class='ocrx_word' id='word_1_71' title='bbox 577 726 587 738; x_wconf 77' lang='lat'>=</span> <span class='ocrx_word' id='word_1_72' title='bbox 595 711 700 760; x_wconf 71' lang='lat' dir='ltr'>Qdd</span> <span class='ocrx_word' id='word_1_73' title='bbox 718 712 823 756; x_wconf 87' lang='lat' dir='ltr'>ipsum</span> <span class='ocrx_word' id='word_1_74' title='bbox 835 713 1027 756; x_wconf 86' lang='lat' dir='ltr'>jamdudum</span> <span class='ocrx_word' id='word_1_75' title='bbox 1037 714 1116 748; x_wconf 80' lang='lat' dir='ltr'>fecit</span> <span class='ocrx_word' id='word_1_76' title='bbox 1127 711 1197 749; x_wconf 84' lang='lat' dir='ltr'>Ro-</span> 
     </span>
     <span class='ocr_line' id='line_1_12' title="bbox 300 763 1197 809; baseline -0.002 -11"><span class='ocrx_word' id='word_1_77' title='bbox 300 774 398 798; x_wconf 87' lang='lat' dir='ltr'>mana</span> <span class='ocrx_word' id='word_1_78' title='bbox 410 763 552 798; x_wconf 85' lang='lat' dir='ltr'>Ecclefia</span> <span class='ocrx_word' id='word_1_79' title='bbox 565 788 572 796; x_wconf 91' lang='lat'><strong>.</strong></span> <span class='ocrx_word' id='word_1_80' title='bbox 599 763 695 798; x_wconf 89' lang='lat' dir='ltr'>Hinc</span> <span class='ocrx_word' id='word_1_81' title='bbox 716 763 818 809; x_wconf 87' lang='lat' dir='ltr'>igitur</span> <span class='ocrx_word' id='word_1_82' title='bbox 843 763 1075 799; x_wconf 89' lang='lat' dir='ltr'>Diacouorum</span> <span class='ocrx_word' id='word_1_83' title='bbox 1087 765 1197 798; x_wconf 90' lang='lat' dir='ltr'>secun-</span> 
     </span>
     <span class='ocr_line' id='line_1_13' title="bbox 299 812 1195 862; baseline -0.001 -14"><span class='ocrx_word' id='word_1_84' title='bbox 299 813 363 850; x_wconf 84' lang='lat' dir='ltr'>dus</span> <span class='ocrx_word' id='word_1_85' title='bbox 385 823 520 848; x_wconf 85' lang='lat' dir='ltr'>vocatur</span> <span class='ocrx_word' id='word_1_86' title='bbox 541 813 666 858; x_wconf 86' lang='lat' dir='ltr'>primus</span> <span class='ocrx_word' id='word_1_87' title='bbox 680 827 691 847; x_wconf 90' lang='lat'>.·</span> <span class='ocrx_word' id='word_1_88' title='bbox 718 812 823 862; x_wconf 58' lang='lat' dir='ltr'>Quid</span> <span class='ocrx_word' id='word_1_89' title='bbox 850 813 968 858; x_wconf 76' lang='lat' dir='ltr'>nempe</span> <span class='ocrx_word' id='word_1_90' title='bbox 991 813 1057 856; x_wconf 81' lang='lat' dir='ltr'>jam</span> <span class='ocrx_word' id='word_1_91' title='bbox 1070 812 1195 851; x_wconf 83' lang='lat' dir='ltr'>nullius</span> 
     </span>
     <span class='ocr_line' id='line_1_14' title="bbox 298 861 1193 908; baseline -0.002 -10"><span class='ocrx_word' id='word_1_92' title='bbox 298 864 379 899; x_wconf 70' lang='lat' dir='ltr'>esset</span> <span class='ocrx_word' id='word_1_93' title='bbox 399 862 573 900; x_wconf 78' lang='lat' dir='ltr'>vicarius.</span> <span class='ocrx_word' id='word_1_94' title='bbox 602 861 659 898; x_wconf 87' lang='lat' dir='ltr'>Ad</span> <span class='ocrx_word' id='word_1_95' title='bbox 683 862 876 908; x_wconf 74' lang='lat' dir='ltr'>perpetuum</span> <span class='ocrx_word' id='word_1_96' title='bbox 899 863 1052 902; x_wconf 66' lang='lat' dir='ltr'>exstincti</span> <span class='ocrx_word' id='word_1_97' title='bbox 1075 861 1193 899; x_wconf 87' lang='lat' dir='ltr'>Archi-</span> 
     </span>
     <span class='ocr_line' id='line_1_15' title="bbox 296 912 1192 955; baseline 0.001 -7"><span class='ocrx_word' id='word_1_98' title='bbox 296 914 495 950; x_wconf 84' lang='lat' dir='ltr'>diaconatus</span> <span class='ocrx_word' id='word_1_99' title='bbox 517 915 712 949; x_wconf 84' lang='lat' dir='ltr'>memoriam</span> <span class='ocrx_word' id='word_1_100' title='bbox 737 914 914 949; x_wconf 69' lang='lat' dir='ltr'>exstinstor</span> <span class='ocrx_word' id='word_1_101' title='bbox 936 912 1127 955; x_wconf 81' lang='lat' dir='ltr'>Patriarcha</span> <span class='ocrx_word' id='word_1_102' title='bbox 1138 925 1192 949; x_wconf 88' lang='lat' dir='ltr'>vo-</span> 
     </span>
     <span class='ocr_line' id='line_1_16' title="bbox 297 964 1191 1009; baseline 0.001 -11"><span class='ocrx_word' id='word_1_103' title='bbox 297 964 363 1000; x_wconf 88' lang='lat' dir='ltr'>luit</span> <span class='ocrx_word' id='word_1_104' title='bbox 383 965 496 1003; x_wconf 83' lang='lat' dir='ltr'>vocari</span> <span class='ocrx_word' id='word_1_105' title='bbox 518 964 727 1009; x_wconf 70' lang='lat' dir='ltr'>secundum3</span> <span class='ocrx_word' id='word_1_106' title='bbox 752 965 816 1000; x_wconf 80' lang='lat' dir='ltr'>effe</span> <span class='ocrx_word' id='word_1_107' title='bbox 835 975 870 999; x_wconf 90' lang='lat' dir='ltr'>re</span> <span class='ocrx_word' id='word_1_108' title='bbox 889 966 1056 1009; x_wconf 85' lang='lat' dir='ltr'>primum,</span> <span class='ocrx_word' id='word_1_109' title='bbox 1082 966 1191 1000; x_wconf 86' lang='lat' dir='ltr'>secun·</span> 
     </span>
     <span class='ocr_line' id='line_1_17' title="bbox 296 1013 1190 1060; baseline -0.003 -9"><span class='ocrx_word' id='word_1_110' title='bbox 296 1013 380 1051; x_wconf 85' lang='lat' dir='ltr'>dum</span> <span class='ocrx_word' id='word_1_111' title='bbox 403 1016 540 1051; x_wconf 83' lang='lat' dir='ltr'>nomine</span> <span class='ocrx_word' id='word_1_112' title='bbox 561 1027 571 1058; x_wconf 73' lang='grc' dir='ltr'><strong>ς</strong></span> <span class='ocrx_word' id='word_1_113' title='bbox 598 1025 743 1049; x_wconf 80' lang='lat' dir='ltr'>attamen</span> <span class='ocrx_word' id='word_1_114' title='bbox 770 1015 911 1060; x_wconf 84' lang='lat' dir='ltr'>primum</span> <span class='ocrx_word' id='word_1_115' title='bbox 931 1014 1020 1051; x_wconf 84' lang='lat' dir='ltr'>inter</span> <span class='ocrx_word' id='word_1_116' title='bbox 1041 1026 1190 1050; x_wconf 90' lang='lat' dir='ltr'>commu-</span> 
     </span>
     <span class='ocr_line' id='line_1_18' title="bbox 296 1063 1190 1102; baseline 0.001 -4"><span class='ocrx_word' id='word_1_117' title='bbox 296 1075 353 1099; x_wconf 86' lang='lat' dir='ltr'>nes</span> <span class='ocrx_word' id='word_1_118' title='bbox 364 1064 537 1101; x_wconf 84' lang='lat' dir='ltr'>dumtaxat</span> <span class='ocrx_word' id='word_1_119' title='bbox 555 1065 745 1101; x_wconf 84' lang='lat' dir='ltr'>Diaconos:</span> <span class='ocrx_word' id='word_1_120' title='bbox 774 1063 870 1102; x_wconf 84' lang='lat' dir='ltr'>nullo</span> <span class='ocrx_word' id='word_1_121' title='bbox 896 1066 1000 1100; x_wconf 86' lang='lat' dir='ltr'>modo</span> <span class='ocrx_word' id='word_1_122' title='bbox 1013 1066 1098 1100; x_wconf 90' lang='lat' dir='ltr'>inter</span> <span class='ocrx_word' id='word_1_123' title='bbox 1109 1066 1190 1100; x_wconf 86' lang='lat' dir='ltr'>Cru-</span> 
     </span>
     <span class='ocr_line' id='line_1_19' title="bbox 293 1114 1191 1162; baseline 0.001 -14"><span class='ocrx_word' id='word_1_124' title='bbox 293 1115 426 1159; x_wconf 76' lang='lat' dir='ltr'>cheros</span> <span class='ocrx_word' id='word_1_125' title='bbox 450 1140 461 1157; x_wconf 91' lang='lat'><em>,</em></span> <span class='ocrx_word' id='word_1_126' title='bbox 499 1126 556 1151; x_wconf 88' lang='lat' dir='ltr'>aut</span> <span class='ocrx_word' id='word_1_127' title='bbox 576 1116 661 1151; x_wconf 82' lang='lat' dir='ltr'>alios</span> <span class='ocrx_word' id='word_1_128' title='bbox 681 1114 891 1151; x_wconf 89' lang='lat' dir='ltr'>Archontico</span> <span class='ocrx_word' id='word_1_129' title='bbox 916 1115 1114 1162; x_wconf 82' lang='lat' dir='ltr'>Magistratu</span> <span class='ocrx_word' id='word_1_130' title='bbox 1139 1115 1191 1150; x_wconf 89' lang='lat' dir='ltr'>in-</span> 
     </span>
     <span class='ocr_line' id='line_1_20' title="bbox 294 1165 1189 1211; baseline -0.001 -10"><span class='ocrx_word' id='word_1_131' title='bbox 294 1165 402 1211; x_wconf 80' lang='lat' dir='ltr'>fignes</span> <span class='ocrx_word' id='word_1_132' title='bbox 416 1192 424 1198; x_wconf 92' lang='lat'>.</span> <span class='ocrx_word' id='word_1_133' title='bbox 452 1167 497 1201; x_wconf 86' lang='lat' dir='ltr'>Et</span> <span class='ocrx_word' id='word_1_134' title='bbox 517 1165 586 1206; x_wconf 78' lang='lat' dir='ltr'>haec</span> <span class='ocrx_word' id='word_1_135' title='bbox 596 1167 643 1201; x_wconf 88' lang='lat' dir='ltr'>est</span> <span class='ocrx_word' id='word_1_136' title='bbox 655 1167 774 1207; x_wconf 89' lang='lat' dir='ltr'>causa,</span> <span class='ocrx_word' id='word_1_137' title='bbox 799 1178 859 1201; x_wconf 88' lang='lat' dir='ltr'>cur</span> <span class='ocrx_word' id='word_1_138' title='bbox 878 1166 1189 1211; x_wconf 86' lang='lat' dir='ltr'>Constantinopoli-</span> 
     </span>
     <span class='ocr_line' id='line_1_21' title="bbox 293 1215 1188 1253; baseline 0 -2"><span class='ocrx_word' id='word_1_139' title='bbox 293 1223 371 1251; x_wconf 88' lang='lat' dir='ltr'>tana</span> <span class='ocrx_word' id='word_1_140' title='bbox 394 1215 536 1251; x_wconf 82' lang='lat' dir='ltr'>Ecclesia</span> <span class='ocrx_word' id='word_1_141' title='bbox 554 1216 681 1252; x_wconf 88' lang='lat' dir='ltr'>dudum</span> <span class='ocrx_word' id='word_1_142' title='bbox 692 1226 809 1251; x_wconf 90' lang='lat' dir='ltr'>contra</span> <span class='ocrx_word' id='word_1_143' title='bbox 822 1217 1113 1253; x_wconf 80' lang='lat' dir='ltr'>Neocaesariensem</span> <span class='ocrx_word' id='word_1_144' title='bbox 1126 1216 1188 1251; x_wconf 88' lang='lat' dir='ltr'>Ca-</span> 
     </span>
     <span class='ocr_line' id='line_1_22' title="bbox 293 1264 1187 1310; baseline 0.002 -12"><span class='ocrx_word' id='word_1_145' title='bbox 293 1276 418 1309; x_wconf 86' lang='lat' dir='ltr'>nonem</span> <span class='ocrx_word' id='word_1_146' title='bbox 445 1265 597 1301; x_wconf 87' lang='lat' dir='ltr'>habuerit</span> <span class='ocrx_word' id='word_1_147' title='bbox 618 1279 689 1301; x_wconf 89' lang='lat' dir='ltr'>non</span> <span class='ocrx_word' id='word_1_148' title='bbox 726 1268 849 1310; x_wconf 84' lang='lat' dir='ltr'>septem</span> <span class='ocrx_word' id='word_1_149' title='bbox 872 1291 883 1308; x_wconf 90' lang='lat'>,</span> <span class='ocrx_word' id='word_1_150' title='bbox 921 1264 977 1300; x_wconf 86' lang='lat' dir='ltr'>sed</span> <span class='ocrx_word' id='word_1_151' title='bbox 1014 1266 1187 1302; x_wconf 83' lang='lat' dir='ltr'>dumtaxat</span> 
     </span>
     <span class='ocr_line' id='line_1_23' title="bbox 290 1314 1187 1362; baseline 0.002 -14"><span class='ocrx_word' id='word_1_152' title='bbox 290 1316 441 1358; x_wconf 85' lang='lat' dir='ltr'>quinque</span> <span class='ocrx_word' id='word_1_153' title='bbox 465 1317 663 1360; x_wconf 75' lang='lat' dir='ltr'>principales</span> <span class='ocrx_word' id='word_1_154' title='bbox 685 1316 861 1351; x_wconf 81' lang='lat' dir='ltr'>Diaconos</span> <span class='ocrx_word' id='word_1_155' title='bbox 886 1328 893 1348; x_wconf 74' lang='grc' dir='ltr'><strong>ι</strong></span> <span class='ocrx_word' id='word_1_156' title='bbox 933 1314 1039 1362; x_wconf 71' lang='lat' dir='ltr'>Qdd</span> <span class='ocrx_word' id='word_1_157' title='bbox 1069 1316 1187 1360; x_wconf 75' lang='lat' dir='ltr'>nempe</span> 
     </span>
     <span class='ocr_line' id='line_1_24' title="bbox 289 1364 1186 1400; baseline 0.003 -3"><span class='ocrx_word' id='word_1_158' title='bbox 289 1374 367 1398; x_wconf 88' lang='lat' dir='ltr'>cum</span> <span class='ocrx_word' id='word_1_159' title='bbox 389 1366 448 1398; x_wconf 86' lang='lat' dir='ltr'>suo</span> <span class='ocrx_word' id='word_1_160' title='bbox 469 1365 614 1398; x_wconf 87' lang='lat' dir='ltr'>secundo</span> <span class='ocrx_word' id='word_1_161' title='bbox 629 1366 684 1398; x_wconf 83' lang='lat' dir='ltr'>seu</span> <span class='ocrx_word' id='word_1_162' title='bbox 700 1365 838 1399; x_wconf 86' lang='lat' dir='ltr'>Vicario</span> <span class='ocrx_word' id='word_1_163' title='bbox 851 1364 1117 1400; x_wconf 81' lang='lat' dir='ltr'>Archidiaconus</span> <span class='ocrx_word' id='word_1_164' title='bbox 1146 1376 1186 1400; x_wconf 80' lang='lat' dir='ltr'>ex</span> 
     </span>
     <span class='ocr_line' id='line_1_25' title="bbox 290 1413 1187 1459; baseline 0.003 -12"><span class='ocrx_word' id='word_1_165' title='bbox 290 1414 400 1457; x_wconf 88' lang='lat' dir='ltr'>primo</span> <span class='ocrx_word' id='word_1_166' title='bbox 423 1413 552 1449; x_wconf 86' lang='lat' dir='ltr'>Ordine</span> <span class='ocrx_word' id='word_1_167' title='bbox 575 1416 757 1459; x_wconf 68' lang='lat' dir='ltr'>expunstus</span> <span class='ocrx_word' id='word_1_168' title='bbox 768 1415 986 1458; x_wconf 89' lang='lat' dir='ltr'>septenarium</span> <span class='ocrx_word' id='word_1_169' title='bbox 1006 1417 1187 1451; x_wconf 81' lang='lat' dir='ltr'>contraxis-</span> 
     </span>
     <span class='ocr_line' id='line_1_26' title="bbox 289 1463 1186 1510; baseline 0.004 -13"><span class='ocrx_word' id='word_1_170' title='bbox 289 1464 337 1499; x_wconf 87' lang='lat' dir='ltr'>set</span> <span class='ocrx_word' id='word_1_171' title='bbox 357 1463 398 1497; x_wconf 82' lang='lat' dir='ltr'>ad</span> <span class='ocrx_word' id='word_1_172' title='bbox 420 1465 610 1508; x_wconf 86' lang='lat' dir='ltr'>quinarium</span> <span class='ocrx_word' id='word_1_173' title='bbox 625 1490 632 1497; x_wconf 92' lang='lat'>.</span> <span class='ocrx_word' id='word_1_174' title='bbox 660 1466 705 1498; x_wconf 90' lang='lat' dir='ltr'>Et</span> <span class='ocrx_word' id='word_1_175' title='bbox 726 1464 805 1499; x_wconf 89' lang='lat' dir='ltr'>hinc</span> <span class='ocrx_word' id='word_1_176' title='bbox 816 1476 992 1499; x_wconf 89' lang='lat' dir='ltr'>numerum</span> <span class='ocrx_word' id='word_1_177' title='bbox 1004 1475 1186 1510; x_wconf 90' lang='lat' dir='ltr'>utcumque</span> 
     </span>
     <span class='ocr_line' id='line_1_27' title="bbox 289 1513 1186 1558; baseline 0.002 -12"><span class='ocrx_word' id='word_1_178' title='bbox 289 1514 496 1558; x_wconf 86' lang='lat' dir='ltr'>suppleturus</span> <span class='ocrx_word' id='word_1_179' title='bbox 518 1513 708 1547; x_wconf 87' lang='lat' dir='ltr'>Patriarcha</span> <span class='ocrx_word' id='word_1_180' title='bbox 730 1514 897 1557; x_wconf 81' lang='lat' dir='ltr'>Georgius</span> <span class='ocrx_word' id='word_1_181' title='bbox 919 1513 1115 1557; x_wconf 87' lang='lat' dir='ltr'>Xiphilinus</span> <span class='ocrx_word' id='word_1_182' title='bbox 1126 1516 1186 1558; x_wconf 90' lang='lat' dir='ltr'>pri-</span> 
     </span>
     <span class='ocr_line' id='line_1_28' title="bbox 290 1562 1186 1608; baseline 0.001 -11"><span class='ocrx_word' id='word_1_183' title='bbox 290 1575 384 1598; x_wconf 88' lang='lat' dir='ltr'>murn</span> <span class='ocrx_word' id='word_1_184' title='bbox 410 1563 630 1601; x_wconf 84' lang='lat' dir='ltr'>Defensorem</span> <span class='ocrx_word' id='word_1_185' title='bbox 650 1562 829 1603; x_wconf 81' lang='lat' dir='ltr'>exaltavit,</span> <span class='ocrx_word' id='word_1_186' title='bbox 869 1564 904 1597; x_wconf 79' lang='grc' dir='ltr'>δε</span> <span class='ocrx_word' id='word_1_187' title='bbox 924 1564 1004 1598; x_wconf 89' lang='lat' dir='ltr'>fecit</span> <span class='ocrx_word' id='word_1_188' title='bbox 1030 1563 1186 1608; x_wconf 61' lang='lat' dir='ltr'>Crucige*</span> 
     </span>
     <span class='ocr_line' id='line_1_29' title="bbox 289 1612 1186 1649; baseline 0 -1"><span class='ocrx_word' id='word_1_189' title='bbox 289 1625 384 1648; x_wconf 86' lang='lat' dir='ltr'>rum.</span> <span class='ocrx_word' id='word_1_190' title='bbox 410 1613 484 1648; x_wconf 92' lang='lat' dir='ltr'>Nec</span> <span class='ocrx_word' id='word_1_191' title='bbox 504 1614 631 1648; x_wconf 87' lang='lat' dir='ltr'>mireris</span> <span class='ocrx_word' id='word_1_192' title='bbox 654 1614 688 1647; x_wconf 89' lang='lat' dir='ltr'>in</span> <span class='ocrx_word' id='word_1_193' title='bbox 713 1612 868 1648; x_wconf 85' lang='lat' dir='ltr'>Palatino</span> <span class='ocrx_word' id='word_1_194' title='bbox 900 1613 980 1647; x_wconf 80' lang='lat' dir='ltr'>aulae</span> <span class='ocrx_word' id='word_1_195' title='bbox 991 1613 1186 1649; x_wconf 89' lang='lat' dir='ltr'>Constanti·</span> 
     </span>
     <span class='ocr_line' id='line_1_30' title="bbox 291 1661 1186 1711; baseline 0.001 -14"><span class='ocrx_word' id='word_1_196' title='bbox 291 1663 496 1707; x_wconf 84' lang='lat' dir='ltr'>nopolitanae</span> <span class='ocrx_word' id='word_1_197' title='bbox 516 1663 618 1698; x_wconf 88' lang='lat' dir='ltr'>Clero</span> <span class='ocrx_word' id='word_1_198' title='bbox 638 1663 732 1698; x_wconf 71' lang='lat' dir='ltr'>fuisse</span> <span class='ocrx_word' id='word_1_199' title='bbox 744 1661 1030 1698; x_wconf 86' lang='lat' dir='ltr'>Archidiaconum</span> <span class='ocrx_word' id='word_1_200' title='bbox 1043 1673 1054 1696; x_wconf 73' lang='grc' dir='ltr'>’τ</span> <span class='ocrx_word' id='word_1_201' title='bbox 1083 1663 1186 1711; x_wconf 76' lang='lat' dir='ltr'>Qod</span> 
     </span>
     <span class='ocr_line' id='line_1_31' title="bbox 290 1711 1186 1757; baseline 0.001 -10"><span class='ocrx_word' id='word_1_202' title='bbox 290 1715 381 1748; x_wconf 87' lang='lat' dir='ltr'>enim</span> <span class='ocrx_word' id='word_1_203' title='bbox 406 1713 542 1757; x_wconf 84' lang='lat' dir='ltr'>quidam</span> <span class='ocrx_word' id='word_1_204' title='bbox 569 1714 670 1748; x_wconf 85' lang='lat' dir='ltr'>etiam</span> <span class='ocrx_word' id='word_1_205' title='bbox 702 1711 928 1751; x_wconf 83' lang='lat' dir='ltr'>Ecclefiastica</span> <span class='ocrx_word' id='word_1_206' title='bbox 961 1713 1186 1755; x_wconf 58' lang='lat' dir='ltr'>iurisdictione</span> 
     </span>
     <span class='ocr_line' id='line_1_32' title="bbox 289 1761 1186 1808; baseline -0.001 -11"><span class='ocrx_word' id='word_1_207' title='bbox 289 1763 418 1807; x_wconf 84' lang='lat' dir='ltr'>praediti</span> <span class='ocrx_word' id='word_1_208' title='bbox 441 1762 706 1808; x_wconf 87' lang='lat' dir='ltr'>Abbatesipsum</span> <span class='ocrx_word' id='word_1_209' title='bbox 717 1763 804 1807; x_wconf 87' lang='lat' dir='ltr'>apud</span> <span class='ocrx_word' id='word_1_210' title='bbox 818 1774 880 1797; x_wconf 87' lang='lat' dir='ltr'>nos</span> <span class='ocrx_word' id='word_1_211' title='bbox 900 1761 1100 1803; x_wconf 89' lang='lat' dir='ltr'>habuerint,</span> <span class='ocrx_word' id='word_1_212' title='bbox 1125 1764 1186 1797; x_wconf 88' lang='lat' dir='ltr'>suo</span> 
     </span>
     <span class='ocr_line' id='line_1_33' title="bbox 290 1811 1186 1857; baseline -0.001 -9"><span class='ocrx_word' id='word_1_213' title='bbox 290 1814 368 1849; x_wconf 85' lang='lat' dir='ltr'>loco</span> <span class='ocrx_word' id='word_1_214' title='bbox 390 1813 599 1848; x_wconf 86' lang='lat' dir='ltr'>ostendetur.</span> <span class='ocrx_word' id='word_1_215' title='bbox 629 1813 683 1846; x_wconf 85' lang='lat' dir='ltr'>Ex</span> <span class='ocrx_word' id='word_1_216' title='bbox 693 1812 890 1848; x_wconf 83' lang='lat' dir='ltr'>bisinterim</span> <span class='ocrx_word' id='word_1_217' title='bbox 901 1811 1014 1852; x_wconf 82' lang='lat' dir='ltr'>vides,</span> <span class='ocrx_word' id='word_1_218' title='bbox 1039 1825 1097 1847; x_wconf 90' lang='lat' dir='ltr'>cur</span> <span class='ocrx_word' id='word_1_219' title='bbox 1111 1825 1186 1857; x_wconf 83' lang='lat' dir='ltr'>prae-</span> 
     </span>
     <span class='ocr_line' id='line_1_34' title="bbox 291 1862 1184 1902; baseline 0 -5"><span class='ocrx_word' id='word_1_220' title='bbox 291 1866 365 1902; x_wconf 84' lang='lat' dir='ltr'>sens</span> <span class='ocrx_word' id='word_1_221' title='bbox 388 1863 510 1898; x_wconf 85' lang='lat' dir='ltr'>Canon</span> <span class='ocrx_word' id='word_1_222' title='bbox 531 1862 820 1899; x_wconf 83' lang='lat' dir='ltr'>Archidiaconum</span> <span class='ocrx_word' id='word_1_223' title='bbox 840 1862 994 1902; x_wconf 87' lang='lat' dir='ltr'>nominet</span> <span class='ocrx_word' id='word_1_224' title='bbox 1019 1863 1097 1900; x_wconf 77' lang='lat' dir='ltr'>ante</span> <span class='ocrx_word' id='word_1_225' title='bbox 1123 1864 1184 1900; x_wconf 86' lang='lat' dir='ltr'>Ar-</span> 
     </span>
     <span class='ocr_line' id='line_1_35' title="bbox 291 1911 594 1957; baseline -0.003 -9"><span class='ocrx_word' id='word_1_226' title='bbox 291 1911 574 1957; x_wconf 75' lang='lat' dir='ltr'>¹chipresbyterum</span> <span class='ocrx_word' id='word_1_227' title='bbox 587 1938 594 1947; x_wconf 92' lang='lat'><strong><em>.</em></strong></span> 
     </span>
    </p>

    <p class='ocr_par' dir='ltr' id='par_1_3' title="bbox 284 1962 1202 2612">
     <span class='ocr_line' id='line_1_36' title="bbox 340 1962 1186 2015; baseline 0 -17"><span class='ocrx_word' id='word_1_228' title='bbox 340 1964 491 2011; x_wconf 73' lang='lat' dir='ltr'>Quaestio</span> <span class='ocrx_word' id='word_1_229' title='bbox 512 1965 578 2006; x_wconf 88' lang='lat' dir='ltr'>est,</span> <span class='ocrx_word' id='word_1_230' title='bbox 607 1963 694 2015; x_wconf 71' lang='lat' dir='ltr'>Quis</span> <span class='ocrx_word' id='word_1_231' title='bbox 706 1962 893 2000; x_wconf 79' lang='lat' dir='ltr'>patriarcha</span> <span class='ocrx_word' id='word_1_232' title='bbox 904 1963 1186 2008; x_wconf 84' lang='lat' dir='ltr'>Constantinopo-</span> 
     </span>
     <span class='ocr_line' id='line_1_37' title="bbox 290 2014 1184 2058; baseline -0.002 -8"><span class='ocrx_word' id='word_1_233' title='bbox 290 2015 415 2050; x_wconf 86' lang='lat' dir='ltr'>litanus</span> <span class='ocrx_word' id='word_1_234' title='bbox 437 2014 759 2050; x_wconf 85' lang='lat' dir='ltr'>Archidiaconatum</span> <span class='ocrx_word' id='word_1_235' title='bbox 780 2014 975 2050; x_wconf 75' lang='lat' dir='ltr'>exstinxerit</span> <span class='ocrx_word' id='word_1_236' title='bbox 998 2016 1011 2048; x_wconf 70' lang='grc' dir='ltr'>ἒ</span> <span class='ocrx_word' id='word_1_237' title='bbox 1038 2014 1184 2058; x_wconf 87' lang='lat' dir='ltr'>Respon-</span> 
     </span>
     <span class='ocr_line' id='line_1_38' title="bbox 289 2064 1184 2109; baseline -0.002 -9"><span class='ocrx_word' id='word_1_238' title='bbox 289 2065 356 2101; x_wconf 83' lang='lat' dir='ltr'>deo</span> <span class='ocrx_word' id='word_1_239' title='bbox 379 2066 415 2099; x_wconf 87' lang='lat' dir='ltr'>in</span> <span class='ocrx_word' id='word_1_240' title='bbox 438 2065 508 2109; x_wconf 88' lang='lat' dir='ltr'>jure</span> <span class='ocrx_word' id='word_1_241' title='bbox 538 2066 827 2100; x_wconf 76' lang='lat' dir='ltr'>Graeco-Romano</span> <span class='ocrx_word' id='word_1_242' title='bbox 851 2065 977 2099; x_wconf 84' lang='lat' dir='ltr'>exstare</span> <span class='ocrx_word' id='word_1_243' title='bbox 999 2064 1097 2099; x_wconf 86' lang='lat' dir='ltr'>Lucae</span> <span class='ocrx_word' id='word_1_244' title='bbox 1124 2064 1184 2098; x_wconf 90' lang='lat' dir='ltr'>Pa-</span> 
     </span>
     <span class='ocr_line' id='line_1_39' title="bbox 288 2112 1182 2160; baseline -0.003 -10"><span class='ocrx_word' id='word_1_245' title='bbox 288 2114 440 2150; x_wconf 75' lang='lat' dir='ltr'>triarchae</span> <span class='ocrx_word' id='word_1_246' title='bbox 448 2140 460 2156; x_wconf 91' lang='lat'>‚</span> <span class='ocrx_word' id='word_1_247' title='bbox 486 2117 544 2160; x_wconf 93' lang='lat' dir='ltr'>qui</span> <span class='ocrx_word' id='word_1_248' title='bbox 556 2115 615 2150; x_wconf 92' lang='lat' dir='ltr'>sub</span> <span class='ocrx_word' id='word_1_249' title='bbox 625 2115 794 2149; x_wconf 88' lang='lat' dir='ltr'>Manuelis</span> <span class='ocrx_word' id='word_1_250' title='bbox 805 2115 973 2149; x_wconf 89' lang='lat' dir='ltr'>Comneni</span> <span class='ocrx_word' id='word_1_251' title='bbox 987 2114 1131 2157; x_wconf 89' lang='lat' dir='ltr'>Imperio</span> <span class='ocrx_word' id='word_1_252' title='bbox 1142 2112 1182 2148; x_wconf 89' lang='lat' dir='ltr'>ad</span> 
     </span>
     <span class='ocr_line' id='line_1_40' title="bbox 288 2162 1182 2202; baseline -0.003 -3"><span class='ocrx_word' id='word_1_253' title='bbox 288 2165 485 2199; x_wconf 82' lang='lat' dir='ltr'>duodecimi</span> <span class='ocrx_word' id='word_1_254' title='bbox 510 2162 968 2197; x_wconf 82' lang='lat' dir='ltr'>Christianisaeculimedium</span> <span class='ocrx_word' id='word_1_255' title='bbox 980 2163 1114 2202; x_wconf 89' lang='lat' dir='ltr'>floruit,</span> <span class='ocrx_word' id='word_1_256' title='bbox 1140 2163 1182 2196; x_wconf 92' lang='lat' dir='ltr'>de</span> 
     </span>
     <span class='ocr_line' id='line_1_41' title="bbox 288 2211 1181 2257; baseline -0.002 -8"><span class='ocrx_word' id='word_1_257' title='bbox 288 2213 420 2257; x_wconf 80' lang='lat' dir='ltr'>septimi</span> <span class='ocrx_word' id='word_1_258' title='bbox 446 2211 568 2257; x_wconf 85' lang='lat' dir='ltr'>gradus</span> <span class='ocrx_word' id='word_1_259' title='bbox 593 2212 809 2248; x_wconf 87' lang='lat' dir='ltr'>matrimonio</span> <span class='ocrx_word' id='word_1_260' title='bbox 835 2214 1008 2253; x_wconf 70' lang='lat' dir='ltr'>Edictum,</span> <span class='ocrx_word' id='word_1_261' title='bbox 1038 2211 1181 2247; x_wconf 78' lang='lat' dir='ltr'>cuisub-</span> 
     </span>
     <span class='ocr_line' id='line_1_42' title="bbox 284 2262 1180 2307; baseline -0.004 -7"><span class='ocrx_word' id='word_1_262' title='bbox 284 2263 403 2300; x_wconf 74' lang='lat' dir='ltr'>scribit</span> <span class='ocrx_word' id='word_1_263' title='bbox 424 2263 567 2306; x_wconf 87' lang='lat' dir='ltr'>Joannes</span> <span class='ocrx_word' id='word_1_264' title='bbox 594 2262 822 2307; x_wconf 87' lang='lat' dir='ltr'>Hagioflorita</span> <span class='ocrx_word' id='word_1_265' title='bbox 846 2287 858 2303; x_wconf 92' lang='lat'>‚</span> <span class='ocrx_word' id='word_1_266' title='bbox 896 2262 1093 2296; x_wconf 72' lang='lat' dir='ltr'>sanctiffimae</span> <span class='ocrx_word' id='word_1_267' title='bbox 1115 2274 1180 2296; x_wconf 89' lang='lat' dir='ltr'>ma-</span> 
     </span>
     <span class='ocr_line' id='line_1_43' title="bbox 289 2311 1178 2361; baseline -0.004 -13"><span class='ocrx_word' id='word_1_268' title='bbox 289 2326 372 2361; x_wconf 36' lang='lat' dir='ltr'>gnael</span> <span class='ocrx_word' id='word_1_269' title='bbox 389 2313 540 2349; x_wconf 76' lang='lat' dir='ltr'>Ecclefiae</span> <span class='ocrx_word' id='word_1_270' title='bbox 565 2311 819 2356; x_wconf 81' lang='lat' dir='ltr'>chartophylax</span> <span class='ocrx_word' id='word_1_271' title='bbox 845 2311 1178 2347; x_wconf 86' lang='lat' dir='ltr'>&amp;Archidiaconus.</span> 
     </span>
     <span class='ocr_line' id='line_1_44' title="bbox 289 2361 1182 2413; baseline -0.006 -14"><span class='ocrx_word' id='word_1_272' title='bbox 289 2366 374 2413; x_wconf 86' lang='lat' dir='ltr'>Qo</span> <span class='ocrx_word' id='word_1_273' title='bbox 400 2363 559 2399; x_wconf 88' lang='lat' dir='ltr'>docemur</span> <span class='ocrx_word' id='word_1_274' title='bbox 592 2361 920 2398; x_wconf 84' lang='lat' dir='ltr'>Archidiaconatum</span> <span class='ocrx_word' id='word_1_275' title='bbox 954 2371 1037 2396; x_wconf 87' lang='lat' dir='ltr'>tune</span> <span class='ocrx_word' id='word_1_276' title='bbox 1073 2361 1182 2395; x_wconf 90' lang='lat' dir='ltr'>adhuc</span> 
     </span>
     <span class='ocr_line' id='line_1_45' title="bbox 289 2411 1183 2459; baseline -0.006 -9"><span class='ocrx_word' id='word_1_277' title='bbox 289 2415 385 2451; x_wconf 69' lang='lat' dir='ltr'>fuisse</span> <span class='ocrx_word' id='word_1_278' title='bbox 397 2437 409 2454; x_wconf 91' lang='lat'><strong>,</strong></span> <span class='ocrx_word' id='word_1_279' title='bbox 434 2414 469 2448; x_wconf 72' lang='grc' dir='ltr'>δε</span> <span class='ocrx_word' id='word_1_280' title='bbox 489 2414 679 2459; x_wconf 81' lang='lat' dir='ltr'>Crucigeris</span> <span class='ocrx_word' id='word_1_281' title='bbox 691 2413 852 2449; x_wconf 82' lang='lat' dir='ltr'>Diaeonis</span> <span class='ocrx_word' id='word_1_282' title='bbox 865 2413 960 2451; x_wconf 80' lang='lat' dir='ltr'>fuiffe</span> <span class='ocrx_word' id='word_1_283' title='bbox 969 2411 1159 2447; x_wconf 85' lang='lat' dir='ltr'>inferiorem</span> <span class='ocrx_word' id='word_1_284' title='bbox 1175 2436 1183 2444; x_wconf 87' lang='lat'><strong>.</strong></span> 
     </span>
     <span class='ocr_line' id='line_1_46' title="bbox 291 2461 1182 2508; baseline -0.003 -9"><span class='ocrx_word' id='word_1_285' title='bbox 291 2463 343 2507; x_wconf 75' lang='lat' dir='ltr'>At</span> <span class='ocrx_word' id='word_1_286' title='bbox 362 2463 442 2499; x_wconf 77' lang='lat' dir='ltr'>vero</span> <span class='ocrx_word' id='word_1_287' title='bbox 461 2465 547 2499; x_wconf 87' lang='lat' dir='ltr'>circa</span> <span class='ocrx_word' id='word_1_288' title='bbox 569 2464 732 2508; x_wconf 82' lang='lat' dir='ltr'>sequentis</span> <span class='ocrx_word' id='word_1_289' title='bbox 761 2463 869 2503; x_wconf 65' lang='lat' dir='ltr'>saeculi</span> <span class='ocrx_word' id='word_1_290' title='bbox 902 2461 1050 2499; x_wconf 87' lang='lat' dir='ltr'>medium</span> <span class='ocrx_word' id='word_1_291' title='bbox 1091 2462 1182 2497; x_wconf 87' lang='lat' dir='ltr'>Cou-</span> 
     </span>
     <span class='ocr_line' id='line_1_47' title="bbox 291 2512 1178 2557; baseline -0.003 -7"><span class='ocrx_word' id='word_1_292' title='bbox 291 2515 454 2550; x_wconf 75' lang='lat' dir='ltr'>stantinus</span> <span class='ocrx_word' id='word_1_293' title='bbox 480 2514 644 2555; x_wconf 78' lang='lat' dir='ltr'>Cabafilas</span> <span class='ocrx_word' id='word_1_294' title='bbox 655 2514 948 2556; x_wconf 80' lang='lat' dir='ltr'>Dyrrachienfium</span> <span class='ocrx_word' id='word_1_295' title='bbox 958 2512 1178 2557; x_wconf 82' lang='lat' dir='ltr'>Metropolita</span> 
     </span>
     <span class='ocr_line' id='line_1_48' title="bbox 292 2543 1202 2612; baseline -0.002 -12"><span class='ocrx_word' id='word_1_296' title='bbox 292 2565 466 2612; x_wconf 77' lang='lat' dir='ltr'>proposuit</span> <span class='ocrx_word' id='word_1_297' title='bbox 482 2563 570 2602; x_wconf 83' lang='lat' dir='ltr'>hanc</span> <span class='ocrx_word' id='word_1_298' title='bbox 594 2565 808 2611; x_wconf 84' lang='lat' dir='ltr'>quaestionem</span> <span class='ocrx_word' id='word_1_299' title='bbox 827 2577 835 2597; x_wconf 85' lang='lat' dir='ltr'>x</span> <span class='ocrx_word' id='word_1_300' title='bbox 862 2570 900 2602; x_wconf 77' lang='lat' dir='ltr'>In</span> <span class='ocrx_word' id='word_1_301' title='bbox 922 2561 1180 2606; x_wconf 76' lang='lat' dir='ltr'>Ecclefiasticotum</span> <span class='ocrx_word' id='word_1_302' title='bbox 1192 2543 1202 2609; x_wconf 79' lang='lat' dir='ltr'>l</span> 
     </span>
    </p>
   </div>
   <div class='ocr_carea' id='block_1_3' title="bbox 1213 262 1229 393">
    <p class='ocr_par' dir='ltr' id='par_1_4' title="bbox 1213 262 1229 393">
     <span class='ocr_line' id='line_1_49' title="bbox 1213 262 1229 393; baseline 0 -58"><span class='ocrx_word' id='word_1_303' title='bbox 1213 262 1229 393; x_wconf 95' lang='lat' dir='ltr'>  </span> 
     </span>
    </p>
   </div>
   <div class='ocr_carea' id='block_1_4' title="bbox 1194 637 1221 2339">
    <p class='ocr_par' dir='ltr' id='par_1_5' title="bbox 1194 637 1221 2339">
     <span class='ocr_line' id='line_1_50' title="bbox 1194 637 1221 2339; baseline 0 0"><span class='ocrx_word' id='word_1_304' title='bbox 1194 637 1221 2339; x_wconf 95' lang='lat' dir='ltr'>     </span> 
     </span>
    </p>
   </div>
   <div class='ocr_carea' id='block_1_5' title="bbox 1222 2456 1232 2613">
    <p class='ocr_par' dir='ltr' id='par_1_6' title="bbox 1222 2456 1232 2613">
     <span class='ocr_line' id='line_1_51' title="bbox 1222 2456 1232 2613; baseline 0 1143"><span class='ocrx_word' id='word_1_305' title='bbox 1222 2456 1232 2613; x_wconf 95' lang='lat' dir='ltr'> </span> 
     </span>
    </p>
   </div>
   <div class='ocr_carea' id='block_1_6' title="bbox 1023 175 2048 226">
    <p class='ocr_par' dir='ltr' id='par_1_7' title="bbox 1023 175 2048 226">
     <span class='ocr_line' id='line_1_52' title="bbox 1023 175 2048 226; baseline 0.005 -5"><span class='ocrx_word' id='word_1_306' title='bbox 1023 190 1415 222; x_wconf 68' lang='lat' dir='ltr'>secuunl</span> <span class='ocrx_word' id='word_1_307' title='bbox 1484 175 2048 226; x_wconf 78' lang='lat' dir='ltr'>PONT11=1CIs</span> 
     </span>
    </p>
   </div>
   <div class='ocr_carea' id='block_1_7' title="bbox 1242 259 2264 2557">
    <p class='ocr_par' dir='ltr' id='par_1_8' title="bbox 1242 259 2264 2557">
     <span class='ocr_line' id='line_1_53' title="bbox 1264 259 2153 306; baseline 0.006 -14"><span class='ocrx_word' id='word_1_308' title='bbox 1264 259 1429 301; x_wconf 84' lang='lat' dir='ltr'>officiorum</span> <span class='ocrx_word' id='word_1_309' title='bbox 1451 259 1652 303; x_wconf 75' lang='lat' dir='ltr'>dignitatibus</span> <span class='ocrx_word' id='word_1_310' title='bbox 1674 266 1743 302; x_wconf 89' lang='lat' dir='ltr'>quis</span> <span class='ocrx_word' id='word_1_311' title='bbox 1764 267 1884 302; x_wconf 80' lang='lat' dir='ltr'>primus</span> <span class='ocrx_word' id='word_1_312' title='bbox 1905 261 1945 303; x_wconf 87' lang='lat' dir='ltr'>est</span> <span class='ocrx_word' id='word_1_313' title='bbox 1965 287 1977 303; x_wconf 95' lang='lat'>,</span> <span class='ocrx_word' id='word_1_314' title='bbox 2013 268 2083 306; x_wconf 77' lang='lat' dir='ltr'>quit</span> <span class='ocrx_word' id='word_1_315' title='bbox 2105 262 2153 306; x_wconf 84' lang='lat' dir='ltr'>se·</span> 
     </span>
     <span class='ocr_line' id='line_1_54' title="bbox 1263 309 2151 354; baseline 0.005 -11"><span class='ocrx_word' id='word_1_316' title='bbox 1263 309 1377 343; x_wconf 79' lang='lat' dir='ltr'>candus</span> <span class='ocrx_word' id='word_1_317' title='bbox 1389 333 1401 349; x_wconf 91' lang='lat'><strong>,</strong></span> <span class='ocrx_word' id='word_1_318' title='bbox 1427 314 1497 351; x_wconf 83' lang='lat' dir='ltr'>quis</span> <span class='ocrx_word' id='word_1_319' title='bbox 1519 316 1628 343; x_wconf 71' lang='lat' dir='ltr'>tertius</span> <span class='ocrx_word' id='word_1_320' title='bbox 1653 333 1664 350; x_wconf 92' lang='lat'>‚</span> <span class='ocrx_word' id='word_1_321' title='bbox 1690 315 1760 352; x_wconf 88' lang='lat' dir='ltr'>quis</span> <span class='ocrx_word' id='word_1_322' title='bbox 1783 312 1919 354; x_wconf 80' lang='lat' dir='ltr'>deinceps</span> <span class='ocrx_word' id='word_1_323' title='bbox 1942 324 2039 347; x_wconf 84' lang='lat' dir='ltr'>eorum</span> <span class='ocrx_word' id='word_1_324' title='bbox 2058 314 2151 347; x_wconf 82' lang='lat' dir='ltr'>ordo?</span> 
     </span>
     <span class='ocr_line' id='line_1_55' title="bbox 1263 358 2151 406; baseline 0.007 -14"><span class='ocrx_word' id='word_1_325' title='bbox 1263 358 1418 405; x_wconf 80' lang='lat' dir='ltr'>Qaefivit</span> <span class='ocrx_word' id='word_1_326' title='bbox 1439 358 1481 393; x_wconf 84' lang='lat' dir='ltr'>de</span> <span class='ocrx_word' id='word_1_327' title='bbox 1517 358 1736 405; x_wconf 85' lang='lat' dir='ltr'>dignitatibus</span> <span class='ocrx_word' id='word_1_328' title='bbox 1771 360 2151 406; x_wconf 68' lang='lat' dir='ltr'>Constantinopolitanae</span> 
     </span>
     <span class='ocr_line' id='line_1_56' title="bbox 1265 408 2151 458; baseline 0.006 -14"><span class='ocrx_word' id='word_1_329' title='bbox 1265 409 1431 445; x_wconf 75' lang='lat' dir='ltr'>Ecclefiae.</span> <span class='ocrx_word' id='word_1_330' title='bbox 1469 408 1515 443; x_wconf 89' lang='lat' dir='ltr'>Et</span> <span class='ocrx_word' id='word_1_331' title='bbox 1536 410 1678 454; x_wconf 88' lang='lat' dir='ltr'>Joannes</span> <span class='ocrx_word' id='word_1_332' title='bbox 1700 411 1798 455; x_wconf 87' lang='lat' dir='ltr'>Cytri</span> <span class='ocrx_word' id='word_1_333' title='bbox 1822 410 2003 457; x_wconf 84' lang='lat' dir='ltr'>Episcopus</span> <span class='ocrx_word' id='word_1_334' title='bbox 2024 415 2151 458; x_wconf 86' lang='lat' dir='ltr'>respon-</span> 
     </span>
     <span class='ocr_line' id='line_1_57' title="bbox 1262 459 2151 507; baseline 0.004 -13"><span class='ocrx_word' id='word_1_335' title='bbox 1262 460 1313 494; x_wconf 87' lang='lat' dir='ltr'>dit</span> <span class='ocrx_word' id='word_1_336' title='bbox 1333 471 1375 494; x_wconf 80' lang='lat' dir='ltr'>ex</span> <span class='ocrx_word' id='word_1_337' title='bbox 1394 459 1530 507; x_wconf 85' lang='lat' dir='ltr'>antiqua</span> <span class='ocrx_word' id='word_1_338' title='bbox 1542 461 1720 497; x_wconf 83' lang='lat' dir='ltr'>traditione</span> <span class='ocrx_word' id='word_1_339' title='bbox 1740 461 1913 506; x_wconf 88' lang='lat' dir='ltr'>digniores</span> <span class='ocrx_word' id='word_1_340' title='bbox 1925 473 1963 496; x_wconf 92' lang='lat' dir='ltr'>ac</span> <span class='ocrx_word' id='word_1_341' title='bbox 1976 462 2096 506; x_wconf 82' lang='lat' dir='ltr'>priores</span> <span class='ocrx_word' id='word_1_342' title='bbox 2106 466 2151 501; x_wconf 54' lang='lat' dir='ltr'>ese</span> 
     </span>
     <span class='ocr_line' id='line_1_58' title="bbox 1263 510 2152 559; baseline 0.007 -15"><span class='ocrx_word' id='word_1_343' title='bbox 1263 510 1293 544; x_wconf 87' lang='lat' dir='ltr'>se</span> <span class='ocrx_word' id='word_1_344' title='bbox 1315 510 1510 555; x_wconf 86' lang='lat' dir='ltr'>Crucigeros</span> <span class='ocrx_word' id='word_1_345' title='bbox 1520 511 1693 547; x_wconf 87' lang='lat' dir='ltr'>Diaconos</span> <span class='ocrx_word' id='word_1_346' title='bbox 1706 536 1717 552; x_wconf 93' lang='lat'>‚</span> <span class='ocrx_word' id='word_1_347' title='bbox 1741 512 1775 546; x_wconf 75' lang='grc' dir='ltr'>ἀ</span> <span class='ocrx_word' id='word_1_348' title='bbox 1787 514 1893 557; x_wconf 84' lang='lat' dir='ltr'>pergit</span> <span class='ocrx_word' id='word_1_349' title='bbox 1904 512 1946 547; x_wconf 89' lang='lat' dir='ltr'>de</span> <span class='ocrx_word' id='word_1_350' title='bbox 1959 511 2152 559; x_wconf 81' lang='lat' dir='ltr'>subsequen-</span> 
     </span>
     <span class='ocr_line' id='line_1_59' title="bbox 1262 559 2153 606; baseline 0.01 -13"><span class='ocrx_word' id='word_1_351' title='bbox 1262 559 1364 598; x_wconf 84' lang='lat' dir='ltr'>tibus:</span> <span class='ocrx_word' id='word_1_352' title='bbox 1397 563 1592 597; x_wconf 82' lang='lat' dir='ltr'>Duodecimus</span> <span class='ocrx_word' id='word_1_353' title='bbox 1611 561 1806 606; x_wconf 83' lang='lat' dir='ltr'>estsecundus</span> <span class='ocrx_word' id='word_1_354' title='bbox 1816 564 2031 599; x_wconf 79' lang='lat' dir='ltr'>Diaconorum.</span> <span class='ocrx_word' id='word_1_355' title='bbox 2063 566 2153 602; x_wconf 86' lang='lat' dir='ltr'>Enu-</span> 
     </span>
     <span class='ocr_line' id='line_1_60' title="bbox 1261 611 2152 655; baseline 0.01 -12"><span class='ocrx_word' id='word_1_356' title='bbox 1261 620 1362 645; x_wconf 88' lang='lat' dir='ltr'>rnerat</span> <span class='ocrx_word' id='word_1_357' title='bbox 1387 611 1456 655; x_wconf 86' lang='lat' dir='ltr'>ejus</span> <span class='ocrx_word' id='word_1_358' title='bbox 1483 613 1629 654; x_wconf 86' lang='lat' dir='ltr'>Officia,</span> <span class='ocrx_word' id='word_1_359' title='bbox 1651 614 1796 650; x_wconf 73' lang='lat' dir='ltr'>affirmat</span> <span class='ocrx_word' id='word_1_360' title='bbox 1821 613 1885 649; x_wconf 73' lang='lat' dir='ltr'>effie</span> <span class='ocrx_word' id='word_1_361' title='bbox 1920 614 2063 651; x_wconf 86' lang='lat' dir='ltr'>absentis</span> <span class='ocrx_word' id='word_1_362' title='bbox 2088 617 2152 652; x_wconf 84' lang='lat' dir='ltr'>Ar-</span> 
     </span>
     <span class='ocr_line' id='line_1_61' title="bbox 1259 659 2151 708; baseline 0.008 -14"><span class='ocrx_word' id='word_1_363' title='bbox 1259 659 1450 697; x_wconf 87' lang='lat' dir='ltr'>chidiaconi</span> <span class='ocrx_word' id='word_1_364' title='bbox 1473 662 1671 706; x_wconf 86' lang='lat' dir='ltr'>Vicarium,</span> <span class='ocrx_word' id='word_1_365' title='bbox 1696 664 1729 698; x_wconf 90' lang='lat'>&amp;</span> <span class='ocrx_word' id='word_1_366' title='bbox 1752 664 1958 708; x_wconf 85' lang='lat' dir='ltr'>prosequitur</span> <span class='ocrx_word' id='word_1_367' title='bbox 1979 678 1987 698; x_wconf 87' lang='lat'>:</span> <span class='ocrx_word' id='word_1_368' title='bbox 2014 667 2061 700; x_wconf 86' lang='lat' dir='ltr'>ob</span> <span class='ocrx_word' id='word_1_369' title='bbox 2083 679 2151 701; x_wconf 84' lang='lat' dir='ltr'>eam</span> 
     </span>
     <span class='ocr_line' id='line_1_62' title="bbox 1258 710 2151 758; baseline 0.008 -13"><span class='ocrx_word' id='word_1_370' title='bbox 1258 710 1378 756; x_wconf 85' lang='lat' dir='ltr'>causam</span> <span class='ocrx_word' id='word_1_371' title='bbox 1404 714 1517 747; x_wconf 84' lang='lat' dir='ltr'>dicitur</span> <span class='ocrx_word' id='word_1_372' title='bbox 1532 712 1680 758; x_wconf 85' lang='lat' dir='ltr'>secundus</span> <span class='ocrx_word' id='word_1_373' title='bbox 1691 739 1703 755; x_wconf 94' lang='lat'>‚</span> <span class='ocrx_word' id='word_1_374' title='bbox 1733 726 1791 747; x_wconf 90' lang='lat' dir='ltr'>non</span> <span class='ocrx_word' id='word_1_375' title='bbox 1810 716 1894 757; x_wconf 70' lang='lat' dir='ltr'>quad</span> <span class='ocrx_word' id='word_1_376' title='bbox 1902 721 1935 748; x_wconf 75' lang='lat' dir='ltr'>tn</span> <span class='ocrx_word' id='word_1_377' title='bbox 1947 717 2062 752; x_wconf 81' lang='lat' dir='ltr'>Ordine</span> <span class='ocrx_word' id='word_1_378' title='bbox 2074 721 2151 752; x_wconf 88' lang='lat' dir='ltr'>Dia-</span> 
     </span>
     <span class='ocr_line' id='line_1_63' title="bbox 1258 761 2149 812; baseline 0.007 -15"><span class='ocrx_word' id='word_1_379' title='bbox 1258 773 1393 797; x_wconf 82' lang='lat' dir='ltr'>conorum</span> <span class='ocrx_word' id='word_1_380' title='bbox 1411 762 1451 805; x_wconf 81' lang='lat' dir='ltr'>fit</span> <span class='ocrx_word' id='word_1_381' title='bbox 1470 761 1639 809; x_wconf 80' lang='lat' dir='ltr'>secundus.</span> <span class='ocrx_word' id='word_1_382' title='bbox 1667 763 1772 812; x_wconf 78' lang='lat' dir='ltr'>Qod</span> <span class='ocrx_word' id='word_1_383' title='bbox 1792 764 1915 808; x_wconf 62' lang='lat' dir='ltr'>nempe</span> <span class='ocrx_word' id='word_1_384' title='bbox 1930 764 1968 799; x_wconf 87' lang='lat' dir='ltr'>fit</span> <span class='ocrx_word' id='word_1_385' title='bbox 1992 765 2149 803; x_wconf 85' lang='lat' dir='ltr'>Vicarius</span> 
     </span>
     <span class='ocr_line' id='line_1_64' title="bbox 1258 812 2150 859; baseline 0.009 -13"><span class='ocrx_word' id='word_1_386' title='bbox 1258 812 1501 849; x_wconf 84' lang='lat' dir='ltr'>Archidiaconi</span> <span class='ocrx_word' id='word_1_387' title='bbox 1521 838 1533 855; x_wconf 93' lang='lat'>‚</span> <span class='ocrx_word' id='word_1_388' title='bbox 1571 828 1640 851; x_wconf 88' lang='lat' dir='ltr'>non</span> <span class='ocrx_word' id='word_1_389' title='bbox 1664 814 1720 859; x_wconf 79' lang='lat' dir='ltr'>per</span> <span class='ocrx_word' id='word_1_390' title='bbox 1745 814 1897 850; x_wconf 87' lang='lat' dir='ltr'>morbum</span> <span class='ocrx_word' id='word_1_391' title='bbox 1918 823 1976 851; x_wconf 91' lang='lat' dir='ltr'>aut</span> <span class='ocrx_word' id='word_1_392' title='bbox 2007 816 2150 854; x_wconf 77' lang='lat' dir='ltr'>similem</span> 
     </span>
     <span class='ocr_line' id='line_1_65' title="bbox 1256 864 2150 910; baseline 0.007 -12"><span class='ocrx_word' id='word_1_393' title='bbox 1256 865 1385 901; x_wconf 85' lang='lat' dir='ltr'>causam</span> <span class='ocrx_word' id='word_1_394' title='bbox 1400 888 1410 905; x_wconf 82' lang='lat'>,</span> <span class='ocrx_word' id='word_1_395' title='bbox 1437 864 1493 900; x_wconf 88' lang='lat' dir='ltr'>sed</span> <span class='ocrx_word' id='word_1_396' title='bbox 1518 876 1573 910; x_wconf 86' lang='lat' dir='ltr'>per</span> <span class='ocrx_word' id='word_1_397' title='bbox 1592 866 1845 903; x_wconf 69' lang='lat' dir='ltr'>exstinstionem</span> <span class='ocrx_word' id='word_1_398' title='bbox 1869 865 2030 902; x_wconf 83' lang='lat' dir='ltr'>absentis.</span> <span class='ocrx_word' id='word_1_399' title='bbox 2056 866 2150 903; x_wconf 84' lang='lat' dir='ltr'>Nam</span> 
     </span>
     <span class='ocr_line' id='line_1_66' title="bbox 1256 914 2150 963; baseline 0.006 -15"><span class='ocrx_word' id='word_1_400' title='bbox 1256 914 1292 948; x_wconf 88' lang='lat' dir='ltr'>in</span> <span class='ocrx_word' id='word_1_401' title='bbox 1318 915 1412 949; x_wconf 89' lang='lat' dir='ltr'>omni</span> <span class='ocrx_word' id='word_1_402' title='bbox 1440 916 1500 950; x_wconf 88' lang='lat' dir='ltr'>suo</span> <span class='ocrx_word' id='word_1_403' title='bbox 1526 916 1599 952; x_wconf 84' lang='lat' dir='ltr'>istic</span> <span class='ocrx_word' id='word_1_404' title='bbox 1623 916 1779 962; x_wconf 83' lang='lat' dir='ltr'>catalogo</span> <span class='ocrx_word' id='word_1_405' title='bbox 1807 917 1950 960; x_wconf 80' lang='lat' dir='ltr'>Ioannes</span> <span class='ocrx_word' id='word_1_406' title='bbox 1969 916 2150 963; x_wconf 83' lang='lat' dir='ltr'>Episcopus</span> 
     </span>
     <span class='ocr_line' id='line_1_67' title="bbox 1255 957 2150 1003; baseline 0.006 -4"><span class='ocrx_word' id='word_1_407' title='bbox 1255 965 1382 1000; x_wconf 86' lang='lat' dir='ltr'>nullam</span> <span class='ocrx_word' id='word_1_408' title='bbox 1406 957 1486 1001; x_wconf 76' lang='lat' dir='ltr'>facit</span> <span class='ocrx_word' id='word_1_409' title='bbox 1507 966 1715 1003; x_wconf 84' lang='lat' dir='ltr'>mentionem</span> <span class='ocrx_word' id='word_1_410' title='bbox 1727 967 1991 1002; x_wconf 84' lang='lat' dir='ltr'>Archidiaconi.</span> <span class='ocrx_word' id='word_1_411' title='bbox 2019 968 2064 1003; x_wconf 88' lang='lat' dir='ltr'>Et</span> <span class='ocrx_word' id='word_1_412' title='bbox 2080 968 2150 1003; x_wconf 90' lang='lat' dir='ltr'>edi-</span> 
     </span>
     <span class='ocr_line' id='line_1_68' title="bbox 1253 1015 2150 1060; baseline 0.003 -11"><span class='ocrx_word' id='word_1_413' title='bbox 1253 1015 1298 1049; x_wconf 87' lang='lat' dir='ltr'>cit</span> <span class='ocrx_word' id='word_1_414' title='bbox 1318 1017 1469 1050; x_wconf 87' lang='lat' dir='ltr'>causam:</span> <span class='ocrx_word' id='word_1_415' title='bbox 1504 1018 1611 1052; x_wconf 85' lang='lat' dir='ltr'>Talem</span> <span class='ocrx_word' id='word_1_416' title='bbox 1633 1019 1798 1060; x_wconf 79' lang='lat' dir='ltr'>officiorum</span> <span class='ocrx_word' id='word_1_417' title='bbox 1820 1019 1966 1051; x_wconf 86' lang='lat' dir='ltr'>Ordinem</span> <span class='ocrx_word' id='word_1_418' title='bbox 1988 1018 2023 1051; x_wconf 65' lang='grc'>(9</span> <span class='ocrx_word' id='word_1_419' title='bbox 2036 1018 2150 1059; x_wconf 79' lang='lat' dir='ltr'>statum</span> 
     </span>
     <span class='ocr_line' id='line_1_69' title="bbox 1252 1065 2149 1114; baseline 0.006 -16"><span class='ocrx_word' id='word_1_420' title='bbox 1252 1071 1404 1108; x_wconf 77' lang='lat' dir='ltr'>antiquior</span> <span class='ocrx_word' id='word_1_421' title='bbox 1429 1065 1535 1101; x_wconf 78' lang='lat' dir='ltr'>babuit</span> <span class='ocrx_word' id='word_1_422' title='bbox 1560 1070 1689 1102; x_wconf 82' lang='lat' dir='ltr'>traditio</span> <span class='ocrx_word' id='word_1_423' title='bbox 1714 1093 1721 1100; x_wconf 94' lang='lat'><strong><em>.</em></strong></span> <span class='ocrx_word' id='word_1_424' title='bbox 1760 1070 1822 1103; x_wconf 82' lang='lat' dir='ltr'>Sed</span> <span class='ocrx_word' id='word_1_425' title='bbox 1846 1069 1910 1102; x_wconf 70' lang='lat' dir='ltr'>cum</span> <span class='ocrx_word' id='word_1_426' title='bbox 1935 1067 2038 1102; x_wconf 86' lang='lat' dir='ltr'>horum</span> <span class='ocrx_word' id='word_1_427' title='bbox 2049 1066 2149 1114; x_wconf 81' lang='lat' dir='ltr'>figilla</span> 
     </span>
     <span class='ocr_line' id='line_1_70' title="bbox 1248 1116 2148 1162; baseline 0.002 -11"><span class='ocrx_word' id='word_1_428' title='bbox 1248 1117 1405 1157; x_wconf 79' lang='lat' dir='ltr'>pendeant</span> <span class='ocrx_word' id='word_1_429' title='bbox 1417 1127 1457 1150; x_wconf 76' lang='lat' dir='ltr'>ex</span> <span class='ocrx_word' id='word_1_430' title='bbox 1466 1118 1619 1153; x_wconf 83' lang='lat' dir='ltr'>voluntate</span> <span class='ocrx_word' id='word_1_431' title='bbox 1629 1118 1806 1159; x_wconf 62' lang='lat' dir='ltr'>antistitum</span> <span class='ocrx_word' id='word_1_432' title='bbox 1819 1143 1830 1159; x_wconf 91' lang='lat'><strong>,</strong></span> <span class='ocrx_word' id='word_1_433' title='bbox 1854 1129 1977 1161; x_wconf 84' lang='lat' dir='ltr'>quorum</span> <span class='ocrx_word' id='word_1_434' title='bbox 1983 1116 2148 1162; x_wconf 72' lang='lat' dir='ltr'>sententia</span> 
     </span>
     <span class='ocr_line' id='line_1_71' title="bbox 1253 1166 2147 1213; baseline 0.004 -13"><span class='ocrx_word' id='word_1_435' title='bbox 1253 1167 1287 1200; x_wconf 61' lang='grc' dir='ltr'>Θ</span> <span class='ocrx_word' id='word_1_436' title='bbox 1309 1167 1485 1201; x_wconf 81' lang='lat' dir='ltr'>voluntates</span> <span class='ocrx_word' id='word_1_437' title='bbox 1507 1166 1656 1208; x_wconf 69' lang='lat' dir='ltr'>dfferunt</span> <span class='ocrx_word' id='word_1_438' title='bbox 1678 1192 1689 1209; x_wconf 91' lang='lat'>,</span> <span class='ocrx_word' id='word_1_439' title='bbox 1709 1171 1873 1212; x_wconf 66' lang='lat' dir='ltr'>propterea</span> <span class='ocrx_word' id='word_1_440' title='bbox 1894 1178 1983 1204; x_wconf 82' lang='lat' dir='ltr'>vetus</span> <span class='ocrx_word' id='word_1_441' title='bbox 2005 1167 2147 1213; x_wconf 76' lang='lat' dir='ltr'>confufits</span> 
     </span>
     <span class='ocr_line' id='line_1_72' title="bbox 1250 1215 2147 1262; baseline 0.003 -13"><span class='ocrx_word' id='word_1_442' title='bbox 1250 1215 1288 1255; x_wconf 82' lang='lat' dir='ltr'>est</span> <span class='ocrx_word' id='word_1_443' title='bbox 1311 1217 1392 1249; x_wconf 84' lang='lat' dir='ltr'>ordo.</span> <span class='ocrx_word' id='word_1_444' title='bbox 1426 1217 1506 1250; x_wconf 67' lang='lat' dir='ltr'>Inde</span> <span class='ocrx_word' id='word_1_445' title='bbox 1528 1228 1580 1252; x_wconf 82' lang='lat' dir='ltr'>nec</span> <span class='ocrx_word' id='word_1_446' title='bbox 1600 1219 1769 1261; x_wconf 84' lang='lat' dir='ltr'>officiorum</span> <span class='ocrx_word' id='word_1_447' title='bbox 1793 1221 1924 1254; x_wconf 84' lang='lat' dir='ltr'>conditio</span> <span class='ocrx_word' id='word_1_448' title='bbox 1942 1217 2039 1262; x_wconf 80' lang='lat' dir='ltr'>insua</span> <span class='ocrx_word' id='word_1_449' title='bbox 2048 1219 2147 1262; x_wconf 81' lang='lat' dir='ltr'>firmi-</span> 
     </span>
     <span class='ocr_line' id='line_1_73' title="bbox 1248 1264 2148 1310; baseline 0.002 -10"><span class='ocrx_word' id='word_1_450' title='bbox 1248 1275 1314 1300; x_wconf 84' lang='lat' dir='ltr'>tate</span> <span class='ocrx_word' id='word_1_451' title='bbox 1325 1264 1431 1308; x_wconf 81' lang='lat' dir='ltr'>manfit</span> <span class='ocrx_word' id='word_1_452' title='bbox 1444 1291 1455 1307; x_wconf 86' lang='lat'>,</span> <span class='ocrx_word' id='word_1_453' title='bbox 1459 1265 1520 1310; x_wconf 86' lang='lat' dir='ltr'>sed</span> <span class='ocrx_word' id='word_1_454' title='bbox 1523 1269 1624 1309; x_wconf 78' lang='lat' dir='ltr'>juxta</span> <span class='ocrx_word' id='word_1_455' title='bbox 1635 1267 1802 1310; x_wconf 65' lang='lat' dir='ltr'>Praesulum</span> <span class='ocrx_word' id='word_1_456' title='bbox 1808 1270 1963 1310; x_wconf 80' lang='lat' dir='ltr'>placitum</span> <span class='ocrx_word' id='word_1_457' title='bbox 1978 1268 2148 1310; x_wconf 62' lang='lat' dir='ltr'>laba-faeia-</span> 
     </span>
     <span class='ocr_line' id='line_1_74' title="bbox 1249 1315 2149 1362; baseline 0.002 -12"><span class='ocrx_word' id='word_1_458' title='bbox 1249 1315 1352 1357; x_wconf 84' lang='lat' dir='ltr'>tafuit</span> <span class='ocrx_word' id='word_1_459' title='bbox 1366 1341 1373 1349; x_wconf 83' lang='lat'><strong><em>.</em></strong></span> <span class='ocrx_word' id='word_1_460' title='bbox 1400 1317 1454 1351; x_wconf 81' lang='lat' dir='ltr'>Ex</span> <span class='ocrx_word' id='word_1_461' title='bbox 1476 1318 1592 1352; x_wconf 86' lang='lat' dir='ltr'>eadem</span> <span class='ocrx_word' id='word_1_462' title='bbox 1603 1319 1699 1353; x_wconf 89' lang='lat' dir='ltr'>causa</span> <span class='ocrx_word' id='word_1_463' title='bbox 1712 1317 1886 1362; x_wconf 88' lang='lat' dir='ltr'>adjungit:</span> <span class='ocrx_word' id='word_1_464' title='bbox 1915 1323 2037 1352; x_wconf 83' lang='lat' dir='ltr'>creatio</span> <span class='ocrx_word' id='word_1_465' title='bbox 2041 1316 2149 1361; x_wconf 66' lang='lat' dir='ltr'>setun·</span> 
     </span>
     <span class='ocr_line' id='line_1_75' title="bbox 1251 1366 2144 1409; baseline 0.004 -10"><span class='ocrx_word' id='word_1_466' title='bbox 1251 1368 1285 1399; x_wconf 81' lang='lat' dir='ltr'>di</span> <span class='ocrx_word' id='word_1_467' title='bbox 1305 1369 1430 1402; x_wconf 78' lang='lat' dir='ltr'>Diacont</span> <span class='ocrx_word' id='word_1_468' title='bbox 1450 1376 1511 1399; x_wconf 81' lang='lat' dir='ltr'>non</span> <span class='ocrx_word' id='word_1_469' title='bbox 1529 1367 1571 1407; x_wconf 78' lang='lat' dir='ltr'>fit</span> <span class='ocrx_word' id='word_1_470' title='bbox 1582 1367 1758 1408; x_wconf 79' lang='lat' dir='ltr'>fimpliciter</span> <span class='ocrx_word' id='word_1_471' title='bbox 1769 1392 1782 1408; x_wconf 89' lang='lat'>‚</span> <span class='ocrx_word' id='word_1_472' title='bbox 1803 1366 1864 1409; x_wconf 78' lang='lat' dir='ltr'>sed</span> <span class='ocrx_word' id='word_1_473' title='bbox 1882 1366 1986 1401; x_wconf 80' lang='lat' dir='ltr'>habito</span> <span class='ocrx_word' id='word_1_474' title='bbox 2006 1368 2121 1403; x_wconf 65' lang='lat' dir='ltr'>delean</span> <span class='ocrx_word' id='word_1_475' title='bbox 2134 1395 2144 1403; x_wconf 89' lang='lat'><strong>.</strong></span> 
     </span>
     <span class='ocr_line' id='line_1_76' title="bbox 1253 1413 2146 1462; baseline 0.002 -12"><span class='ocrx_word' id='word_1_476' title='bbox 1253 1413 1432 1458; x_wconf 83' lang='lat' dir='ltr'>Hujusmodi</span> <span class='ocrx_word' id='word_1_477' title='bbox 1454 1426 1584 1458; x_wconf 81' lang='lat' dir='ltr'>namque</span> <span class='ocrx_word' id='word_1_478' title='bbox 1605 1418 1740 1458; x_wconf 71' lang='lat' dir='ltr'>offiium</span> <span class='ocrx_word' id='word_1_479' title='bbox 1761 1422 1890 1459; x_wconf 74' lang='lat' dir='ltr'>requirit</span> <span class='ocrx_word' id='word_1_480' title='bbox 1911 1423 2016 1452; x_wconf 81' lang='lat' dir='ltr'>virum</span> <span class='ocrx_word' id='word_1_481' title='bbox 2036 1427 2146 1462; x_wconf 81' lang='lat' dir='ltr'>aptum</span> 
     </span>
     <span class='ocr_line' id='line_1_77' title="bbox 1250 1465 2149 1511; baseline 0.004 -13"><span class='ocrx_word' id='word_1_482' title='bbox 1250 1465 1286 1498; x_wconf 65' lang='grc' dir='ltr'>ζ’)</span> <span class='ocrx_word' id='word_1_483' title='bbox 1305 1466 1467 1506; x_wconf 83' lang='lat' dir='ltr'>idoneum,</span> <span class='ocrx_word' id='word_1_484' title='bbox 1493 1472 1549 1507; x_wconf 73' lang='lat' dir='ltr'>qui</span> <span class='ocrx_word' id='word_1_485' title='bbox 1570 1471 1784 1501; x_wconf 80' lang='lat' dir='ltr'>convenientia</span> <span class='ocrx_word' id='word_1_486' title='bbox 1809 1467 1972 1507; x_wconf 81' lang='lat' dir='ltr'>ministeria</span> <span class='ocrx_word' id='word_1_487' title='bbox 1990 1469 2149 1511; x_wconf 61' lang='lat' dir='ltr'>inculpat&amp;</span> 
     </span>
     <span class='ocr_line' id='line_1_78' title="bbox 1249 1514 2147 1561; baseline 0.009 -16"><span class='ocrx_word' id='word_1_488' title='bbox 1249 1515 1436 1556; x_wconf 76' lang='lat' dir='ltr'>adimpleat.</span> <span class='ocrx_word' id='word_1_489' title='bbox 1463 1514 1567 1561; x_wconf 74' lang='lat' dir='ltr'>Qiod</span> <span class='ocrx_word' id='word_1_490' title='bbox 1590 1516 1708 1558; x_wconf 75' lang='lat' dir='ltr'>nempe</span> <span class='ocrx_word' id='word_1_491' title='bbox 1731 1517 1826 1561; x_wconf 83' lang='lat' dir='ltr'>fungi</span> <span class='ocrx_word' id='word_1_492' title='bbox 1836 1515 1954 1551; x_wconf 85' lang='lat' dir='ltr'>debeat</span> <span class='ocrx_word' id='word_1_493' title='bbox 1966 1519 2061 1553; x_wconf 88' lang='lat' dir='ltr'>omni</span> <span class='ocrx_word' id='word_1_494' title='bbox 2074 1528 2147 1553; x_wconf 83' lang='lat' dir='ltr'>mu·</span> 
     </span>
     <span class='ocr_line' id='line_1_79' title="bbox 1251 1563 2144 1604; baseline 0.008 -8"><span class='ocrx_word' id='word_1_495' title='bbox 1251 1574 1326 1598; x_wconf 87' lang='lat' dir='ltr'>nere</span> <span class='ocrx_word' id='word_1_496' title='bbox 1361 1563 1512 1599; x_wconf 73' lang='lat' dir='ltr'>exstinsti</span> <span class='ocrx_word' id='word_1_497' title='bbox 1554 1563 1795 1602; x_wconf 84' lang='lat' dir='ltr'>Archidiaconi</span> <span class='ocrx_word' id='word_1_498' title='bbox 1823 1591 1830 1598; x_wconf 94' lang='lat'>.</span> <span class='ocrx_word' id='word_1_499' title='bbox 1858 1566 1950 1600; x_wconf 88' lang='lat' dir='ltr'>Sicut</span> <span class='ocrx_word' id='word_1_500' title='bbox 1988 1566 2144 1604; x_wconf 81' lang='lat' dir='ltr'>Romana</span> 
     </span>
     <span class='ocr_line' id='line_1_80' title="bbox 1250 1611 2145 1658; baseline 0.006 -11"><span class='ocrx_word' id='word_1_501' title='bbox 1250 1611 1345 1648; x_wconf 87' lang='lat' dir='ltr'>suum</span> <span class='ocrx_word' id='word_1_502' title='bbox 1371 1614 1616 1649; x_wconf 86' lang='lat' dir='ltr'>Cancellarium</span> <span class='ocrx_word' id='word_1_503' title='bbox 1643 1616 1678 1650; x_wconf 89' lang='lat' dir='ltr'>in</span> <span class='ocrx_word' id='word_1_504' title='bbox 1703 1614 2072 1658; x_wconf 84' lang='lat' dir='ltr'>Vice·Cancellarium,</span> <span class='ocrx_word' id='word_1_505' title='bbox 2096 1618 2145 1654; x_wconf 73' lang='lat' dir='ltr'>itu</span> 
     </span>
     <span class='ocr_line' id='line_1_81' title="bbox 1249 1663 2144 1707; baseline 0.004 -9"><span class='ocrx_word' id='word_1_506' title='bbox 1249 1663 1625 1707; x_wconf 82' lang='lat' dir='ltr'>Constantinopolitana</span> <span class='ocrx_word' id='word_1_507' title='bbox 1654 1664 1797 1702; x_wconf 67' lang='lat' dir='ltr'>Ecclesia</span> <span class='ocrx_word' id='word_1_508' title='bbox 1835 1667 1930 1700; x_wconf 88' lang='lat' dir='ltr'>suum</span> <span class='ocrx_word' id='word_1_509' title='bbox 1971 1665 2144 1702; x_wconf 86' lang='lat' dir='ltr'>Archidia·</span> 
     </span>
     <span class='ocr_line' id='line_1_82' title="bbox 1249 1713 2143 1753; baseline 0.008 -8"><span class='ocrx_word' id='word_1_510' title='bbox 1249 1723 1373 1747; x_wconf 85' lang='lat' dir='ltr'>conum</span> <span class='ocrx_word' id='word_1_511' title='bbox 1398 1714 1585 1750; x_wconf 87' lang='lat' dir='ltr'>demutavit</span> <span class='ocrx_word' id='word_1_512' title='bbox 1608 1715 1643 1751; x_wconf 88' lang='lat' dir='ltr'>in</span> <span class='ocrx_word' id='word_1_513' title='bbox 1667 1713 1846 1751; x_wconf 86' lang='lat' dir='ltr'>secundum</span> <span class='ocrx_word' id='word_1_514' title='bbox 1890 1716 2143 1753; x_wconf 84' lang='lat' dir='ltr'>Diaconorum.</span> 
     </span>
     <span class='ocr_line' id='line_1_83' title="bbox 1251 1761 2143 1809; baseline 0.004 -11"><span class='ocrx_word' id='word_1_515' title='bbox 1251 1761 1437 1807; x_wconf 88' lang='lat' dir='ltr'>Utriusque</span> <span class='ocrx_word' id='word_1_516' title='bbox 1461 1764 1602 1799; x_wconf 82' lang='lat' dir='ltr'>nimiam</span> <span class='ocrx_word' id='word_1_517' title='bbox 1622 1765 1807 1809; x_wconf 86' lang='lat' dir='ltr'>potentiam</span> <span class='ocrx_word' id='word_1_518' title='bbox 1828 1767 1863 1799; x_wconf 72' lang='grc' dir='ltr'>ὅ(</span> <span class='ocrx_word' id='word_1_519' title='bbox 1884 1765 2003 1800; x_wconf 83' lang='lat' dir='ltr'>fastum</span> <span class='ocrx_word' id='word_1_520' title='bbox 2015 1765 2078 1800; x_wconf 82' lang='lat' dir='ltr'>hac</span> <span class='ocrx_word' id='word_1_521' title='bbox 2089 1767 2143 1802; x_wconf 75' lang='lat' dir='ltr'>via</span> 
     </span>
     <span class='ocr_line' id='line_1_84' title="bbox 1249 1812 2141 1860; baseline 0.007 -14"><span class='ocrx_word' id='word_1_522' title='bbox 1249 1814 1415 1847; x_wconf 83' lang='lat' dir='ltr'>contraxit</span> <span class='ocrx_word' id='word_1_523' title='bbox 1435 1812 1470 1849; x_wconf 72' lang='grc' dir='ltr'>ὃς</span> <span class='ocrx_word' id='word_1_524' title='bbox 1492 1814 1611 1860; x_wconf 87' lang='lat' dir='ltr'>fregit.</span> <span class='ocrx_word' id='word_1_525' title='bbox 1636 1813 1914 1849; x_wconf 87' lang='lat' dir='ltr'>SeniTheodoro</span> <span class='ocrx_word' id='word_1_526' title='bbox 1926 1814 2141 1858; x_wconf 83' lang='lat' dir='ltr'>Balsamoni,</span> 
     </span>
     <span class='ocr_line' id='line_1_85' title="bbox 1249 1862 2143 1910; baseline 0.007 -15"><span class='ocrx_word' id='word_1_527' title='bbox 1249 1863 1306 1906; x_wconf 87' lang='lat' dir='ltr'>qui</span> <span class='ocrx_word' id='word_1_528' title='bbox 1327 1863 1369 1897; x_wconf 91' lang='lat' dir='ltr'>ad</span> <span class='ocrx_word' id='word_1_529' title='bbox 1390 1862 1478 1898; x_wconf 86' lang='lat' dir='ltr'>tertii</span> <span class='ocrx_word' id='word_1_530' title='bbox 1493 1863 1615 1901; x_wconf 87' lang='lat' dir='ltr'>decimi</span> <span class='ocrx_word' id='word_1_531' title='bbox 1628 1863 1733 1899; x_wconf 68' lang='lat' dir='ltr'>saeculi</span> <span class='ocrx_word' id='word_1_532' title='bbox 1751 1865 1924 1899; x_wconf 85' lang='lat' dir='ltr'>exordium</span> <span class='ocrx_word' id='word_1_533' title='bbox 1938 1864 2073 1908; x_wconf 89' lang='lat' dir='ltr'>floruit,</span> <span class='ocrx_word' id='word_1_534' title='bbox 2092 1865 2143 1910; x_wconf 82' lang='lat' dir='ltr'>ju-</span> 
     </span>
     <span class='ocr_line' id='line_1_86' title="bbox 1249 1913 2141 1961; baseline 0.009 -16"><span class='ocrx_word' id='word_1_535' title='bbox 1249 1913 1339 1946; x_wconf 90' lang='lat' dir='ltr'>venis</span> <span class='ocrx_word' id='word_1_536' title='bbox 1359 1914 1513 1949; x_wconf 87' lang='lat' dir='ltr'>convixit</span> <span class='ocrx_word' id='word_1_537' title='bbox 1533 1914 1677 1958; x_wconf 85' lang='lat' dir='ltr'>Joannes</span> <span class='ocrx_word' id='word_1_538' title='bbox 1701 1914 1799 1957; x_wconf 79' lang='lat' dir='ltr'>Cyrri</span> <span class='ocrx_word' id='word_1_539' title='bbox 1813 1915 2014 1958; x_wconf 81' lang='lat' dir='ltr'>Episcopus,</span> <span class='ocrx_word' id='word_1_540' title='bbox 2040 1926 2141 1961; x_wconf 76' lang='lat' dir='ltr'>atque</span> 
     </span>
     <span class='ocr_line' id='line_1_87' title="bbox 1251 1962 2140 2009; baseline 0.006 -13"><span class='ocrx_word' id='word_1_541' title='bbox 1251 1962 1296 1996; x_wconf 73' lang='lat' dir='ltr'>ita</span> <span class='ocrx_word' id='word_1_542' title='bbox 1315 1964 1426 1998; x_wconf 90' lang='lat' dir='ltr'>medio</span> <span class='ocrx_word' id='word_1_543' title='bbox 1447 1965 1533 1998; x_wconf 85' lang='lat' dir='ltr'>inter</span> <span class='ocrx_word' id='word_1_544' title='bbox 1555 1966 1682 2000; x_wconf 88' lang='lat' dir='ltr'>Lucam</span> <span class='ocrx_word' id='word_1_545' title='bbox 1702 1962 1967 2000; x_wconf 85' lang='lat' dir='ltr'>Patriarcham&amp;</span> <span class='ocrx_word' id='word_1_546' title='bbox 1980 1964 2072 2000; x_wconf 89' lang='lat' dir='ltr'>hunc</span> <span class='ocrx_word' id='word_1_547' title='bbox 2085 1967 2140 2009; x_wconf 86' lang='lat' dir='ltr'>Jo-</span> 
     </span>
     <span class='ocr_line' id='line_1_88' title="bbox 1250 2014 2139 2057; baseline 0.004 -10"><span class='ocrx_word' id='word_1_548' title='bbox 1250 2024 1372 2048; x_wconf 84' lang='lat' dir='ltr'>annem</span> <span class='ocrx_word' id='word_1_549' title='bbox 1393 2023 1542 2057; x_wconf 88' lang='lat' dir='ltr'>tempore</span> <span class='ocrx_word' id='word_1_550' title='bbox 1563 2016 1648 2049; x_wconf 62' lang='lat' dir='ltr'>fasia</span> <span class='ocrx_word' id='word_1_551' title='bbox 1668 2014 1733 2050; x_wconf 85' lang='lat' dir='ltr'>fuit</span> <span class='ocrx_word' id='word_1_552' title='bbox 1756 2014 1815 2049; x_wconf 88' lang='lat' dir='ltr'>ista</span> <span class='ocrx_word' id='word_1_553' title='bbox 1836 2015 1979 2050; x_wconf 81' lang='lat' dir='ltr'>mutatio</span> <span class='ocrx_word' id='word_1_554' title='bbox 1992 2040 1999 2047; x_wconf 92' lang='lat'><em>.</em></span> <span class='ocrx_word' id='word_1_555' title='bbox 2036 2015 2139 2051; x_wconf 73' lang='lat' dir='ltr'>Forte</span> 
     </span>
     <span class='ocr_line' id='line_1_89' title="bbox 1249 2062 2140 2109; baseline 0.007 -13"><span class='ocrx_word' id='word_1_556' title='bbox 1249 2063 1320 2106; x_wconf 86' lang='lat' dir='ltr'>post</span> <span class='ocrx_word' id='word_1_557' title='bbox 1344 2074 1473 2107; x_wconf 86' lang='lat' dir='ltr'>captam</span> <span class='ocrx_word' id='word_1_558' title='bbox 1485 2062 1664 2100; x_wconf 53' lang='lat' dir='ltr'>&amp;Flandris</span> <span class='ocrx_word' id='word_1_559' title='bbox 1676 2064 2027 2109; x_wconf 84' lang='lat' dir='ltr'>Constantinopolim,</span> <span class='ocrx_word' id='word_1_560' title='bbox 2055 2066 2140 2102; x_wconf 86' lang='lat' dir='ltr'>dum</span> 
     </span>
     <span class='ocr_line' id='line_1_90' title="bbox 1248 2111 2138 2161; baseline 0.006 -16"><span class='ocrx_word' id='word_1_561' title='bbox 1248 2111 1441 2148; x_wconf 81' lang='lat' dir='ltr'>Patriarchae</span> <span class='ocrx_word' id='word_1_562' title='bbox 1462 2114 1648 2149; x_wconf 86' lang='lat' dir='ltr'>resederunt</span> <span class='ocrx_word' id='word_1_563' title='bbox 1682 2114 1804 2151; x_wconf 84' lang='lat' dir='ltr'>Nicaeae</span> <span class='ocrx_word' id='word_1_564' title='bbox 1822 2140 1829 2150; x_wconf 84' lang='grc'><strong>.</strong></span> <span class='ocrx_word' id='word_1_565' title='bbox 1868 2114 2021 2161; x_wconf 85' lang='lat' dir='ltr'>Angusta</span> <span class='ocrx_word' id='word_1_566' title='bbox 2056 2126 2138 2151; x_wconf 80' lang='lat' dir='ltr'>tunc</span> 
     </span>
     <span class='ocr_line' id='line_1_91' title="bbox 1248 2160 2137 2210; baseline 0.008 -15"><span class='ocrx_word' id='word_1_567' title='bbox 1248 2160 1317 2197; x_wconf 88' lang='lat' dir='ltr'>illis</span> <span class='ocrx_word' id='word_1_568' title='bbox 1325 2172 1394 2196; x_wconf 83' lang='lat' dir='ltr'>erat</span> <span class='ocrx_word' id='word_1_569' title='bbox 1404 2162 1556 2197; x_wconf 83' lang='lat' dir='ltr'>Ecclefiae</span> <span class='ocrx_word' id='word_1_570' title='bbox 1569 2164 1747 2198; x_wconf 83' lang='lat' dir='ltr'>substantia</span> <span class='ocrx_word' id='word_1_571' title='bbox 1759 2178 1770 2198; x_wconf 95' lang='lat'>.·</span> <span class='ocrx_word' id='word_1_572' title='bbox 1796 2164 1873 2199; x_wconf 89' lang='lat' dir='ltr'>Hac</span> <span class='ocrx_word' id='word_1_573' title='bbox 1881 2166 2054 2200; x_wconf 81' lang='lat' dir='ltr'>occasione</span> <span class='ocrx_word' id='word_1_574' title='bbox 2065 2167 2137 2210; x_wconf 89' lang='lat' dir='ltr'>pos·</span> 
     </span>
     <span class='ocr_line' id='line_1_92' title="bbox 1246 2210 2137 2258; baseline 0.006 -13"><span class='ocrx_word' id='word_1_575' title='bbox 1246 2211 1311 2245; x_wconf 89' lang='lat' dir='ltr'>fint</span> <span class='ocrx_word' id='word_1_576' title='bbox 1332 2210 1654 2249; x_wconf 85' lang='lat' dir='ltr'>Archidiaconatutn</span> <span class='ocrx_word' id='word_1_577' title='bbox 1675 2214 1863 2248; x_wconf 78' lang='lat' dir='ltr'>exstinxiffe</span> <span class='ocrx_word' id='word_1_578' title='bbox 1881 2240 1889 2248; x_wconf 92' lang='lat'>.</span> <span class='ocrx_word' id='word_1_579' title='bbox 1918 2214 1994 2249; x_wconf 90' lang='lat' dir='ltr'>Nec</span> <span class='ocrx_word' id='word_1_580' title='bbox 2015 2217 2137 2258; x_wconf 84' lang='lat' dir='ltr'>refert,</span> 
     </span>
     <span class='ocr_line' id='line_1_93' title="bbox 1245 2259 2138 2307; baseline 0.006 -11"><span class='ocrx_word' id='word_1_581' title='bbox 1245 2259 1336 2305; x_wconf 75' lang='lat' dir='ltr'>quod</span> <span class='ocrx_word' id='word_1_582' title='bbox 1357 2262 1441 2296; x_wconf 87' lang='lat' dir='ltr'>duos</span> <span class='ocrx_word' id='word_1_583' title='bbox 1453 2262 1848 2307; x_wconf 81' lang='lat' dir='ltr'>Constantinopolitanos</span> <span class='ocrx_word' id='word_1_584' title='bbox 1871 2263 2138 2301; x_wconf 79' lang='lat' dir='ltr'>Archidiaconos</span> 
     </span>
     <span class='ocr_line' id='line_1_94' title="bbox 1243 2310 2264 2365; baseline 0.008 -22"><span class='ocrx_word' id='word_1_585' title='bbox 1243 2322 1319 2345; x_wconf 88' lang='lat' dir='ltr'>cum</span> <span class='ocrx_word' id='word_1_586' title='bbox 1331 2310 1521 2346; x_wconf 87' lang='lat' dir='ltr'>Patriareha</span> <span class='ocrx_word' id='word_1_587' title='bbox 1536 2314 1662 2355; x_wconf 82' lang='lat' dir='ltr'>Joanne</span> <span class='ocrx_word' id='word_1_588' title='bbox 1675 2315 1788 2349; x_wconf 89' lang='lat' dir='ltr'>Vecco</span> <span class='ocrx_word' id='word_1_589' title='bbox 1798 2314 1971 2358; x_wconf 81' lang='lat' dir='ltr'>disput-affe</span> <span class='ocrx_word' id='word_1_590' title='bbox 1980 2338 1992 2354; x_wconf 91' lang='lat'>,</span> <span class='ocrx_word' id='word_1_591' title='bbox 2018 2315 2137 2352; x_wconf 81' lang='lat' dir='ltr'>scribat</span> <span class='ocrx_word' id='word_1_592' title='bbox 2152 2330 2213 2364; x_wconf 55' lang='lat' dir='ltr'>Hb·</span> <span class='ocrx_word' id='word_1_593' title='bbox 2237 2344 2264 2365; x_wconf 52' lang='grc' dir='ltr'>Ι.</span> 
     </span>
     <span class='ocr_line' id='line_1_95' title="bbox 1244 2359 2137 2405; baseline 0.008 -11"><span class='ocrx_word' id='word_1_594' title='bbox 1244 2361 1410 2405; x_wconf 89' lang='lat' dir='ltr'>Georgius</span> <span class='ocrx_word' id='word_1_595' title='bbox 1430 2359 1669 2405; x_wconf 76' lang='lat' dir='ltr'>pachymeres:</span> <span class='ocrx_word' id='word_1_596' title='bbox 1697 2363 1831 2398; x_wconf 87' lang='lat' dir='ltr'>Etenim</span> <span class='ocrx_word' id='word_1_597' title='bbox 1842 2362 1959 2399; x_wconf 83' lang='lat' dir='ltr'>ambos</span> <span class='ocrx_word' id='word_1_598' title='bbox 1972 2364 2065 2399; x_wconf 81' lang='lat' dir='ltr'>fuiffe</span> <span class='ocrx_word' id='word_1_599' title='bbox 2074 2365 2137 2402; x_wconf 74' lang='lat' dir='ltr'>Pa-</span> 
     </span>
     <span class='ocr_line' id='line_1_96' title="bbox 1242 2410 2135 2460; baseline 0.006 -14"><span class='ocrx_word' id='word_1_600' title='bbox 1242 2410 1363 2446; x_wconf 78' lang='lat' dir='ltr'>latinos</span> <span class='ocrx_word' id='word_1_601' title='bbox 1375 2411 1510 2446; x_wconf 82' lang='lat' dir='ltr'>testatur</span> <span class='ocrx_word' id='word_1_602' title='bbox 1521 2413 1555 2445; x_wconf 91' lang='lat' dir='ltr'>in</span> <span class='ocrx_word' id='word_1_603' title='bbox 1571 2413 1688 2447; x_wconf 89' lang='lat' dir='ltr'>litteris</span> <span class='ocrx_word' id='word_1_604' title='bbox 1699 2413 1738 2447; x_wconf 89' lang='lat' dir='ltr'>ad</span> <span class='ocrx_word' id='word_1_605' title='bbox 1749 2414 1913 2460; x_wconf 71' lang='lat' dir='ltr'>joannem</span> <span class='ocrx_word' id='word_1_606' title='bbox 1936 2415 2135 2460; x_wconf 84' lang='lat' dir='ltr'>vigefimum</span> 
     </span>
     <span class='ocr_line' id='line_1_97' title="bbox 1244 2462 2135 2509; baseline 0.007 -14"><span class='ocrx_word' id='word_1_607' title='bbox 1244 2462 1386 2506; x_wconf 88' lang='lat' dir='ltr'>primum</span> <span class='ocrx_word' id='word_1_608' title='bbox 1401 2462 1606 2500; x_wconf 83' lang='lat' dir='ltr'>Pontificem</span> <span class='ocrx_word' id='word_1_609' title='bbox 1620 2464 1802 2508; x_wconf 82' lang='lat' dir='ltr'>Imperator</span> <span class='ocrx_word' id='word_1_610' title='bbox 1813 2463 1963 2500; x_wconf 85' lang='lat' dir='ltr'>Michael</span> <span class='ocrx_word' id='word_1_611' title='bbox 1982 2464 2135 2509; x_wconf 72' lang='lat' dir='ltr'>Paleolo·</span> 
     </span>
     <span class='ocr_line' id='line_1_98' title="bbox 1243 2523 1320 2557; baseline 0.013 -10"><span class='ocrx_word' id='word_1_612' title='bbox 1243 2523 1320 2557; x_wconf 69' lang='lat' dir='ltr'>gus-</span> 
     </span>
    </p>
   </div>
   <div class='ocr_carea' id='block_1_8' title="bbox 1250 2687 2120 2706">
    <p class='ocr_par' dir='ltr' id='par_1_9' title="bbox 1250 2687 2120 2706">
     <span class='ocr_line' id='line_1_99' title="bbox 1250 2687 2120 2706; baseline 0 1050"><span class='ocrx_word' id='word_1_613' title='bbox 1250 2687 2120 2706; x_wconf 95' lang='lat' dir='ltr'> </span> 
     </span>
    </p>
   </div>
   <div class='ocr_carea' id='block_1_9' title="bbox 578 2782 1815 2871">
    <p class='ocr_par' dir='ltr' id='par_1_10' title="bbox 578 2782 1815 2871">
     <span class='ocr_line' id='line_1_100' title="bbox 578 2782 1815 2871; baseline -0.007 0"><span class='ocrx_word' id='word_1_614' title='bbox 578 2782 1815 2871; x_wconf 89' lang='lat' dir='ltr'><strong>CANONII.</strong></span> 
     </span>
    </p>
   </div>
   <div class='ocr_carea' id='block_1_10' title="bbox 297 2966 2124 3252">
    <p class='ocr_par' dir='ltr' id='par_1_11' title="bbox 297 2966 2124 3252">
     <span class='ocr_line' id='line_1_101' title="bbox 384 2966 2124 3039; baseline 0.001 -20"><span class='ocrx_word' id='word_1_615' title='bbox 384 2973 406 3019; x_wconf 89' lang='grc' dir='ltr'>Ι</span> <span class='ocrx_word' id='word_1_616' title='bbox 439 2972 540 3037; x_wconf 89' lang='lat' dir='ltr'>quis</span> <span class='ocrx_word' id='word_1_617' title='bbox 567 2985 645 3022; x_wconf 87' lang='lat' dir='ltr'>aut</span> <span class='ocrx_word' id='word_1_618' title='bbox 673 2968 915 3039; x_wconf 87' lang='lat' dir='ltr'>Episcopus</span> <span class='ocrx_word' id='word_1_619' title='bbox 931 3006 946 3030; x_wconf 84' lang='lat'><strong>,</strong></span> <span class='ocrx_word' id='word_1_620' title='bbox 981 2985 1059 3021; x_wconf 88' lang='lat' dir='ltr'>aut</span> <span class='ocrx_word' id='word_1_621' title='bbox 1084 2971 1291 3021; x_wconf 83' lang='lat' dir='ltr'>Praelatus</span> <span class='ocrx_word' id='word_1_622' title='bbox 1312 2966 1500 3037; x_wconf 85' lang='lat' dir='ltr'>quilibet</span> <span class='ocrx_word' id='word_1_623' title='bbox 1535 2982 1690 3017; x_wconf 86' lang='lat' dir='ltr'>contra</span> <span class='ocrx_word' id='word_1_624' title='bbox 1718 2966 1934 3037; x_wconf 84' lang='lat' dir='ltr'>praefixam</span> <span class='ocrx_word' id='word_1_625' title='bbox 1971 2973 2124 3034; x_wconf 88' lang='lat' dir='ltr'>Regu-</span> 
     </span>
     <span class='ocr_line' id='line_1_102' title="bbox 419 3038 2122 3109; baseline 0.002 -21"><span class='ocrx_word' id='word_1_626' title='bbox 419 3040 507 3089; x_wconf 88' lang='lat' dir='ltr'>lam</span> <span class='ocrx_word' id='word_1_627' title='bbox 531 3040 715 3109; x_wconf 86' lang='lat' dir='ltr'>aliquod</span> <span class='ocrx_word' id='word_1_628' title='bbox 741 3039 1092 3092; x_wconf 88' lang='lat' dir='ltr'>Ecclefiasticum</span> <span class='ocrx_word' id='word_1_629' title='bbox 1116 3040 1405 3092; x_wconf 87' lang='lat' dir='ltr'>Ministerium</span> <span class='ocrx_word' id='word_1_630' title='bbox 1438 3074 1452 3099; x_wconf 89' lang='lat'><strong>,</strong></span> <span class='ocrx_word' id='word_1_631' title='bbox 1499 3038 1571 3088; x_wconf 89' lang='lat' dir='ltr'>vel</span> <span class='ocrx_word' id='word_1_632' title='bbox 1597 3040 1732 3089; x_wconf 86' lang='lat' dir='ltr'>etiam</span> <span class='ocrx_word' id='word_1_633' title='bbox 1756 3038 1892 3108; x_wconf 88' lang='lat' dir='ltr'>ipsam</span> <span class='ocrx_word' id='word_1_634' title='bbox 1923 3041 2122 3091; x_wconf 88' lang='lat' dir='ltr'>Praeben-</span> 
     </span>
     <span class='ocr_line' id='line_1_103' title="bbox 298 3109 2122 3179; baseline -0.001 -17"><span class='ocrx_word' id='word_1_635' title='bbox 298 3110 402 3162; x_wconf 88' lang='lat' dir='ltr'>dam</span> <span class='ocrx_word' id='word_1_636' title='bbox 421 3146 436 3171; x_wconf 88' lang='lat'>‚</span> <span class='ocrx_word' id='word_1_637' title='bbox 472 3127 571 3179; x_wconf 86' lang='lat' dir='ltr'>quae</span> <span class='ocrx_word' id='word_1_638' title='bbox 594 3115 827 3164; x_wconf 82' lang='lat' dir='ltr'>Canonica</span> <span class='ocrx_word' id='word_1_639' title='bbox 847 3110 1014 3164; x_wconf 87' lang='lat' dir='ltr'>dicitur</span> <span class='ocrx_word' id='word_1_640' title='bbox 1035 3149 1049 3173; x_wconf 83' lang='lat'>‚</span> <span class='ocrx_word' id='word_1_641' title='bbox 1096 3111 1295 3162; x_wconf 88' lang='lat' dir='ltr'>ordinare</span> <span class='ocrx_word' id='word_1_642' title='bbox 1322 3126 1399 3161; x_wconf 83' lang='lat' dir='ltr'>aut</span> <span class='ocrx_word' id='word_1_643' title='bbox 1421 3109 1524 3159; x_wconf 87' lang='lat' dir='ltr'>dare</span> <span class='ocrx_word' id='word_1_644' title='bbox 1551 3110 1739 3159; x_wconf 83' lang='lat' dir='ltr'>voluerit</span> <span class='ocrx_word' id='word_1_645' title='bbox 1761 3147 1775 3171; x_wconf 90' lang='lat'>‚</span> <span class='ocrx_word' id='word_1_646' title='bbox 1826 3109 1964 3162; x_wconf 73' lang='lat' dir='ltr'>libere</span> <span class='ocrx_word' id='word_1_647' title='bbox 1989 3112 2122 3160; x_wconf 85' lang='lat' dir='ltr'>liceat</span> 
     </span>
     <span class='ocr_line' id='line_1_104' title="bbox 297 3178 2122 3252; baseline -0.001 -20"><span class='ocrx_word' id='word_1_648' title='bbox 297 3182 486 3232; x_wconf 83' lang='lat' dir='ltr'>Clericis</span> <span class='ocrx_word' id='word_1_649' title='bbox 500 3182 834 3246; x_wconf 79' lang='lat' dir='ltr'>contradicere,</span> <span class='ocrx_word' id='word_1_650' title='bbox 869 3187 914 3233; x_wconf 85' lang='lat'>&amp;</span> <span class='ocrx_word' id='word_1_651' title='bbox 936 3184 1184 3234; x_wconf 87' lang='lat' dir='ltr'>vicinorum</span> <span class='ocrx_word' id='word_1_652' title='bbox 1213 3180 1524 3252; x_wconf 89' lang='lat' dir='ltr'>Episcoporum</span> <span class='ocrx_word' id='word_1_653' title='bbox 1552 3179 1788 3246; x_wconf 83' lang='lat' dir='ltr'>judicium,</span> <span class='ocrx_word' id='word_1_654' title='bbox 1823 3182 1897 3233; x_wconf 83' lang='lat' dir='ltr'>vel</span> <span class='ocrx_word' id='word_1_655' title='bbox 1930 3178 2122 3233; x_wconf 84' lang='lat' dir='ltr'>fineces-</span> 
     </span>
    </p>
   </div>
   <div class='ocr_carea' id='block_1_11' title="bbox 299 3251 1700 3327">
    <p class='ocr_par' dir='ltr' id='par_1_12' title="bbox 299 3251 1700 3327">
     <span class='ocr_line' id='line_1_105' title="bbox 299 3251 1700 3327; baseline -0.001 -22"><span class='ocrx_word' id='word_1_656' title='bbox 299 3251 344 3326; x_wconf 62' lang='lat' dir='ltr'>ie</span> <span class='ocrx_word' id='word_1_657' title='bbox 372 3252 528 3318; x_wconf 83' lang='lat' dir='ltr'>fuerit,</span> <span class='ocrx_word' id='word_1_658' title='bbox 566 3251 703 3324; x_wconf 86' lang='lat' dir='ltr'>ipsam</span> <span class='ocrx_word' id='word_1_659' title='bbox 721 3270 903 3327; x_wconf 87' lang='lat' dir='ltr'>quoque</span> <span class='ocrx_word' id='word_1_660' title='bbox 935 3253 1087 3308; x_wconf 82' lang='lat' dir='ltr'>Sedem</span> <span class='ocrx_word' id='word_1_661' title='bbox 1116 3253 1418 3327; x_wconf 89' lang='lat' dir='ltr'>Apostolicam</span> <span class='ocrx_word' id='word_1_662' title='bbox 1447 3251 1666 3322; x_wconf 84' lang='lat' dir='ltr'>appellare</span> <span class='ocrx_word' id='word_1_663' title='bbox 1685 3287 1700 3304; x_wconf 85' lang='grc'><strong>.</strong></span> 
     </span>
    </p>
   </div>
   <div class='ocr_carea' id='block_1_12' title="bbox 1933 3511 2076 3552">
    <p class='ocr_par' dir='ltr' id='par_1_13' title="bbox 1933 3511 2076 3552">
     <span class='ocr_line' id='line_1_106' title="bbox 1933 3511 2076 3552; baseline -0.021 0"><span class='ocrx_word' id='word_1_664' title='bbox 1933 3511 2076 3552; x_wconf 86' lang='lat' dir='ltr'>SCHO-</span> 
     </span>
    </p>
   </div>
  </div>
 </body>
</html>
