2366 3756
120 3327 184 3360 Fol.
212 3340 253 3366 14.

939 186 1433 236 Dic-rarus.

275 274 383 320 Sergii
406 271 528 317 primi,
554 272 587 306 in
598 282 666 316 quo
687 269 743 307 bic
754 268 887 314 quidem
906 269 938 302 se
951 268 1063 302 titulat
1074 267 1162 303 Pon·

273 326 401 361 tificem
428 323 618 357 Romanum
643 347 655 362 ,
681 319 789 354 verum
814 319 955 361 Ioannes
979 318 1162 352 Bibliothe-

270 375 385 409 carius
408 372 578 418 adjungit!
605 376 691 405 Anno
706 369 905 411 Pontificatus
943 370 1064 402 Domini
1098 370 1164 402 ser-

269 429 337 470 gii,
364 427 460 466 Papae
473 420 652 466 universalis
662 422 791 453 decimo.
818 417 1036 462 Nempelicet
1048 419 1163 453 usitan-

271 475 359 510 -dum
382 471 726 516 numquamduxerint
749 467 839 503 hunc
854 469 989 504 titulum
1003 494 1013 510 ,
1038 469 1108 511 jure
1118 479 1163 503 ta-

277 536 356 560 men
377 524 435 558 fibi
459 522 568 559 deberi
590 519 735 556 Romani
759 519 940 556 Pontifices
959 521 1083 562 semper
1094 520 1163 553 sen·

277 577 406 609 serunt.
438 571 488 607 Ita
500 571 612 616 primis
639 569 784 606 Ecclesiae
798 568 919 605 saeculis
930 569 1040 604 nullus
1050 569 1081 604 se
1092 569 1160 603 scri*

278 623 339 668 psit
349 623 548 666 Episcopum
564 622 798 665 Episcoporum
809 630 865 654 aut
879 620 1078 654 Pontificem
1090 619 1161 653 Ma·

277 673 410 710 xlmurn
434 696 446 712 ,
470 671 561 716 quod
586 681 693 706 tamen
716 675 834 705 omnes
858 670 958 705 efflent
981 669 1162 713 ejusmodi,

277 722 369 758 lucet
390 734 431 757 ex
441 722 588 759 adductis
611 721 808 758 testimoniis
819 717 1022 757 Tertulliani
1032 731 1071 755 ao
1081 721 1162 757 San-

279 773 323 807 &i
335 772 517 816 Cypriani.

329 823 480 871 Qaestio
491 823 536 857 est
550 848 562 864 ,
587 823 642 859 An
655 822 740 859 inter
751 821 810 859 has
820 823 1050 869 inscriptiones
1060 846 1072 864 ,
1096 824 1165 856 Cle-

278 883 366 907 mens
388 871 551 915 Episcopus
564 874 715 917 Catbolicq
726 874 858 916 Ecclefiae
879 875 962 908 urbis
976 877 1079 908 Roma
1090 898 1102 915 ,
1130 873 1166 908 &

280 924 417 956 Clemens
439 921 606 965 Episcopus
631 925 792 958 Catholicae
806 924 960 966 Ecclefiae‚
985 925 1024 959 fit
1036 924 1165 969 largum

278 971 458 1007 discrimen
484 971 501 1003 ἓ
525 972 698 1019 Qidquid
718 975 919 1018 obloquatur
934 976 1069 1009 Marcus
1096 974 1166 1007 An·

279 1021 394 1067 §onius
418 1020 461 1056 de
483 1022 667 1063 Dominis,
693 1025 875 1067 respondeo
898 1036 967 1059 non
989 1025 1052 1059 effe
1073 1049 1081 1056 .
1109 1024 1167 1057 Et·-

277 1071 371 1107 enirn
397 1071 444 1107 has
470 1082 568 1108 voces
588 1098 600 1114 ,
625 1072 712 1108 Urbis
733 1079 838 1110 Rome
864 1099 875 1115 ,
902 1075 1022 1118 poffint
1049 1072 1167 1108 habere

277 1122 519 1158 subintellest'as
540 1122 634 1158 hasce
657 1124 757 1165 alias,
787 1136 866 1168 quas
890 1125 925 1159 in
951 1127 1007 1159 sua
1029 1124 1072 1158 ad
1083 1124 1168 1158 Tre-

278 1173 409 1207 censem
422 1171 596 1217 Synodum
609 1173 846 1218 subscriptione
860 1173 1010 1217 expreffit
1024 1175 1166 1218 Ioannes

277 1224 416 1257 octavus
426 1246 439 1260 ,
467 1225 583 1258 Primae
593 1226 699 1265 sedis,
729 1235 801 1267 quae
815 1224 930 1268 utique
938 1225 983 1259 est
995 1224 1030 1259 δε
1043 1226 1167 1258 univer-

277 1272 375 1307 salis.
402 1271 538 1312 Voces,
564 1275 653 1306 Urbis
673 1278 799 1315 Romae,
827 1275 946 1318 poffint
968 1275 1051 1309 olim
1074 1274 1167 1308 fuiffe

277 1321 454 1364 adjunstae,
482 1332 551 1355 non
573 1322 614 1357 ad
628 1323 839 1358 limitandum
851 1349 861 1364 ,
889 1325 941 1358 sed
954 1325 995 1357 ad
1009 1325 1166 1367 amplian-

278 1371 360 1406 dum
373 1396 383 1411 ,
402 1369 467 1405 hoc
479 1371 591 1405 scnsu:
619 1373 803 1416 Episcopus
817 1373 924 1408 Urbis
936 1373 1055 1408 Romae
1066 1398 1077 1414 ‚
1099 1385 1169 1417 quz

278 1420 458 1470 Catholica
481 1422 536 1455 seu
547 1422 738 1457 universalis
761 1422 905 1457 Ecclesia
923 1424 968 1457 est
986 1448 996 1463 ,
1024 1422 1088 1458 hoc
1098 1423 1144 1458 est
1160 1447 1170 1463 ,

277 1469 466 1505 Catholicae.
488 1472 640 1507 Ecclesiae
664 1472 866 1516 Metropolis
885 1474 1026 1515 &caput
1041 1474 1166 1507 univer-

278 1519 344 1555 saie
356 1544 363 1552 .
393 1519 499 1554 Lucet
513 1519 579 1554 hoc
587 1531 629 1555 ex
643 1521 869 1564 disputatione
883 1522 1020 1565 Joannis
1030 1521 1167 1555 Patriar-

277 1568 349 1603 chae
369 1567 737 1614 constantinopolitani
758 1582 835 1606 cum
847 1571 1046 1605 Innocentio
1069 1569 1167 1602 tertio

277 1618 464 1658 Pontifice,
490 1618 687 1654 exhortante
707 1621 812 1661 ipsum
836 1619 942 1652 redire
953 1618 993 1652 ad
1009 1617 1168 1651 universa-

277 1667 345 1702 lem
365 1667 555 1701 Romanam
576 1667 756 1702 Ecclesiam
770 1693 777 1700 .
808 1667 972 1710 Reposuit
1002 1668 1164 1711 Ioannes:

279 1718 372 1762 ,Quod
390 1716 465 1750 mihi
486 1721 519 1750 in
541 1725 601 1750 tuae
611 1717 793 1751 saneiitatis
816 1720 930 1759 scripto
944 1729 1002 1750 non
1023 1719 1168 1751 modicam

275 1766 488 1812 superinduxit
499 1768 728 1812 ambiguitatem
745 1792 755 1806 ,
781 1779 839 1800 non
850 1767 1029 1810 absi-ondam
1046 1793 1053 1800 .
1080 1772 1168 1800 Nam

279 1819 316 1852 <5
322 1826 380 1860 pro
403 1823 476 1850 miro
497 1816 609 1858 babeo,
635 1819 776 1860 quomodo
796 1830 889 1850 unam
912 1820 946 1851 (9·
967 1816 1168 1860 universalem

282 1867 390 1909 vocasti
411 1871 580 1900 Romanam
604 1866 764 1910 Ecclesiam
784 1891 795 1907 ,
822 1877 857 1901 ut
879 1867 965 1911 quasi*
980 1866 1113 1910 divisam
1136 1873 1168 1900 in

277 1916 390 1962 species
415 1916 561 1959 quasdam
578 1915 818 1959 specialiffsmas.
847 1917 904 1952 Ad
927 1929 998 1962 quae
1011 1917 1167 1951 Innocen-

283 1967 366 2002 tius:
393 1965 517 2007 Ecclesia
529 1966 647 2000 duabus
667 1968 705 2000 de
725 1967 817 2009 caufis
828 1967 1011 2011 universalis
1023 1977 1146 2001 vocatur
1161 1993 1167 1999 .

282 2019 404 2050 Dicitur
422 2013 602 2059 universalis
625 2015 775 2058 Ecclefia,
802 2029 870 2060 quae
890 2018 928 2050 de
939 2017 1085 2060 universis
1105 2029 1168 2051 con-

276 2066 340 2108 siat
361 2065 494 2109 Ecclesi‘is
506 2079 517 2100 .·
544 2070 590 2100 Et
607 2064 769 2109 s‘ecundi'im
779 2066 856 2101 hanc
879 2074 1074 2109 acceptionem
1086 2079 1170 2101 voca-

283 2116 346 2151 buli
367 2115 495 2158 Ecclesia
507 2119 643 2149 Romana
665 2128 724 2150 non
745 2117 786 2156 est
806 2116 992 2159 universalis
1014 2115 1142 2156 Ecclefia
1159 2139 1168 2153 ,

277 2165 336 2210 sed
350 2175 427 2207 pars
449 2165 630 2207 universalis
658 2165 796 2205 Ecclesi‘ae
818 2188 828 2203 ‚
850 2170 954 2205 prima
977 2165 1116 2197 videlicet
1138 2165 1171 2198 (θ’

279 2220 456 2256 praecipua,
483 2215 576 2246 veluti
597 2221 689 2254 caput
715 2218 747 2244 in
764 2221 901 2255 corpore,
921 2218 1060 2256 quoniam
1083 2219 1114 2246 in
1136 2225 1173 2248 ea

280 2263 440 2306 plenitudo
461 2262 615 2305 potestatis
626 2261 747 2303 exulis,
774 2266 821 2297 ad
836 2273 961 2297 caeteras
983 2273 1084 2296 autem
1093 2272 1170 2304 pars

283 2313 386 2355 aliqua
405 2313 608 2353 plenitudinis
628 2314 792 2346 derivatur
806 2338 814 2346 .
842 2316 889 2346 Et
900 2314 1008 2346 dicitur
1019 2312 1172 2356 universa-

282 2363 325 2395 lis
348 2359 470 2403 Ecclefia
480 2362 534 2395 illa
561 2372 622 2395 una
633 2386 644 2402 ,
668 2373 736 2403 queo
742 2360 840 2404 subse
849 2368 978 2395 continet
992 2361 1148 2405 universas
1160 2388 1168 2396 .

284 2415 331 2445 Et
342 2410 500 2454 secundum
509 2409 588 2445 banc
603 2417 732 2445 nominis
747 2419 892 2445 rationem
905 2415 1039 2446 Romana
1050 2414 1177 2445 tantum*

284 2461 413 2504 Ecclesia
422 2459 600 2504 universalis
613 2470 799 2502 nuncupatur
809 2486 816 2494 .
840 2462 968 2496 Eodem
982 2461 1083 2497 modo
1096 2463 1124 2496 E
1128 2463 1170 2506 pi-

287 2513 403 2555 scopus
424 2510 606 2546 Catholicae
619 2511 766 2545 Ecclefiae
785 2512 874 2547 urbis
887 2512 1004 2547 Roma
1022 2513 1068 2547 est
1083 2513 1170 2547 idem

283 2560 375 2604 quod
390 2561 572 2604 Episcopus
585 2559 676 2595 istius
689 2560 861 2596 Cathedrae
875 2587 886 2602 ‚
912 2574 983 2606 quae
999 2562 1045 2597 est
1060 2562 1170 2606 Caput

281 2611 318 2646 &
339 2611 449 2645 Mater
470 2610 622 2645 omnium
651 2609 866 2646 Eclesiarum.
897 2611 1040 2647 Proinde
1060 2611 1110 2646 hae
1123 2613 1169 2646 in-

284 2660 477 2704 scriptiones
489 2685 499 2699 ,
524 2661 663 2693 Clemens
675 2660 843 2704 Episcopus
857 2662 1018 2695 Catholicae
1032 2662 1165 2704 Ecclesi‘ae
1179 2645 1183 2708 i

286 2710 374 2742 Urbis
399 2714 524 2750 Romae,
548 2710 583 2744 δε
597 2711 730 2744 Aurelius
752 2710 917 2754 Episcopus
943 2713 1093 2756 catholice
1113 2709 1182 2748 Ec?

284 2757 374 2800 elesi‘ae
396 2760 483 2793 Urbis
505 2759 703 2805 Carthaginis
721 2785 732 2801 ‚
760 2761 879 2805 poffint
902 2760 1024 2797 habere
1043 2763 1182 2821 grande}

287 2809 463 2844 discrimen
475 2822 486 2843 .·
513 2809 629 2844 Romae
647 2810 736 2845 enim
749 2812 906 2855 ampliat,
933 2812 1066 2847 alterius
1081 2812 1182 2848 urbis*

287 2860 449 2902 adjeaum
486 2870 611 2894 nomen
646 2859 800 2897 humiliat
835 2861 990 2908 Episcopi
1024 2835 1182 2910 dignita-l

287 2919 357 2945 tem
369 2935 377 2941 .

339 2960 406 2994 Pro
425 2968 563 3003 utraque
586 2960 621 2995 ἀ
643 2961 878 3007 subscriptione
897 2964 931 2998 δε
953 2963 1166 3008 inscriptione

287 3010 394 3044 multa
417 3010 605 3046 testimonia
625 3012 852 3057 conglomerat
864 3026 1061 3049 memoratus
1071 3016 1165 3059 Joan-

288 3070 348 3093 nes
374 3059 566 3102 Lauricius,
593 3060 731 3104 priorem
753 3065 814 3099 effe
838 3065 1006 3109 antiquam
1028 3089 1040 3105 ,
1065 3067 1167 3109 poste·

288 3111 410 3144 ‘iorem
436 3107 636 3145 demonstrat
659 3123 778 3147 novam
803 3138 814 3154 ,
840 3126 936 3160 atque
963 3114 1043 3149 hinc
1069 3116 1166 3150 insert

288 3160 370 3193 tria..
398 3158 545 3194 Primum
569 3160 637 3193 est:
663 3164 777 3206 Utergb
790 3166 920 3206 Petrus,
946 3170 991 3198 ita
1016 3167 1166 3199 &Roma-

288 3222 348 3244 nus
363 3207 528 3252 Episcopus
546 3212 630 3243 Petri
637 3209 770 3254 successor
777 3220 910 3255 primum
928 3215 1089 3249 membrum
1094 3214 1167 3259 san-

286 3261 348 3293 δι’
357 3260 392 3293 ⁴&
402 3257 585 3302 universalis
599 3260 724 3303 Ecclefie
734 3261 772 3302 est
784 3287 795 3302 ,
815 3263 1069 3307 sednihilommus
1078 3277 1168 3299 mem.

288 3310 376 3344 hrum
387 3333 398 3350 ‚
407 3306 524 3352 sensper
536 3315 569 3342 in
579 3310 716 3343 membris
728 3313 848 3356 Ecclefie
858 3314 1024 3355 constitutus
1038 3340 1049 3356 ,
1076 3326 1166 3359 atque

287 3371 357 3394 eam
377 3358 412 3392 ob
435 3357 554 3402 causam
577 3359 698 3402 Ecclefie
723 3385 735 3401 ,
759 3373 814 3405 que
836 3367 956 3398 Domini
980 3375 1084 3409 corpus
1104 3366 1162 3407 est,

292 3409 442 3452 neceffario
459 3407 691 3452 ponponendus.
721 3413 907 3449 Secundum
927 3416 972 3449 est
985 3430 997 3449 :
1025 3423 1086 3457 Hec
1108 3427 1165 3449 om-

290 3464 345 3492 nia
373 3470 403 3492 eo
409 3458 564 3500 spellam,
591 3468 623 3493 ut
636 3466 688 3503 qui
709 3461 805 3495 aab
814 3474 893 3498 anno
904 3463 1166 3507 Cbsiflimillcfimo

390 3507 583 3555 .cbrfi.Lupi
595 3513 796 3556 Opes-Tomis.

1218 268 1250 312 se
1263 269 1425 304 Catholieae
1437 268 1558 313 Ecclesse
1569 268 1748 314 Episcopum
1760 270 1814 306 vel
1822 268 1965 315 inscripfit
1976 272 2030 306 vel
2031 268 2101 313 sub-

1218 318 1331 361 scripsit
1347 344 1358 360 ‚
1379 317 1411 362 se
1420 319 1570 361 Catholici?
1592 330 1682 364 atque
1693 320 1844 363 Apostolice
1855 325 1986 363 Romans
1998 321 2102 355 Eccle-

1221 368 1259 410 ,ῖς
1273 393 1283 409 ,
1309 371 1359 403 vel
1376 371 1457 412 quod
1464 370 1544 402 idem
1555 370 1592 410 esi
1605 395 1615 410 ‚
1637 370 1671 413 se
1681 371 1837 414 Catholicg
1846 381 1936 414 atque
1949 369 2101 412 apostolice

1225 418 1347 461 Ecclesi'f
1369 418 1453 451 urbis
1486 422 1577 460 Rome
1596 422 1647 452 vel
1665 420 1830 465 instripfiffe
1851 423 1903 455 vel
1915 419 2101 464 subftripfiffe

1224 470 1372 513 intelligas
1398 493 1405 500 .
1432 469 1478 500 Sic
1502 468 1583 501 ret‘ia
1608 469 1644 501 ό·
1659 471 1758 510 plana
1777 479 1863 505 erunt
1887 476 1986 505 omnia
2008 496 2019 510 ‚
2045 481 2102 513 qug
2118 465 2181 499 Fol·
2211 470 2254 499 16.

1223 518 1340 561 obliqua
1362 520 1397 553 (9
1409 516 1515 560 aspera
1527 515 1690 561 suspicacis
1713 525 1807 552 animi
1828 520 1957 555 homines
1980 521 2031 565 esse
2040 525 2104 554 exi-

1217 566 1399 606 stimabant.
1425 567 1582 601 Tertium
1601 567 1649 602 est
1673 580 1686 602 .-
1713 568 1852 610 Ceterum
1865 570 1895 610 fi
1914 573 2102 611 cajetanus,

1216 617 1246 659 fi
1273 619 1476 652 Bellarminus
1488 641 1499 658 ‚
1533 617 1656 660 ifimIIes
1674 619 1729 652 alti
1751 622 1843 661 Curis
1853 618 1987 663 Theologi
2007 619 2104 664 novi(-

1217 665 1306 711 sent,
1335 680 1396 711 qua
1416 673 1529 701 satione
1552 669 1748 712 intelligenda
1762 668 1803 711 fit
1814 668 1964 713 inscriptio
1981 669 2104 713 velfiab-

1219 717 1344 761 scriptio
1358 743 1368 758 ,
1394 718 1472 751 banc
1482 719 1502 750 ἆ
1506 716 1631 760 simplici
1651 719 1686 752 (θ’
1697 730 1768 751 vero
1779 728 1821 753 tot
1833 724 2031 754 Romanorum
2045 724 2105 753 An-

1223 767 1346 809 tistitum
1364 766 1453 813 sensu
1478 770 1523 801 ad
1544 780 1640 803 novas
1666 769 1700 802 <5
1701 767 1806 812 falsas
1823 777 1973 812 opiniones
1985 782 2043 803 non
2054 772 2104 804 a'e·

1221 819 1363 863 flexisti-nt
1386 844 1398 861 ,
1424 830 1475 854 nec
1497 819 1570 852 adea
1592 821 1701 853 leviter
1721 829 1824 853 contra
1844 822 1928 854 Sedis
1952 820 2102 862 Apostolice

1223 872 1418 903 traditionem
1430 871 1566 914 dixrffent
1576 873 1740 904 Romanum
1752 868 1934 914 Episcopum
1939 868 2032 913 supra
2039 877 2103 903 uni-

1223 919 1342 963 versam
1363 920 1519 962 Ecclesiam
1539 920 1606 964 essi’.
1635 920 1678 955 Et
1702 933 1760 965 pro
1778 918 1829 955 his
1851 920 2051 956 stabiliendis
2063 919 2105 954 ad

1224 970 1316 1014 supra
1339 971 1525 1011 laudatum,
1551 982 1619 1015 quo
1643 972 1828 1006 Dominicae
1849 972 1967 1006 domus
1977 972 2031 1005 seu
2047 970 2107 1004 Ec-

1225 1021 1322 1055 clefiae
1343 1021 1518 1057 Restorem
1538 1023 1597 1056 suo
1627 1031 1775 1066 tempore
1794 1022 1888 1057 fuisse
1923 1020 2105 1056 Damasum

1226 1070 1428 1106 Pontificem
1459 1071 1546 1105 dixit
1578 1070 1816 1107 Ambrofiaster
1843 1097 1855 1113 ,
1880 1071 2106 1107 testimonium

1225 1122 1368 1165 apponit
1387 1119 1453 1156 hoc
1470 1119 1650 1156 Scholion:
1677 1122 1777 1166 ,Quasi
1793 1134 1864 1157 vero
1887 1129 1937 1166 qui
1951 1126 2106 1155 Commen-

1225 1178 1307 1205 taria
1331 1170 1513 1215 chsubjccit
1525 1171 1687 1213 Ambrosio,
1716 1172 1841 1214 Damasi
1855 1173 2032 1215 meminisse,
2053 1180 2107 1203 aut

1225 1222 1367 1255 librarius
1378 1223 1488 1265 aliquis
1499 1221 1628 1266 inserere
1638 1227 1856 1256 commentariis
1868 1246 1879 1261 ,
1896 1222 1996 1263 Cujus
2008 1219 2107 1254 hodic

1229 1271 1349 1306 Restor
1368 1273 1413 1306 est
1435 1273 1598 1307 Damasus
1615 1296 1626 1312 ,
1649 1285 1707 1306 non
1722 1273 1881 1315 potuerit?
1907 1274 1981 1316 ,Qua
1990 1270 2108 1313 fraude

1228 1324 1368 1361 majorem
1377 1323 1436 1355 illis
1447 1322 1541 1363 fidem
1551 1323 1718 1355 conciliaret
1728 1346 1740 1362 ,
1768 1324 1803 1356 Θ
1806 1322 1933 1363 facilius
1946 1327 2108 1363 imponeret

1226 1371 1380 1404 lec‘loribics
1392 1396 1403 1412 ‚
1428 1381 1463 1404 ut
1474 1383 1506 1405 re
1517 1370 1583 1413 ipsa
1600 1372 1702 1405 multis
1713 1370 1872 1415 imposuit,
1897 1373 1932 1406 (τ
1945 1376 1983 1404 iis
1995 1376 2046 1415 qui
2055 1373 2110 1413 pi&

1227 1422 1323 1462 decipi
1332 1423 1438 1455 volunt
1449 1443 1462 1460 ,
1486 1420 1584 1454 adbuc
1594 1427 1725 1464 imponet
1739 1446 1746 1454 .

1277 1471 1476 1513 Respondeo
1490 1471 1630 1512 primum
1652 1471 1829 1505 &tertium
1849 1472 1976 1506 illatum
1987 1472 2110 1506 coinci-

1226 1520 1303 1551 dere
1323 1542 1331 1549 .
1358 1518 1463 1551 Porro
1486 1529 1528 1549 an
1558 1518 1733 1551 Romanus
1754 1518 1935 1563 Episcopus
1967 1522 2112 1564 generali

1227 1565 1386 1600 Concilio
1407 1590 1419 1606 ,
1445 1565 1480 1599 &
1501 1577 1543 1600 an
1569 1577 1660 1600 extra
1682 1565 1788 1610 ipsum
1815 1568 1912 1605 subsit
1938 1570 2113 1604 universali

1228 1615 1395 1655 Ecclesiae‚
1425 1617 1501 1649 sunt
1524 1616 1720 1659 quaestiones
1740 1618 1917 1660 plurimum
1930 1620 2114 1663 disparatae.

1227 1667 1281 1700 De
1297 1667 1400 1709 prima
1419 1664 1592 1710 Theologi
1612 1667 1764 1701 moderni
1788 1680 1913 1703 certant
1925 1695 1934 1709 ‚
1961 1671 1994 1704 ἀ
2007 1668 2114 1704 adhuc

1227 1714 1285 1750 sub
1311 1715 1424 1760 Judice
1452 1715 1493 1750 lis
1520 1716 1565 1750 est
1589 1741 1596 1749 .
1625 1718 1714 1752 Dico
1737 1742 1747 1758 ,
1775 1720 1913 1752 Modern}
1932 1733 1944 1753 .·
1972 1719 2114 1754 Constat

1225 1765 1314 1800 enirn
1325 1764 1435 1800 Patres
1450 1777 1517 1800 non
1530 1767 1661 1801 certasse
1671 1767 1713 1801 de
1727 1766 1789 1803 hac
1801 1781 1833 1803 re
1844 1793 1855 1809 ,
1883 1768 1939 1804 sed
1953 1782 2010 1815 pro
2024 1771 2114 1805 Pon-

1227 1816 1316 1850 tifice
1338 1828 1398 1850 nec
1424 1815 1589 1850 haefitaire.
1615 1817 1682 1852 Suo
1694 1817 1771 1852 loco
1788 1819 1821 1852 id
1832 1819 2003 1855 ostendere
2016 1833 2115 1855 cona·

1226 1874 1277 1899 tus
1299 1867 1369 1900 sum
1389 1891 1399 1907 ‚
1425 1866 1459 1901 ὅ(
1485 1865 1630 1911 pluribus
1654 1866 1762 1902 adhuc
1785 1868 1933 1903 conabor
1962 1896 1968 1902 .
1995 1871 2050 1905 De
2073 1871 2117 1905 se-

1226 1916 1333 1949 cunda
1358 1916 1554 1960 quaessione,
1581 1916 1662 1951 dum
1684 1918 1838 1953 adversus
1848 1919 2010 1963 Joannem
2032 1920 2117 1964 Jeju-

1227 1975 1377 2000 natorem
1401 1991 1411 2006 ,
1439 1966 1634 2002 Mauritium
1668 1969 1858 2013 Augustum
1883 1996 1894 2012 ,
1921 1971 1954 2005 δε
1979 1981 2116 2005 omnem

1227 2017 1637 2061 Constantinopolitanam
1674 2019 1850 2054 Ecclesiam
1878 2031 1952 2055 toto
1993 2023 2114 2055 mentis

1229 2066 1423 2110 suaeimpetu
1439 2068 1484 2102 ob
1509 2067 1698 2113 Universalis
1716 2069 1856 2114 Episcopi
1874 2071 2008 2107 titulum
2018 2070 2119 2116 depu-

1228 2127 1339 2158 gnaret
1362 2117 1506 2158 Magnus
1520 2118 1702 2161 Gregorius
1715 2143 1726 2158 ‚
1753 2122 1873 2163 scripsit
1897 2122 1939 2156 ad
1953 2122 2116 2164 Ioannem

1228 2164 1349 2206 Syracu
1356 2165 1392 2196 sae
1406 2164 1604 2207 Episcopum
1618 2178 1625 2196 :
1652 2170 1700 2199 De
1712 2169 2036 2211 constantinopolitana
2055 2177 2115 2207 Ec·
2132 2171 2160 2199 L
2173 2168 2292 2246 Ζμέίὲἀ·

1227 2213 1308 2255 clefia
1330 2215 1413 2255 quod
1428 2214 1530 2247 dicunt
1542 2239 1552 2254 ‚
1578 2220 1644 2258 quis
1667 2227 1733 2249 eam
1746 2217 1862 2251 dubitet
1880 2221 1947 2252 5ch
1960 2221 2114 2264 Apostolicp
2131 2221 2161 2280 ἒ

1229 2264 1280 2306 effe
1298 2262 1489 2305 subjellam?
1517 2266 1608 2306 ,Quod
1628 2267 1662 2298 ἀν
1667 2268 1806 2306 piissimus
1823 2272 1964 2302 Dominus
1979 2275 2113 2314 Impera·
2151 2260 2178 2286 4'

1230 2322 1275 2345 tor
1299 2336 1309 2352 ‚
1336 2314 1370 2346 (zi
1392 2315 1504 2346 Frater
1525 2313 1615 2353 noster
1628 2318 1658 2360 J
1665 2327 1774 2350 oannes
1801 2317 1933 2362 ejusdcm
1959 2324 2112 2355 Civitatis

1231 2360 1394 2405 Episcopus
1406 2363 1508 2402 assidu?
1524 2365 1720 2406 profitentur,
1746 2368 1847 2416 QOd
1862 2368 1964 2412 ipsum
1980 2369 2112 2406 hodier-

1232 2424 1272 2445 na
1291 2412 1343 2445 die
1365 2413 1534 2455 profitetur
1556 2413 1758 2458 parisiensis,
1786 2418 1821 2452 δε
1849 2419 1911 2453 alia
1936 2422 2054 2463 qumvis
2076 2424 2111 2457 in

1232 2462 1352 2496 Galliis
1375 2462 1534 2507 Ecclesia;
1561 2464 1900 2503 &Christianiffimus
1926 2470 1997 2505 Rex
2010 2472 2111 2508 aliam

1235 2511 1462 2555 profeffionem
1476 2526 1543 2549 non
1566 2514 1753 2551 sustineret.
1781 2518 1907 2554 Nonne
1918 2522 2005 2555 enim
2017 2524 2109 2566 quo'd

1234 2563 1375 2596 Domini
1399 2563 1493 2598 vinea
1514 2564 1553 2600 sit
1563 2567 1730 2602 commissa
1754 2568 1911 2604 Romano
1924 2572 2105 2616 Episcopo,

1231 2614 1322 2656 supra
1344 2613 1531 2648 audivimus
1550 2617 1761 2659 profitentem
1785 2620 1956 2663 Synodum
1971 2623 2109 2657 Chalce-

1229 2663 1429 2698 donensem?
1456 2665 1527 2700 Cur
1549 2677 1616 2700 non
1641 2668 1750 2711 potius
1762 2667 1847 2703 hanc
1868 2671 1901 2704 ὅ(
1915 2671 2030 2705 similes
2043 2675 2111 2717 plu-

1230 2714 1326 2747 rimas
1336 2723 1402 2748 tam
1413 2715 1623 2756 synodorum
1642 2718 1740 2760 quum
1753 2717 1888 2754 Patrum
1901 2721 2110 2764 profeffiones

1229 2763 1269 2797 ad
1281 2764 1384 2807 spuria
1395 2762 1615 2800 additamenta
1628 2767 1799 2810 proscribit
1812 2769 2007 2815 Launojus?
2034 2774 2111 2808 Cer-

1229 2815 1260 2848 te
1285 2814 1350 2857 pari
1370 2813 1461 2857 jure,
1487 2827 1555 2859 quo
1578 2817 1612 2850 in
1628 2817 1924 2860 Ambrofiastrum,
1950 2824 2051 2865 posset
2074 2824 2109 2857 δε

1230 2865 1265 2898 in
1291 2864 1374 2909 ipsas
1397 2865 1527 2910 grassari
1544 2890 1552 2897 .
1583 2866 1788 2913 Aggreditur
1810 2868 1918 2905 debile
1948 2872 2109 2907 Romanae

1228 2914 1318 2948 Sedis
1344 2916 1629 2961 propugnaculum
1652 2944 1660 2950 .
1686 2918 1924 2955 Ambrofiaster
1948 2924 2037 2957 enim
2063 2925 2109 2959 est

1227 2964 1362 3000 Hilarus
1383 2965 1543 3000 Romana
1566 2966 1715 3003 Ecclesia:
1737 2970 1819 3004 olim
1843 2972 1968 3005 sanctus
1988 2974 2023 3007 δε
2047 2985 2111 3008 ma-

1227 3026 1333 3059 gnus,
1358 3015 1469 3050 verum
1492 3017 1600 3060 postes
1623 3018 1662 3051 ad
1676 3019 1821 3053 Luciferi
1834 3020 2012 3055 Calaritani
2035 3022 2110 3068 Epi-

1227 3066 1315 3109 scopi
1337 3064 1473 3100 schisma
1497 3066 1645 3110 delapsus
1655 3067 1851 3110 Diaconus,
1877 3082 1974 3112 quem
1989 3072 2029 3106 ab
2041 3085 2109 3107 om-

1230 3115 1326 3149 nibus
1347 3115 1515 3160 Episcopis
1536 3129 1574 3151 ac
1593 3117 1791 3160 presbyteris
1805 3119 1966 3156 desertum
1980 3146 1989 3161 ‚
2018 3122 2107 3165 quod

1229 3164 1316 3198 solus
1338 3174 1442 3199 totam
1468 3167 1643 3201 Ecclesiam
1668 3168 1865 3212 rebaptizare
1890 3172 2005 3209 vellet,
2030 3174 2110 3206 San-

1227 3216 1296 3248 stus
1316 3212 1543 3259 Hieronymus
1571 3217 1676 3261 lepide
1699 3229 1795 3254 vocat
1820 3219 1907 3254 orbis
1929 3221 2108 3256 Deucalio-

1230 3274 1322 3298 nem.
1352 3264 1430 3307 Ejus
1442 3276 1588 3310 tempore
1607 3267 1839 3303 omninosedit
1852 3269 2031 3305 Damasus:
2061 3273 2105 3306 Et

1228 3312 1351 3354 homo,
1378 3314 1453 3351 licet
1477 3316 1699 3352 schismaticus
1714 3342 1725 3360 ‚
1753 3319 1910 3354 Romanae
1932 3319 2104 3354 Cathedrae

1228 3362 1433 3408 Maiestatem
1463 3379 1523 3401 nec
1551 3367 1656 3403 voluit
1680 3378 1737 3403 nec
1768 3370 1877 3413 potuit
1914 3369 2105 3404 obtenebra-

1228 3426 1262 3448 re
1284 3438 1291 3444 .
1318 3413 1401 3461 Qae
1435 3415 1627 3452 Christianae
1653 3428 1745 3452 aures
1771 3419 1875 3452 ferant
1910 3419 2105 3455 Romanum

1229 3463 1428 3509 Episcopum
1463 3477 1535 3501 non
1571 3468 1636 3501 effe
1671 3468 1775 3501 totius
1801 3468 1950 3503 Ecclefiae
1985 3468 2108 3504 Recto-

1624 3514 1653 3550 P
1703 3527 1728 3553 2
1966 3518 2056 3552 rem?
2101 3513 2107 3518 ’
