2366 3756
839 141 1324 186 DICTATus.

180 230 275 267 fictas
311 223 500 259 Wicleffum
537 222 781 265 circumscripsit
820 222 854 255 δε
892 220 1035 254 Huffum
1049 243 1056 250 .

180 274 427 316 circumscribit
451 273 594 316 &illos,
619 273 674 319 qui
686 271 910 316 Augustinum
932 269 1055 312 ubique

181 326 274 372 loqui
291 325 482 359 existimant*
499 324 541 358 de
559 324 705 359 clavibus
727 319 950 359 Hierarchicis
961 342 973 358 ‚
1000 328 1056 352 aut

180 376 329 416 Ecclesiae
347 374 552 419 Praepositura
581 398 590 407 .
614 374 654 410 ln
676 371 831 416 plerisque
852 368 918 404 huc
955 368 1058 412 usque

181 426 325 465 adductis
346 426 427 460 locis
445 424 591 465 loquitur
610 421 651 457 de
679 421 846 460 clavibus,
870 418 987 464 quibus
1008 428 1059 453 ca·

181 487 254 513 rent
265 475 462 520 quandoque
472 473 645 518 Episcopi,
662 472 821 519 &carere
842 469 937 514 poffit
957 467 1057 503 etiam

180 525 433 569 ipseRomanus
443 523 628 565 Rontifex‚
650 521 687 556 dc
700 531 779 566 quas
799 522 984 563 frequenter
1005 517 1059 552 ha-

180 575 261 611 bent
285 585 342 609 aut
352 572 438 611 certe
448 574 642 619 participant
653 571 768 615 Laici‚
793 571 891 605 etiam
903 568 994 613 pueri
1020 581 1058 603 ac

179 625 323 666 foeminae
341 650 348 657 .
375 623 538 667 Loquitur
559 623 600 657 de
623 623 762 656 fraterna
784 621 899 660 clave,
924 630 993 663 quae
1017 620 1058 654 ad

175 675 324 711 dandam
348 673 382 708 &
393 673 614 716 accipiendam
627 672 662 706 in
673 669 886 705 Sacramentis
901 669 1057 713 justitiam

177 734 333 771 operatur
352 724 390 764 in
413 722 549 768 singulis
566 733 622 768 per
637 721 908 757 communionem
928 720 1056 753 Sanao-

177 784 272 816 sum,
297 774 332 809 ὃ(
357 784 413 819 per
432 773 524 817 cujus
547 769 769 819 operationem
788 770 932 815 singulos
956 768 1057 812 justos

178 825 243 860 effe
253 822 378 863 Christi
400 822 542 861 Domini
565 833 635 857 non
645 820 775 856 tantum
797 820 906 855 fratres
932 830 989 854 aut
1008 821 1058 854 so-

130 887 138 899 ·
177 885 290 916 roreS,
315 873 371 908 sed
389 873 491 907 etiam
514 883 634 907 matres
651 894 663 911 ‚
688 869 831 907 ostendit
851 870 886 911 in
911 869 995 910 libro
1018 869 1059 904 de

178 926 286 960 fausta
295 921 517 968 Virginitate-
541 922 630 970 Qia
642 921 759 966 nempe
781 933 823 956 ex
843 919 1059 959 Sacramentis

177 975 238 1010 fibi
256 976 294 1009 in
306 974 420 1009 fratres
444 984 482 1007 ac
504 973 627 1008 sorores
646 973 777 1016 pariunt
803 971 872 1014 ejus
895 968 1056 1003 membra.

177 1025 226 1060 Et
244 1025 282 1059 in
306 1022 369 1058 hac
388 1022 580 1067 accipienda
592 1021 820 1060 benedictione
844 1019 959 1053 Petrus
970 1018 1058 1062 Apo-

178 1074 282 1110 stolus
292 1072 383 1119 geffit
395 1073 567 1116 personam
578 1072 731 1106 omnium
742 1071 777 1104 in
800 1069 943 1104 Ecclesia
964 1068 1060 1112 justo·

177 1135 251 1160 rum
261 1149 274 1166 ,
299 1124 349 1158 uti
360 1123 457 1167 Judas
470 1123 506 1158 in
517 1121 714 1169 accipiendis
726 1119 918 1164 quibusdam
928 1118 1060 1153 maledi-

176 1173 340 1210 &ionibus
352 1173 459 1207 tenuit
469 1172 556 1208 vices
566 1171 718 1207 omnium
741 1169 920 1212 impiorum
940 1168 1061 1212 Judaeo-

176 1235 270 1259 rum.
298 1223 344 1257 Et
364 1223 407 1256 fic
417 1221 486 1257 haec
505 1222 621 1267 omnia
634 1218 717 1261 nihil
729 1219 855 1255 faciunt
875 1219 917 1254 ad
929 1220 1059 1265 praesen-

176 1283 246 1310 tem
268 1271 482 1318 quaestionem
495 1296 503 1304 .

227 1324 272 1358 Et
293 1321 429 1366 quidem
448 1332 492 1357 an
504 1319 617 1367 Regni
630 1319 781 1357 Coelestis
800 1320 906 1361 claves
919 1345 931 1362 ,
955 1319 1061 1355 &sol-

176 1373 360 1408 vendorum
385 1383 424 1407 ac
446 1370 719 1410 remittendorum
741 1381 951 1416 peccatorum
971 1379 1062 1415 pote-

177 1423 296 1458 statem
315 1421 472 1461 omnibus
492 1422 582 1467 justis
607 1423 661 1457 seu
684 1422 950 1462 rotiSanstorum
971 1432 1062 1456 com-

177 1473 336 1508 munioni
357 1473 494 1507 Sanetus
513 1471 719 1517 Augustinus
739 1471 820 1507 reae
839 1469 1036 1516 adscripserit
1051 1495 1063 1512 ,

177 1522 226 1558 est
245 1523 311 1559 alia
336 1521 470 1566 quaestio
484 1548 492 1556 .
519 1520 620 1569 Qud
640 1524 831 1559 Sanctorum
865 1522 1062 1558 communio.

176 1581 315 1615 operato
335 1571 619 1609 sacramentorum
639 1574 731 1618 operi
757 1585 796 1608 ac
819 1571 1062 1607 Initiandorum

176 1620 257 1658 fidei
281 1621 316 1656 &
338 1619 491 1659 charitati
517 1633 709 1665 cooperetur
728 1646 740 1661 ,
765 1624 800 1656 &
824 1622 892 1663 jam
916 1619 1063 1662 exposita

177 1669 305 1715 praestet
329 1668 455 1704 auxilia
476 1692 489 1710 ,
523 1679 650 1704 certum
674 1669 721 1704 est
741 1680 754 1713 ς
789 1667 901 1704 verum
936 1679 981 1703 an
1005 1667 1063 1703 ista

175 1719 378 1765 cooperandi
388 1719 490 1753 virtus
500 1719 538 1752 fit
551 1719 608 1754 illa
619 1714 782 1763 potestaS,
809 1729 909 1763 quam
931 1729 988 1762 per
1000 1718 1065 1753 cla.-

175 1780 235 1805 ves
255 1769 425 1808 Dominus
436 1767 528 1802 dedit
538 1767 660 1807 Petro,
684 1769 721 1803 δε
742 1779 785 1802 an
798 1769 931 1803 Sanctus
953 1768 1067 1812 Augu·

178 1820 309 1861 stinus,
332 1818 494 1854 consueto
515 1817 606 1852 Afris
629 1817 830 1857 notioribus
854 1828 968 1858 more,
995 1828 1065 1855 non

179 1869 332 1911 abutatur
342 1871 444 1904 Sacrae
452 1867 620 1912 Scriptura:
630 1867 750 1910 littera,
762 1867 809 1904 est
821 1868 914 1904 locus
925 1867 1065 1901 differta-

179 1920 290 1959 tioni.
318 1918 419 1955 Certe
441 1929 497 1962 per
518 1919 624 1953 claves
649 1930 688 1954 ac
698 1918 920 1958 tenendorum
943 1917 978 1952 &
1003 1916 1066 1951 sol-

179 1970 364 2006 vendorum
385 1978 594 2013 peccatorum
619 1968 810 2012 potestatem
828 1968 996 2003 Dominus
1016 1966 1067 2000 in-

179 2020 308 2055 tellexit
330 2017 556 2054 Sacerdotium
583 2029 620 2052 ac
648 2018 798 2054 Ecclefiae
818 2015 1064 2052 Hierarchiam.

180 2068 286 2117 Qod
305 2070 354 2104 eis
364 2069 554 2107 Sanstorum
576 2069 771 2103 communio
781 2078 996 2112 cooperetur,
1022 2077 1066 2100 et-

182 2119 249 2154 iam
259 2118 338 2154 huic
357 2118 449 2154 datas
462 2115 670 2160 Augustinus
681 2117 826 2150 censuit.
854 2114 985 2156 Nempe
1000 2113 1066 2147 alio

180 2169 218 2202 &
228 2169 296 2204 alio
306 2167 410 2206 modo
421 2190 429 2197 .
455 2165 560 2198 Tunc
572 2163 720 2198 adversus
732 2162 960 2201 Ecclesiasticae
970 2162 1067 2196 Ordi-

183 2216 332 2251 nationis
354 2216 602 2252 Sacramentum
641 2213 782 2248 necdum
814 2211 989 2257 litigabant
1015 2213 1070 2247 Sa·

183 2261 583 2302 eramentariiHaeretici‚
609 2260 689 2297 hinc
699 2262 758 2299 ille
773 2261 967 2305 loquebatur
987 2261 1065 2296 libe·

183 2314 272 2356 rius,
299 2314 334 2348 ὃς
355 2313 461 2347 varios
482 2311 584 2352 istos,
609 2312 813 2356 utpotetunc
836 2311 994 2353 omnibus
1008 2324 1064 2346 no-

183 2375 260 2405 tos,
286 2362 405 2400 modos
432 2360 542 2397 lucide
562 2372 637 2399 non
655 2361 828 2397 discrevit.
858 2362 947 2397 Dara
974 2371 1065 2396 extra

183 2413 362 2452 Ecclesiam
375 2414 584 2449 Sacramenta
593 2412 657 2450 este
668 2411 761 2448 firma
785 2411 821 2445 ὅ(
832 2411 937 2446 valida
948 2435 960 2452 ,
984 2410 1019 2445 &
1031 2412 1065 2446 in

182 2464 349 2501 conversis
361 2461 403 2499 ad
419 2462 530 2497 Deum
542 2461 696 2496 cordibus
718 2461 807 2505 posse
815 2461 852 2500 in
862 2471 979 2496 omnes
997 2472 1068 2505 gra-

183 2514 238 2548 tiae
255 2514 384 2551 effeetus
403 2510 614 2552 reviviscere,
640 2512 675 2547 δε
689 2510 751 2547 hos
773 2521 865 2546 extra
889 2510 1067 2546 Ecclesiam

183 2563 303 2607 sperari
325 2574 396 2596 non
410 2562 519 2604 posse,
546 2560 806 2596 demonstratum
828 2561 934 2595 voluit
950 2560 1069 2595 Dona-

185 2612 271 2648 tistis
288 2635 300 2652 ,
325 2610 466 2656 ideoque
500 2612 695 2649 Sanssorum
731 2611 1005 2649 communionem
1031 2622 1068 2646 ac

186 2661 258 2704 ejus
268 2659 491 2700 admirandam
503 2661 655 2696 virtutem
669 2660 862 2704 ampliffime
870 2660 1066 2698 elucIdavit.

184 2708 294 2759 Qdd
315 2709 542 2751 Hierarchicas
568 2710 674 2745 claves
693 2721 762 2745 non
784 2711 848 2746 toti
876 2711 1068 2747 Sanctorum

184 2759 419 2800 communioni
439 2784 451 2804 ,
487 2762 541 2801 sed
560 2761 622 2798 soli
644 2760 745 2799 Petro
764 2760 857 2797 datas
882 2761 1068 2804 censuerit,

930 2811 952 2825 r·

1828 160 1926 207 297

1121 220 1205 258 lucet
1214 233 1253 256 ex
1264 224 1421 269 vigesimo
1434 226 1525 260 sexto
1535 226 1682 260 sermone
1702 224 1743 260 de
1765 225 1908 261 diversis:
1938 230 1990 261 Pe-

1120 280 1184 308 trus
1210 275 1311 308 multIs
1330 276 1398 308 locis
1419 277 1640 317 Scripturarum
1663 284 1789 318 apparet
1810 277 1992 320 qubdpcrso-

1122 334 1192 354 nam
1197 323 1284 366 gestet
1296 323 1447 366 Ecclefiae.
1473 326 1608 359 Maxime
1617 327 1665 358 illo
1675 332 1707 358 in
1718 327 1792 366 loco,
1818 326 1992 360 ubidibi'um

1121 371 1178 411 est:
1203 373 1271 406 Tibi
1301 373 1377 407 dabo
1395 376 1497 409 claves
1520 379 1613 417 Regni
1637 376 1780 409 coelorum
1800 399 1807 407 .
1834 377 1993 418 Numquid
2010 384 2045 416 c.
2071 388 2100 414 6.

1120 421 1188 462 istas
1198 424 1300 457 claves
1311 426 1419 457 Petrus
1428 429 1539 466 accepit
1551 448 1561 464 ‚
1583 425 1617 457 Θ
1629 426 1737 459 Paulus
1749 437 1806 458 non
1816 432 1924 468 accepit
1936 450 1947 466 ,
1958 427 1993 459 (τ

1121 478 1219 507 caeteri
1231 473 1351 516 Apostoli
1361 474 1379 510 ,ἓ
1404 478 1464 510 Aut
1476 485 1533 508 non
1539 472 1614 520 sunt
1627 473 1689 514 1⁴stae
1701 480 1732 508 in
1745 473 1868 516 Ecclesia
1882 477 1994 517 claves,

1120 522 1170 553 ub}
1190 530 1310 563 peccata
1330 525 1460 565 quotidie*
1483 525 1702 558 dimittuntur?
1728 525 1788 557 Sed
1806 531 1943 567 quoniam
1960 530 1993 559 in

1115 570 1322 615 fignificatione
1356 571 1514 616 personam
1541 576 1650 606 Petrus
1680 571 1814 618 gestabat
1839 574 1992 615 Ecclefiae,

1120 623 1198 665 quod
1207 622 1250 655 illi
1261 628 1313 655 uni
1325 624 1430 655 datum
1449 623 1511 663 est,
1537 622 1674 663 Ecclefiae
1697 625 1803 657 datum
1828 622 1884 663 est.
1912 624 1995 658 Non

1120 671 1201 704 dicit
1214 694 1224 711 ,
1251 673 1344 715 ,Quod
1361 671 1496 714 Ecclefiae
1520 673 1626 705 datum
1647 672 1685 711 est
1713 697 1724 714 ,
1748 674 1792 706 illi
1813 674 1918 707 datum
1937 673 1973 714 est
1987 697 1997 712 ‚

1121 721 1173 754 sed
1192 732 1268 756 cum
1287 721 1453 766 emphasi,
1479 723 1571 766 ‚Quod
1588 722 1632 755 illi
1655 728 1708 754 un}
1730 725 1838 755 datum
1856 723 1893 764 est
1905 747 1915 764 ‚
1942 725 2000 757 Ec-

1120 769 1203 811 clefiae
1225 772 1330 805 datum
1341 770 1379 812 est
1389 797 1397 804 .
1425 771 1506 806 Hoc
1515 771 1580 812 est,
1607 770 1649 804 ab
1663 771 1725 806 illo
1736 782 1806 805 uno
1820 773 1912 806 fonte
1925 796 1936 812 ,
1962 773 1998 806 in

1120 831 1235 855 omnes
1259 821 1473 864 Apostolatus
1497 822 1531 856 ὅ(
1555 820 1771 865 Episcopatus
1782 821 1937 864 Collegas
1963 822 1998 857 &

1121 870 1319 909 successores
1338 870 1519 908 tradud’tum
1539 871 1586 906 est
1606 895 1618 912 ,
1644 870 1679 905 ὅ(
1704 871 1804 915 usque
1826 870 1867 905 ad
1898 871 2000 905 finem

1122 920 1227 954 saeculi
1252 920 1488 959 traducendum
1512 947 1521 956 .
1564 921 1732 965 Loquitur
1767 931 1845 956 cum
1885 920 2001 955 Sanno

1122 971 1245 1013 Optato
1264 971 1412 1012 adversus
1423 972 1698 1013 Parmenianum‚
1729 971 1765 1006 δε
1788 982 1865 1006 cum
1879 969 2003 1005 Catho-

1122 1021 1184 1053 lica
1204 1019 1345 1055 Ecclesia
1366 1021 1517 1056 adversus
1541 1021 1793 1062 Tertullianum
1811 1033 1820 1054 ε
1848 1019 2003 1055 Affirmat

1121 1071 1228 1105 claves
1247 1071 1406 1111 moriente
1419 1072 1517 1112 Petro
1541 1083 1609 1106 non
1621 1071 1715 1107 fuisse
1738 1071 1879 1106 sublatas
1893 1070 2005 1107 Eccle-

1122 1121 1169 1154 siae
1194 1131 1249 1155 aut
1270 1121 1434 1164 suspensas
1455 1145 1462 1152 .
1503 1121 1617 1163 Itaque
1643 1122 1679 1155 in
1704 1122 1778 1165 ipsis
1804 1120 2003 1166 accipiendis

1123 1170 1236 1205 Petrus
1246 1170 1488 1216 repraesentabat
1499 1170 1698 1209 Ecclesiam,
1724 1170 1894 1217 quomodo
1907 1171 2006 1208 Pater

1122 1219 1286 1264 posteros,
1311 1220 1386 1255 fons
1399 1220 1507 1262 rivos,
1533 1220 1627 1257 radix
1638 1229 1746 1256 ramos
1759 1244 1768 1253 .
1795 1219 1889 1253 Hinc
1904 1219 1938 1252 in
1948 1218 2009 1252 Pe-

1122 1279 1174 1310 tro
1195 1269 1434 1315 Apostolorum
1457 1269 1639 1307 Primatum
1671 1268 1847 1307 excellenti
1880 1267 2009 1314 gratia,

1122 1321 1157 1355 δε
1175 1320 1271 1356 omni
1291 1321 1507 1366 Episcopatui
1530 1319 1765 1364 praes'erendum
1793 1318 2011 1363 Apostolatus

1122 1370 1349 1415 Principatum
1367 1370 1601 1416 praeeminuisse
1626 1393 1640 1411 ,
1665 1368 1777 1408 scribit
1795 1368 1832 1402 in
1853 1367 1945 1402 libris
1968 1367 2011 1402 de

1124 1420 1393 1466 Baptismoidetn
1414 1420 1639 1467 Augustinus,
1667 1419 1712 1460 Et
1733 1419 1770 1459 in
1793 1417 1885 1452 libris
1897 1417 2013 1452 Retra-

1125 1472 1333 1512 fiationum:
1359 1477 1397 1505 In
1418 1471 1469 1505 boc
1490 1479 1594 1504 contra
1617 1472 1730 1502 Donati
1753 1466 1915 1510 Eptstolam
1939 1467 2012 1501 libro
2032 1479 2091 1511 Lib.
2103 1490 2129 1510 2,

1125 1522 1192 1558 dlxi
1201 1527 1234 1554 m
1245 1522 1372 1563 quodam
1392 1521 1449 1552 loco
1472 1521 1509 1552 de
1530 1517 1657 1561 qustolo
1669 1521 1759 1551 Petro
1771 1541 1781 1557 ,
1807 1518 1888 1559 quod
1908 1521 1941 1549 in
1960 1518 2013 1553 illo
2031 1529 2097 1559 cap.
2120 1527 2156 1548 10

1126 1578 1280 1611 tamquam
1291 1574 1324 1602 in
1338 1571 1431 1606 Petra
1444 1567 1582 1609 flandrita
1597 1566 1638 1609 fit
1650 1565 1777 1607 Ecclefia
1789 1587 1797 1597 .
1824 1568 1890 1608 ,ραι
1909 1563 2013 1608 senfin

1095 1650 1096 1653 ,
1126 1625 1220 1654 etlam
1237 1627 1379 1653 cantatur
1399 1630 1448 1653 ore
1468 1619 1625 1653 multorum
1645 1621 1678 1655 in
1699 1615 1827 1658 verfibus
1850 1616 2015 1655 Beatiffimi

1128 1667 1285 1710 Ambrosii,
1308 1668 1359 1708 ab}
1372 1669 1409 1704 de
1415 1669 1497 1712 gallo
1500 1668 1662 1713 gallinaclo
1696 1672 1760 1700 ait:
1788 1672 1849 1701 Hoc
1869 1663 1935 1708 ipsa
1959 1667 2015 1705 Pe·

1127 1727 1178 1752 tra
1190 1717 1323 1760 Ecclefiae
1332 1727 1458 1759 canente
1473 1718 1588 1759 culpam
1602 1716 1711 1751 diluit.
1739 1717 1800 1749 sed
1815 1713 1876 1757 scio
1896 1726 1941 1747 me
1963 1723 2016 1756 po-

1123 1767 1186 1809 steri
1202 1766 1355 1812 saepiffimd
1367 1767 1407 1811 fic
1416 1766 1572 1811 exposut'ffe
1585 1791 1596 1808 ,
1621 1767 1702 1809 quod
1725 1767 1746 1804 ὰ
1760 1768 1886 1804 Domino
1899 1763 2012 1802 dilium

1127 1817 1165 1857 5st
1175 1842 1186 1858 ‚
1211 1821 1256 1852 Tu
1267 1830 1299 1853 es
1311 1821 1419 1855 Petrus
1433 1842 1445 1860 ,
1467 1816 1599 1860 &super
1631 1816 1707 1849 banc
1719 1818 1844 1850 Petram
1863 1813 2014 1856 aedficabo

1128 1867 1284 1909 Ecclesiam
1294 1879 1415 1909 meam,
1441 1867 1574 1912 utsuper
1592 1866 1669 1900 hunc
1692 1867 1904 1909 intelligeretur
1930 1875 2015 1906 quem

1126 1916 1265 1959 confessus
1286 1918 1325 1958 est
1345 1921 1472 1957 Petrus,
1501 1919 1625 1958 dicens,
1653 1919 1697 1951 Tu
1721 1927 1751 1950 es
1774 1913 1908 1955 christus
1933 1913 2014 1957 filius

1129 1969 1283 2001 Deivivi:
1311 1970 1351 1999 Ac
1366 1965 1396 2007 fi
1403 1969 1516 2000 Petrus
1539 1968 1579 2000 ab
1592 1967 1746 2007 hacpetra
1759 1967 1929 2007 appellatus
1948 1972 2016 2006 per-

1125 2015 1228 2059 sonam
1249 2014 1383 2059 Ecclefiae
1399 2016 1565 2060 figuraret,
1594 2027 1662 2059 quae
1687 2014 1774 2059 super
1793 2015 1872 2050 hanc
1895 2022 2015 2056 petram

1128 2063 1296 2105 aedificatur
1310 2087 1321 2103 ,
1346 2066 1381 2097 (δ’
1392 2072 1505 2106 acceplt
1517 2068 1619 2100 claves
1643 2069 1740 2109 Regni
1751 2067 1896 2100 Coelorum
1909 2090 1916 2096 .
1945 2069 2017 2097 Non

1126 2117 1207 2146 enim
1219 2112 1330 2146 dilium
1341 2111 1458 2152 estilli,
1483 2116 1529 2144 Tu
1549 2124 1580 2146 es
1597 2117 1711 2153 Petra,
1732 2114 1809 2156 sed,
1836 2118 1880 2147 Tu
1904 2126 1934 2147 es
1962 2118 2019 2148 Pe-

1129 2171 1212 2203 trus,
1240 2164 1334 2195 Petra
1355 2169 1456 2194 autem
1479 2171 1546 2194 erat
1569 2161 1700 2200 cbristus
1726 2184 1738 2200 ,
1763 2172 1851 2203 quem
1875 2162 1959 2203 confr
1980 2175 2017 2198 us

1128 2214 1226 2245 Simon
1237 2235 1249 2252 ,
1267 2210 1341 2254 ficut
1358 2221 1422 2243 eum
1434 2219 1498 2243 tota
1510 2209 1637 2253 Ecclesia
1653 2210 1808 2253 confitetur
1818 2235 1830 2250 ,
1856 2211 1953 2245 davus
1979 2212 2016 2252 est

1129 2264 1240 2295 Petrus
1256 2287 1263 2294 .
1291 2265 1407 2295 Harum
1418 2268 1517 2295 autem
1531 2262 1661 2294 duarum
1674 2259 1891 2303 sententiarum
1903 2262 2015 2304 quaefit

1114 2326 1117 2336 ·
1127 2310 1308 2356 probabilior
1331 2334 1342 2351 ,
1367 2310 1459 2354 eligat
1480 2310 1602 2350 Lec‘torf
1637 2311 1763 2352 firmat
1784 2323 1854 2345 non
1878 2311 2013 2347 Petrum

1130 2362 1223 2404 supra
1245 2359 1422 2394 Ecclesiam
1443 2382 1455 2400 ,
1481 2360 1535 2394 sed
1558 2360 1735 2397 Ecclesiam
1757 2362 1853 2405 supra
1875 2361 2013 2397 Petrum

1130 2414 1193 2446 esse
1211 2409 1404 2448 aedificatam
1424 2433 1436 2451 ,
1462 2409 1602 2456 ideoque
1626 2412 1733 2455 ipsum
1756 2411 1792 2445 in
1814 2411 2013 2455 accipiendis

1130 2461 1276 2495 clavibus
1288 2460 1422 2506 gestasse
1434 2460 1503 2503 ejus
1514 2462 1682 2504 personam
1695 2475 1702 2500 ;
1729 2460 1860 2506 Nempe
1879 2463 1927 2496 uti
1950 2463 2012 2496 ori-

1131 2521 1175 2556 go
1187 2512 1269 2556 gerit
1281 2511 1452 2554 personam
1462 2521 1501 2544 ex
1514 2511 1581 2555 ipsa
1590 2511 1840 2554 pullulantium.
1870 2511 1914 2549 Et
1934 2511 2012 2547 talia

1130 2557 1312 2605 'Augustini
1333 2571 1393 2604 pro
1415 2561 1535 2596 Sancto
1557 2561 1657 2596 Petro
1681 2561 1869 2602 testimonia
1891 2562 2013 2605 possint

1134 2613 1237 2645 multa
1250 2609 1387 2645 adduci.
1413 2611 1578 2658 roirca
1589 2610 1842 2651 fundamentum
1852 2636 1863 2652 ,
1888 2623 1931 2645 ex
1944 2623 2012 2655 quo

1133 2663 1271 2706 Joannes
1284 2661 1411 2696 Gerson
1439 2672 1476 2695 ac
1488 2661 1717 2696 Bafileensium
1729 2663 1887 2696 Dostores
1897 2661 2012 2695 educe·

1134 2723 1166 2747 re
1177 2712 1287 2746 conati
1300 2712 1375 2746 sunt
1389 2709 1582 2746 Romanum
1593 2711 1793 2756 Episcopum
1815 2710 1937 2747 subesse
1953 2711 2011 2761 Sy·

1113 2805 1116 2809 .
1135 2762 1254 2809 nodis,
1278 2753 1481 2804 &caducum
1506 2761 1553 2797 est
1580 2763 1614 2799 ἀ
1628 2761 1762 2800 falsum.

2036 2091 2092 2123 Lib.
2109 2101 2131 2122 r.

2033 2142 2095 2172 cap·
2108 2145 2121 2163 ι
2131 2144 2151 2163 ι-

1787 3461 1960 3498 CANON
