<?xml version="1.0" encoding="UTF-8"?>
<!DOCTYPE html PUBLIC "-//W3C//DTD XHTML 1.0 Transitional//EN"
    "http://www.w3.org/TR/xhtml1/DTD/xhtml1-transitional.dtd">
<html xmlns="http://www.w3.org/1999/xhtml" xml:lang="en" lang="en">
 <head>
  <title>
</title>
<meta http-equiv="Content-Type" content="text/html;charset=utf-8" />
  <meta name='ocr-system' content='tesseract 3.04.00' />
  <meta name='ocr-capabilities' content='ocr_page ocr_carea ocr_par ocr_line ocrx_word'/>
</head>
<body>
  <div class='ocr_page' id='page_1' title='image "./operaomniastudio05lupuuoft/operaomniastudio05lupuuoft_0333.png"; bbox 0 0 2366 3756; ppageno 0'>
   <div class='ocr_carea' id='block_1_1' title="bbox 53 2309 171 2344">
    <p class='ocr_par' dir='ltr' id='par_1_1' title="bbox 53 2309 171 2344">
     <span class='ocr_line' id='line_1_1' title="bbox 53 2309 171 2344; baseline -0.008 -8"><span class='ocrx_word' id='word_1_1' title='bbox 53 2309 99 2344; x_wconf 69' lang='lat' dir='ltr'>Ep.</span> <span class='ocrx_word' id='word_1_2' title='bbox 123 2309 171 2341; x_wconf 79' lang='lat'>96.</span> 
     </span>
    </p>
   </div>
   <div class='ocr_carea' id='block_1_2' title="bbox 879 98 1361 142">
    <p class='ocr_par' dir='ltr' id='par_1_2' title="bbox 879 98 1361 142">
     <span class='ocr_line' id='line_1_2' title="bbox 879 98 1361 142; baseline -0.006 0"><span class='ocrx_word' id='word_1_3' title='bbox 879 98 1361 142; x_wconf 70' lang='lat' dir='ltr'>D-xcrA&#39;rus.</span> 
     </span>
    </p>
   </div>
   <div class='ocr_carea' id='block_1_3' title="bbox 1882 113 1969 155">
    <p class='ocr_par' dir='ltr' id='par_1_3' title="bbox 1882 113 1969 155">
     <span class='ocr_line' id='line_1_3' title="bbox 1882 113 1969 155; baseline 0.011 -1"><span class='ocrx_word' id='word_1_4' title='bbox 1882 113 1969 155; x_wconf 83' lang='lat'>323</span> 
     </span>
    </p>
   </div>
   <div class='ocr_carea' id='block_1_4' title="bbox 205 178 1667 226">
    <p class='ocr_par' dir='ltr' id='par_1_4' title="bbox 205 178 1667 226">
     <span class='ocr_line' id='line_1_4' title="bbox 205 178 1667 226; baseline -0.004 -10"><span class='ocrx_word' id='word_1_5' title='bbox 205 189 378 217; x_wconf 85' lang='lat' dir='ltr'>manorum</span> <span class='ocrx_word' id='word_1_6' title='bbox 391 179 593 214; x_wconf 78' lang='lat' dir='ltr'>Pontificum</span> <span class='ocrx_word' id='word_1_7' title='bbox 606 201 616 218; x_wconf 93' lang='lat'>,</span> <span class='ocrx_word' id='word_1_8' title='bbox 644 178 696 213; x_wconf 86' lang='lat' dir='ltr'>sed</span> <span class='ocrx_word' id='word_1_9' title='bbox 722 179 755 213; x_wconf 75' lang='grc' dir='ltr'>ἀ</span> <span class='ocrx_word' id='word_1_10' title='bbox 767 180 958 223; x_wconf 81' lang='lat' dir='ltr'>quorumvis</span> <span class='ocrx_word' id='word_1_11' title='bbox 970 179 1104 222; x_wconf 84' lang='lat' dir='ltr'>Episco-</span> <span class='ocrx_word' id='word_1_12' title='bbox 1142 180 1147 226; x_wconf 56' lang='grc' dir='ltr'>ξ</span> <span class='ocrx_word' id='word_1_13' title='bbox 1164 178 1255 214; x_wconf 86' lang='lat' dir='ltr'>locus</span> <span class='ocrx_word' id='word_1_14' title='bbox 1267 190 1334 211; x_wconf 89' lang='lat' dir='ltr'>non</span> <span class='ocrx_word' id='word_1_15' title='bbox 1349 178 1446 213; x_wconf 82' lang='lat' dir='ltr'>debet</span> <span class='ocrx_word' id='word_1_16' title='bbox 1458 190 1518 213; x_wconf 90' lang='lat' dir='ltr'>nos</span> <span class='ocrx_word' id='word_1_17' title='bbox 1530 179 1667 214; x_wconf 86' lang='lat' dir='ltr'>morari.</span> 
     </span>
    </p>
   </div>
   <div class='ocr_carea' id='block_1_5' title="bbox 204 224 1116 3367">
    <p class='ocr_par' dir='ltr' id='par_1_5' title="bbox 204 224 1102 523">
     <span class='ocr_line' id='line_1_5' title="bbox 206 224 1100 275; baseline -0.004 -9"><span class='ocrx_word' id='word_1_18' title='bbox 206 243 322 275; x_wconf 86' lang='lat' dir='ltr'>porum</span> <span class='ocrx_word' id='word_1_19' title='bbox 335 230 545 275; x_wconf 80' lang='lat' dir='ltr'>querimoniae</span> <span class='ocrx_word' id='word_1_20' title='bbox 567 230 600 263; x_wconf 70' lang='grc' dir='ltr'>ὃς</span> <span class='ocrx_word' id='word_1_21' title='bbox 623 227 898 267; x_wconf 69' lang='lat' dir='ltr'>contradistiones</span> <span class='ocrx_word' id='word_1_22' title='bbox 915 253 922 260; x_wconf 91' lang='lat'><strong>.</strong></span> <span class='ocrx_word' id='word_1_23' title='bbox 952 224 1005 262; x_wconf 76' lang='lat' dir='ltr'>Etv</span> <span class='ocrx_word' id='word_1_24' title='bbox 1022 227 1100 262; x_wconf 86' lang='lat' dir='ltr'>hinc</span> 
     </span>
     <span class='ocr_line' id='line_1_6' title="bbox 206 277 1100 325; baseline -0.003 -11"><span class='ocrx_word' id='word_1_25' title='bbox 206 292 313 325; x_wconf 81' lang='lat' dir='ltr'>patet,</span> <span class='ocrx_word' id='word_1_26' title='bbox 340 281 430 325; x_wconf 80' lang='lat' dir='ltr'>quod</span> <span class='ocrx_word' id='word_1_27' title='bbox 452 281 496 314; x_wconf 90' lang='lat' dir='ltr'>D.</span> <span class='ocrx_word' id='word_1_28' title='bbox 524 279 796 322; x_wconf 82' lang='lat' dir='ltr'>Archiepiscopus</span> <span class='ocrx_word' id='word_1_29' title='bbox 824 277 954 321; x_wconf 78' lang='lat' dir='ltr'>peffime</span> <span class='ocrx_word' id='word_1_30' title='bbox 978 279 1100 312; x_wconf 85' lang='lat' dir='ltr'>adserat</span> 
     </span>
     <span class='ocr_line' id='line_1_7' title="bbox 204 327 1102 374; baseline -0.003 -9"><span class='ocrx_word' id='word_1_31' title='bbox 204 333 345 374; x_wconf 85' lang='lat' dir='ltr'>ipsarum</span> <span class='ocrx_word' id='word_1_32' title='bbox 357 331 442 365; x_wconf 87' lang='lat' dir='ltr'>olim</span> <span class='ocrx_word' id='word_1_33' title='bbox 457 330 506 373; x_wconf 83' lang='lat' dir='ltr'>jus</span> <span class='ocrx_word' id='word_1_34' title='bbox 517 329 719 373; x_wconf 79' lang='lat' dir='ltr'>competiiffe</span> <span class='ocrx_word' id='word_1_35' title='bbox 747 327 910 373; x_wconf 86' lang='lat' dir='ltr'>Augustis</span> <span class='ocrx_word' id='word_1_36' title='bbox 940 327 1102 371; x_wconf 78' lang='lat' dir='ltr'>Principi-</span> 
     </span>
     <span class='ocr_line' id='line_1_8' title="bbox 207 378 1100 429; baseline -0.004 -14"><span class='ocrx_word' id='word_1_37' title='bbox 207 381 290 420; x_wconf 71' lang='lat' dir='ltr'>bus,-</span> <span class='ocrx_word' id='word_1_38' title='bbox 316 382 421 429; x_wconf 77' lang='lat' dir='ltr'>Qiod</span> <span class='ocrx_word' id='word_1_39' title='bbox 433 380 563 425; x_wconf 73' lang='lat' dir='ltr'>peffime</span> <span class='ocrx_word' id='word_1_40' title='bbox 573 379 695 414; x_wconf 85' lang='lat' dir='ltr'>adserat</span> <span class='ocrx_word' id='word_1_41' title='bbox 711 379 814 413; x_wconf 86' lang='lat' dir='ltr'>solam</span> <span class='ocrx_word' id='word_1_42' title='bbox 840 378 932 411; x_wconf 87' lang='lat' dir='ltr'>istius</span> <span class='ocrx_word' id='word_1_43' title='bbox 955 378 1100 423; x_wconf 86' lang='lat' dir='ltr'>Augusti</span> 
     </span>
     <span class='ocr_line' id='line_1_9' title="bbox 207 428 1100 475; baseline -0.004 -10"><span class='ocrx_word' id='word_1_44' title='bbox 207 431 570 475; x_wconf 78' lang='lat' dir='ltr'>juriscommunionem</span> <span class='ocrx_word' id='word_1_45' title='bbox 596 430 688 466; x_wconf 77' lang='lat' dir='ltr'>fuiffe</span> <span class='ocrx_word' id='word_1_46' title='bbox 712 429 870 463; x_wconf 89' lang='lat' dir='ltr'>Romano</span> <span class='ocrx_word' id='word_1_47' title='bbox 893 428 1059 473; x_wconf 83' lang='lat' dir='ltr'>Episcopo</span> <span class='ocrx_word' id='word_1_48' title='bbox 1083 429 1100 465; x_wconf 72' lang='grc' dir='ltr'>ὲ</span> 
     </span>
     <span class='ocr_line' id='line_1_10' title="bbox 208 481 794 523; baseline -0.009 -7"><span class='ocrx_word' id='word_1_49' title='bbox 208 482 386 516; x_wconf 85' lang='lat' dir='ltr'>Sardicenfi</span> <span class='ocrx_word' id='word_1_50' title='bbox 399 481 555 517; x_wconf 79' lang='lat' dir='ltr'>Concilio</span> <span class='ocrx_word' id='word_1_51' title='bbox 571 481 770 523; x_wconf 79' lang='lat' dir='ltr'>impartitam</span> <span class='ocrx_word' id='word_1_52' title='bbox 787 503 794 514; x_wconf 86' lang='lat'><strong>.</strong></span> 
     </span>
    </p>

    <p class='ocr_par' dir='ltr' id='par_1_6' title="bbox 209 527 1116 3164">
     <span class='ocr_line' id='line_1_11' title="bbox 261 527 1101 575; baseline -0.006 -9"><span class='ocrx_word' id='word_1_53' title='bbox 261 532 366 566; x_wconf 72' lang='lat' dir='ltr'>Porro</span> <span class='ocrx_word' id='word_1_54' title='bbox 378 535 524 566; x_wconf 78' lang='lat' dir='ltr'>Socrates</span> <span class='ocrx_word' id='word_1_55' title='bbox 538 531 628 575; x_wconf 88' lang='lat' dir='ltr'>plura</span> <span class='ocrx_word' id='word_1_56' title='bbox 641 532 827 572; x_wconf 81' lang='lat' dir='ltr'>frequenter</span> <span class='ocrx_word' id='word_1_57' title='bbox 845 527 880 562; x_wconf 90' lang='lat'>&amp;</span> <span class='ocrx_word' id='word_1_58' title='bbox 904 529 990 563; x_wconf 83' lang='lat' dir='ltr'>varia</span> <span class='ocrx_word' id='word_1_59' title='bbox 1012 539 1101 563; x_wconf 88' lang='lat' dir='ltr'>com-</span> 
     </span>
     <span class='ocr_line' id='line_1_12' title="bbox 218 579 1100 626; baseline -0.006 -10"><span class='ocrx_word' id='word_1_60' title='bbox 218 582 341 626; x_wconf 87' lang='lat' dir='ltr'>pendio</span> <span class='ocrx_word' id='word_1_61' title='bbox 355 582 546 616; x_wconf 80' lang='lat' dir='ltr'>concludit:</span> <span class='ocrx_word' id='word_1_62' title='bbox 576 581 618 615; x_wconf 88' lang='lat' dir='ltr'>Et</span> <span class='ocrx_word' id='word_1_63' title='bbox 635 580 732 624; x_wconf 63' lang='lat' dir='ltr'>quarn</span> <span class='ocrx_word' id='word_1_64' title='bbox 743 579 812 621; x_wconf 88' lang='lat' dir='ltr'>ejus</span> <span class='ocrx_word' id='word_1_65' title='bbox 824 579 1020 622; x_wconf 82' lang='lat' dir='ltr'>compendia</span> <span class='ocrx_word' id='word_1_66' title='bbox 1040 579 1100 611; x_wconf 79' lang='lat' dir='ltr'>sint</span> 
     </span>
     <span class='ocr_line' id='line_1_13' title="bbox 212 628 1102 678; baseline -0.004 -12"><span class='ocrx_word' id='word_1_67' title='bbox 212 632 414 676; x_wconf 87' lang='lat' dir='ltr'>quandoque</span> <span class='ocrx_word' id='word_1_68' title='bbox 426 632 652 678; x_wconf 67' lang='lat' dir='ltr'>inconcinna,</span> <span class='ocrx_word' id='word_1_69' title='bbox 678 630 800 664; x_wconf 85' lang='lat' dir='ltr'>docent</span> <span class='ocrx_word' id='word_1_70' title='bbox 813 640 849 662; x_wconf 88' lang='lat' dir='ltr'>ea</span> <span class='ocrx_word' id='word_1_71' title='bbox 860 638 931 673; x_wconf 81' lang='lat' dir='ltr'>quae</span> <span class='ocrx_word' id='word_1_72' title='bbox 940 629 1050 664; x_wconf 83' lang='lat' dir='ltr'>scribit</span> <span class='ocrx_word' id='word_1_73' title='bbox 1061 628 1102 667; x_wconf 84' lang='lat' dir='ltr'>de</span> 
     </span>
     <span class='ocr_line' id='line_1_14' title="bbox 211 678 1102 723; baseline -0.006 -7"><span class='ocrx_word' id='word_1_74' title='bbox 211 681 357 717; x_wconf 84' lang='lat' dir='ltr'>secundo</span> <span class='ocrx_word' id='word_1_75' title='bbox 387 682 526 715; x_wconf 87' lang='lat' dir='ltr'>Canone</span> <span class='ocrx_word' id='word_1_76' title='bbox 563 680 963 723; x_wconf 84' lang='lat' dir='ltr'>Constantinopolitano.</span> <span class='ocrx_word' id='word_1_77' title='bbox 992 678 1102 712; x_wconf 86' lang='lat' dir='ltr'>Cano-</span> 
     </span>
     <span class='ocr_line' id='line_1_15' title="bbox 212 727 1103 775; baseline -0.007 -8"><span class='ocrx_word' id='word_1_78' title='bbox 212 744 289 767; x_wconf 86' lang='lat' dir='ltr'>nem</span> <span class='ocrx_word' id='word_1_79' title='bbox 310 743 385 771; x_wconf 82' lang='lat' dir='ltr'>curn</span> <span class='ocrx_word' id='word_1_80' title='bbox 410 733 538 775; x_wconf 82' lang='lat' dir='ltr'>penitus</span> <span class='ocrx_word' id='word_1_81' title='bbox 557 732 714 775; x_wconf 84' lang='lat' dir='ltr'>disparata</span> <span class='ocrx_word' id='word_1_82' title='bbox 738 730 849 774; x_wconf 78' lang='lat' dir='ltr'>magni</span> <span class='ocrx_word' id='word_1_83' title='bbox 875 727 1103 763; x_wconf 74' lang='lat' dir='ltr'>‘Theodofile-</span> 
     </span>
     <span class='ocr_line' id='line_1_16' title="bbox 211 778 1101 827; baseline -0.006 -11"><span class='ocrx_word' id='word_1_84' title='bbox 211 794 252 827; x_wconf 88' lang='lat' dir='ltr'>ge</span> <span class='ocrx_word' id='word_1_85' title='bbox 264 781 458 820; x_wconf 84' lang='lat' dir='ltr'>confundit.</span> <span class='ocrx_word' id='word_1_86' title='bbox 485 781 615 821; x_wconf 82' lang='lat' dir='ltr'>Eodem</span> <span class='ocrx_word' id='word_1_87' title='bbox 633 780 694 816; x_wconf 76' lang='lat' dir='ltr'>vhie</span> <span class='ocrx_word' id='word_1_88' title='bbox 720 781 821 814; x_wconf 84' lang='lat' dir='ltr'>modo</span> <span class='ocrx_word' id='word_1_89' title='bbox 843 780 955 816; x_wconf 73' lang='lat' dir='ltr'>trastat</span> <span class='ocrx_word' id='word_1_90' title='bbox 981 778 1101 823; x_wconf 84' lang='lat' dir='ltr'>Cyrilli</span> 
     </span>
     <span class='ocr_line' id='line_1_17' title="bbox 210 828 1103 874; baseline -0.006 -8"><span class='ocrx_word' id='word_1_91' title='bbox 210 831 367 871; x_wconf 65' lang='lat' dir='ltr'>delielum</span> <span class='ocrx_word' id='word_1_92' title='bbox 390 857 397 863; x_wconf 96' lang='lat'>.</span> <span class='ocrx_word' id='word_1_93' title='bbox 439 831 579 866; x_wconf 83' lang='lat' dir='ltr'>Videtur</span> <span class='ocrx_word' id='word_1_94' title='bbox 613 830 760 874; x_wconf 87' lang='lat' dir='ltr'>Cyrillus</span> <span class='ocrx_word' id='word_1_95' title='bbox 784 831 802 865; x_wconf 70' lang='grc' dir='ltr'>ὲ</span> <span class='ocrx_word' id='word_1_96' title='bbox 833 830 895 870; x_wconf 72' lang='lat' dir='ltr'>suae</span> <span class='ocrx_word' id='word_1_97' title='bbox 919 828 1103 863; x_wconf 71' lang='lat' dir='ltr'>Provincia:</span> 
     </span>
     <span class='ocr_line' id='line_1_18' title="bbox 211 879 1103 925; baseline -0.003 -10"><span class='ocrx_word' id='word_1_98' title='bbox 211 880 350 925; x_wconf 85' lang='lat' dir='ltr'>Synodo</span> <span class='ocrx_word' id='word_1_99' title='bbox 364 881 538 915; x_wconf 85' lang='lat' dir='ltr'>damnatus</span> <span class='ocrx_word' id='word_1_100' title='bbox 559 881 745 925; x_wconf 79' lang='lat' dir='ltr'>confugisse</span> <span class='ocrx_word' id='word_1_101' title='bbox 755 880 795 914; x_wconf 89' lang='lat' dir='ltr'>ad</span> <span class='ocrx_word' id='word_1_102' title='bbox 812 879 1103 924; x_wconf 80' lang='lat' dir='ltr'>Augustum-Con-</span> 
     </span>
     <span class='ocr_line' id='line_1_19' title="bbox 212 928 1098 977; baseline -0.007 -11"><span class='ocrx_word' id='word_1_103' title='bbox 212 932 367 969; x_wconf 81' lang='lat' dir='ltr'>stantium</span> <span class='ocrx_word' id='word_1_104' title='bbox 382 955 393 970; x_wconf 94' lang='lat'><em>‚</em></span> <span class='ocrx_word' id='word_1_105' title='bbox 420 930 520 974; x_wconf 86' lang='lat' dir='ltr'>atque</span> <span class='ocrx_word' id='word_1_106' title='bbox 542 932 586 964; x_wconf 86' lang='lat' dir='ltr'>ita</span> <span class='ocrx_word' id='word_1_107' title='bbox 609 930 776 976; x_wconf 80' lang='lat' dir='ltr'>impegiffe</span> <span class='ocrx_word' id='word_1_108' title='bbox 799 931 834 964; x_wconf 90' lang='lat' dir='ltr'>in</span> <span class='ocrx_word' id='word_1_109' title='bbox 859 928 1098 977; x_wconf 80' lang='lat' dir='ltr'>duodecimum</span> 
     </span>
     <span class='ocr_line' id='line_1_20' title="bbox 213 979 1101 1025; baseline -0.009 -8"><span class='ocrx_word' id='word_1_110' title='bbox 213 983 388 1021; x_wconf 78' lang='lat' dir='ltr'>Canonem</span> <span class='ocrx_word' id='word_1_111' title='bbox 413 980 667 1021; x_wconf 77' lang='lat' dir='ltr'>Antiochenum</span> <span class='ocrx_word' id='word_1_112' title='bbox 691 994 698 1014; x_wconf 71' lang='grc' dir='ltr'><strong><em>ι</em></strong></span> <span class='ocrx_word' id='word_1_113' title='bbox 728 981 770 1014; x_wconf 89' lang='lat' dir='ltr'>Et</span> <span class='ocrx_word' id='word_1_114' title='bbox 790 979 925 1021; x_wconf 78' lang='lat' dir='ltr'>quidem</span> <span class='ocrx_word' id='word_1_115' title='bbox 941 979 1101 1025; x_wconf 16' lang='lat' dir='ltr'>*omnium</span> 
     </span>
     <span class='ocr_line' id='line_1_21' title="bbox 209 1026 1103 1079; baseline -0.008 -12"><span class='ocrx_word' id='word_1_116' title='bbox 209 1032 354 1079; x_wconf 9' lang='lat' dir='ltr'>optimust</span> <span class='ocrx_word' id='word_1_117' title='bbox 383 1030 523 1066; x_wconf 85' lang='lat' dir='ltr'>Videtur</span> <span class='ocrx_word' id='word_1_118' title='bbox 538 1031 621 1064; x_wconf 82' lang='lat' dir='ltr'>intra</span> <span class='ocrx_word' id='word_1_119' title='bbox 640 1027 815 1070; x_wconf 73' lang='lat' dir='ltr'>Orientem</span> <span class='ocrx_word' id='word_1_120' title='bbox 839 1028 962 1073; x_wconf 82' lang='lat' dir='ltr'>primus</span> <span class='ocrx_word' id='word_1_121' title='bbox 974 1026 1103 1065; x_wconf 70' lang='lat' dir='ltr'>fecisse,</span> 
     </span>
     <span class='ocr_line' id='line_1_22' title="bbox 215 1076 1103 1125; baseline -0.007 -10"><span class='ocrx_word' id='word_1_122' title='bbox 215 1082 305 1124; x_wconf 88' lang='lat' dir='ltr'>quod</span> <span class='ocrx_word' id='word_1_123' title='bbox 332 1081 426 1125; x_wconf 86' lang='lat' dir='ltr'>primi</span> <span class='ocrx_word' id='word_1_124' title='bbox 451 1081 484 1113; x_wconf 94' lang='lat' dir='ltr'>in</span> <span class='ocrx_word' id='word_1_125' title='bbox 511 1079 696 1114; x_wconf 84' lang='lat' dir='ltr'>Occidente</span> <span class='ocrx_word' id='word_1_126' title='bbox 719 1079 866 1111; x_wconf 90' lang='lat' dir='ltr'>fecerunt</span> <span class='ocrx_word' id='word_1_127' title='bbox 900 1076 1103 1115; x_wconf 76' lang='lat' dir='ltr'>Donatistae,</span> 
     </span>
     <span class='ocr_line' id='line_1_23' title="bbox 214 1126 1103 1179; baseline -0.01 -13"><span class='ocrx_word' id='word_1_128' title='bbox 214 1134 257 1166; x_wconf 91' lang='lat' dir='ltr'>de</span> <span class='ocrx_word' id='word_1_129' title='bbox 280 1130 399 1179; x_wconf 80' lang='lat' dir='ltr'>quibus</span> <span class='ocrx_word' id='word_1_130' title='bbox 422 1130 462 1166; x_wconf 79' lang='lat' dir='ltr'>ad</span> <span class='ocrx_word' id='word_1_131' title='bbox 484 1131 516 1171; x_wconf 83' lang='lat' dir='ltr'>se</span> <span class='ocrx_word' id='word_1_132' title='bbox 541 1127 781 1174; x_wconf 71' lang='lat' dir='ltr'>appellantibus</span> <span class='ocrx_word' id='word_1_133' title='bbox 803 1126 928 1169; x_wconf 77' lang='lat' dir='ltr'>&#39;scripsit</span> <span class='ocrx_word' id='word_1_134' title='bbox 960 1127 1103 1170; x_wconf 89' lang='lat' dir='ltr'>Magnus</span> 
     </span>
     <span class='ocr_line' id='line_1_24' title="bbox 217 1176 1101 1221; baseline -0.007 -6"><span class='ocrx_word' id='word_1_135' title='bbox 217 1182 459 1217; x_wconf 80' lang='lat' dir='ltr'>Constantinus</span> <span class='ocrx_word' id='word_1_136' title='bbox 480 1194 490 1214; x_wconf 88' lang='lat'>.·</span> <span class='ocrx_word' id='word_1_137' title='bbox 519 1183 699 1221; x_wconf 78' lang='lat' dir='ltr'>Perquirunt</span> <span class='ocrx_word' id='word_1_138' title='bbox 718 1176 877 1215; x_wconf 76' lang='lat' dir='ltr'>saecularia</span> <span class='ocrx_word' id='word_1_139' title='bbox 893 1177 1035 1218; x_wconf 82' lang='lat' dir='ltr'>judicia,</span> <span class='ocrx_word' id='word_1_140' title='bbox 1065 1186 1101 1209; x_wconf 72' lang='lat' dir='ltr'>rev</span> 
     </span>
     <span class='ocr_line' id='line_1_25' title="bbox 214 1226 1107 1274; baseline -0.008 -10"><span class='ocrx_word' id='word_1_141' title='bbox 214 1234 377 1274; x_wconf 72' lang='lat' dir='ltr'>linquentes</span> <span class='ocrx_word' id='word_1_142' title='bbox 405 1229 525 1268; x_wconf 79' lang='lat' dir='ltr'>coelestia</span> <span class='ocrx_word' id='word_1_143' title='bbox 546 1254 554 1261; x_wconf 81' lang='lat'><strong>.</strong></span> <span class='ocrx_word' id='word_1_144' title='bbox 581 1233 606 1260; x_wconf 93' lang='grc' dir='ltr'><strong><em>ο</em></strong></span> <span class='ocrx_word' id='word_1_145' title='bbox 631 1227 738 1264; x_wconf 72' lang='lat' dir='ltr'>rabida</span> <span class='ocrx_word' id='word_1_146' title='bbox 756 1226 873 1268; x_wconf 84' lang='lat' dir='ltr'>furoris</span> <span class='ocrx_word' id='word_1_147' title='bbox 894 1228 1038 1260; x_wconf 77' lang='lat' dir='ltr'>audacia.</span> <span class='ocrx_word' id='word_1_148' title='bbox 1064 1227 1107 1257; x_wconf 80' lang='lat'><em>51¹-</em></span> 
     </span>
     <span class='ocr_line' id='line_1_26' title="bbox 213 1275 1107 1325; baseline -0.01 -9"><span class='ocrx_word' id='word_1_149' title='bbox 213 1292 262 1317; x_wconf 81' lang='lat' dir='ltr'>cut</span> <span class='ocrx_word' id='word_1_150' title='bbox 287 1286 318 1313; x_wconf 81' lang='lat' dir='ltr'>in</span> <span class='ocrx_word' id='word_1_151' title='bbox 341 1279 430 1320; x_wconf 81' lang='lat' dir='ltr'>caufis</span> <span class='ocrx_word' id='word_1_152' title='bbox 447 1284 584 1323; x_wconf 80' lang='lat' dir='ltr'>gentium</span> <span class='ocrx_word' id='word_1_153' title='bbox 600 1278 670 1321; x_wconf 84' lang='lat' dir='ltr'>fieri</span> <span class='ocrx_word' id='word_1_154' title='bbox 690 1276 764 1321; x_wconf 84' lang='lat' dir='ltr'>solet</span> <span class='ocrx_word' id='word_1_155' title='bbox 778 1301 789 1317; x_wconf 91' lang='lat'>,</span> <span class='ocrx_word' id='word_1_156' title='bbox 813 1277 1040 1325; x_wconf 77' lang='lat' dir='ltr'>appellationem</span> <span class='ocrx_word' id='word_1_157' title='bbox 1063 1275 1107 1308; x_wconf 74' lang='lat' dir='ltr'>in-</span> 
     </span>
     <span class='ocr_line' id='line_1_27' title="bbox 215 1328 1110 1374; baseline -0.006 -11"><span class='ocrx_word' id='word_1_158' title='bbox 215 1328 419 1374; x_wconf 76' lang='lat' dir='ltr'>terposuerunt</span> <span class='ocrx_word' id='word_1_159' title='bbox 450 1353 456 1361; x_wconf 89' lang='lat'>.</span> <span class='ocrx_word' id='word_1_160' title='bbox 486 1332 612 1362; x_wconf 76' lang='lat' dir='ltr'>Etenim</span> <span class='ocrx_word' id='word_1_161' title='bbox 630 1337 735 1372; x_wconf 82' lang='lat' dir='ltr'>gentes</span> <span class='ocrx_word' id='word_1_162' title='bbox 753 1332 868 1360; x_wconf 82' lang='lat' dir='ltr'>minora</span> <span class='ocrx_word' id='word_1_163' title='bbox 892 1328 1042 1360; x_wconf 81' lang='lat' dir='ltr'>interdum</span> <span class='ocrx_word' id='word_1_164' title='bbox 1058 1328 1110 1367; x_wconf 57' lang='lat' dir='ltr'>Juss</span> 
     </span>
     <span class='ocr_line' id='line_1_28' title="bbox 217 1376 1108 1423; baseline -0.008 -9"><span class='ocrx_word' id='word_1_165' title='bbox 217 1384 296 1415; x_wconf 77' lang='lat' dir='ltr'>dicia</span> <span class='ocrx_word' id='word_1_166' title='bbox 326 1380 505 1423; x_wconf 79' lang='lat' dir='ltr'>refugientes</span> <span class='ocrx_word' id='word_1_167' title='bbox 526 1404 537 1419; x_wconf 93' lang='lat'>,</span> <span class='ocrx_word' id='word_1_168' title='bbox 575 1379 628 1414; x_wconf 68' lang='lat' dir='ltr'>ulti</span> <span class='ocrx_word' id='word_1_169' title='bbox 648 1377 768 1420; x_wconf 73' lang='lat' dir='ltr'>justitia</span> <span class='ocrx_word' id='word_1_170' title='bbox 793 1376 974 1421; x_wconf 77' lang='lat' dir='ltr'>deprehendi</span> <span class='ocrx_word' id='word_1_171' title='bbox 996 1376 1087 1418; x_wconf 78' lang='lat' dir='ltr'>potest</span> <span class='ocrx_word' id='word_1_172' title='bbox 1099 1401 1108 1416; x_wconf 91' lang='lat'>‚</span> 
     </span>
     <span class='ocr_line' id='line_1_29' title="bbox 216 1424 1109 1474; baseline -0.004 -12"><span class='ocrx_word' id='word_1_173' title='bbox 216 1436 311 1474; x_wconf 84' lang='lat' dir='ltr'>magis</span> <span class='ocrx_word' id='word_1_174' title='bbox 326 1432 370 1463; x_wconf 87' lang='lat' dir='ltr'>ad</span> <span class='ocrx_word' id='word_1_175' title='bbox 379 1431 498 1471; x_wconf 83' lang='lat' dir='ltr'>majora</span> <span class='ocrx_word' id='word_1_176' title='bbox 503 1429 624 1470; x_wconf 69' lang='lat' dir='ltr'>judicia</span> <span class='ocrx_word' id='word_1_177' title='bbox 644 1438 654 1467; x_wconf 86' lang='lat'>;</span> <span class='ocrx_word' id='word_1_178' title='bbox 680 1426 1053 1468; x_wconf 74' lang='lat' dir='ltr'>aut‘loritateinterpost&#39;ta,</span> <span class='ocrx_word' id='word_1_179' title='bbox 1076 1424 1109 1468; x_wconf 88' lang='lat' dir='ltr'>se</span> 
     </span>
     <span class='ocr_line' id='line_1_30' title="bbox 216 1477 1111 1522; baseline -0.008 -8"><span class='ocrx_word' id='word_1_180' title='bbox 216 1480 349 1522; x_wconf 79' lang='lat' dir='ltr'>conferre</span> <span class='ocrx_word' id='word_1_181' title='bbox 360 1478 433 1522; x_wconf 58' lang='lat' dir='ltr'>fient</span> <span class='ocrx_word' id='word_1_182' title='bbox 443 1477 537 1521; x_wconf 81' lang='lat' dir='ltr'>solitae</span> <span class='ocrx_word' id='word_1_183' title='bbox 554 1503 560 1510; x_wconf 96' lang='lat'>.</span> <span class='ocrx_word' id='word_1_184' title='bbox 589 1478 678 1522; x_wconf 74' lang='lat' dir='ltr'>,Quid</span> <span class='ocrx_word' id='word_1_185' title='bbox 691 1477 722 1511; x_wconf 86' lang='lat' dir='ltr'>bi</span> <span class='ocrx_word' id='word_1_186' title='bbox 734 1478 913 1511; x_wconf 54' lang='lat' dir='ltr'>detractores</span> <span class='ocrx_word' id='word_1_187' title='bbox 935 1478 1028 1521; x_wconf 81' lang='lat' dir='ltr'>legis,</span> <span class='ocrx_word' id='word_1_188' title='bbox 1060 1481 1111 1518; x_wconf 80' lang='lat' dir='ltr'>qui</span> 
     </span>
     <span class='ocr_line' id='line_1_31' title="bbox 215 1528 1112 1571; baseline -0.009 -7"><span class='ocrx_word' id='word_1_189' title='bbox 215 1528 500 1568; x_wconf 68' lang='lat' dir='ltr'>remenrercaeleste</span> <span class='ocrx_word' id='word_1_190' title='bbox 515 1530 690 1571; x_wconf 75' lang='lat' dir='ltr'>judicium,</span> <span class='ocrx_word' id='word_1_191' title='bbox 727 1540 824 1562; x_wconf 85' lang='lat' dir='ltr'>meum</span> <span class='ocrx_word' id='word_1_192' title='bbox 845 1535 1036 1569; x_wconf 82' lang='lat' dir='ltr'>putaverunt</span> <span class='ocrx_word' id='word_1_193' title='bbox 1059 1533 1112 1566; x_wconf 85' lang='lat' dir='ltr'>po-</span> 
     </span>
     <span class='ocr_line' id='line_1_32' title="bbox 210 1574 1111 1627; baseline -0.008 -13"><span class='ocrx_word' id='word_1_194' title='bbox 210 1580 384 1625; x_wconf 77' lang='lat' dir='ltr'>stulandum</span> <span class='ocrx_word' id='word_1_195' title='bbox 396 1578 466 1623; x_wconf 55' lang='lat' dir='ltr'>‚ufic</span> <span class='ocrx_word' id='word_1_196' title='bbox 480 1577 595 1627; x_wconf 82' lang='lat' dir='ltr'>sentire</span> <span class='ocrx_word' id='word_1_197' title='bbox 621 1579 659 1612; x_wconf 84' lang='lat' dir='ltr'>de</span> <span class='ocrx_word' id='word_1_198' title='bbox 682 1577 796 1622; x_wconf 78' lang='lat' dir='ltr'>Christo</span> <span class='ocrx_word' id='word_1_199' title='bbox 825 1575 1017 1615; x_wconf 61' lang='lat' dir='ltr'>salvatore?</span> <span class='ocrx_word' id='word_1_200' title='bbox 1043 1574 1111 1608; x_wconf 85' lang='lat' dir='ltr'>Eos</span> 
     </span>
     <span class='ocr_line' id='line_1_33' title="bbox 217 1622 1109 1673; baseline -0.006 -12"><span class='ocrx_word' id='word_1_201' title='bbox 217 1630 325 1673; x_wconf 78' lang='lat' dir='ltr'>arguit</span> <span class='ocrx_word' id='word_1_202' title='bbox 343 1648 359 1668; x_wconf 93' lang='lat'>,-</span> <span class='ocrx_word' id='word_1_203' title='bbox 393 1639 462 1665; x_wconf 81' lang='lat' dir='ltr'>non</span> <span class='ocrx_word' id='word_1_204' title='bbox 483 1630 596 1672; x_wconf 81' lang='lat' dir='ltr'>-quod</span> <span class='ocrx_word' id='word_1_205' title='bbox 623 1628 780 1669; x_wconf 75' lang='lat' dir='ltr'>majorem</span> <span class='ocrx_word' id='word_1_206' title='bbox 811 1624 983 1668; x_wconf 77' lang='lat' dir='ltr'>synodum</span> <span class='ocrx_word' id='word_1_207' title='bbox 1005 1648 1017 1664; x_wconf 95' lang='lat'><strong>‚</strong></span> <span class='ocrx_word' id='word_1_208' title='bbox 1054 1622 1109 1656; x_wconf 88' lang='lat' dir='ltr'>sed</span> 
     </span>
     <span class='ocr_line' id='line_1_34' title="bbox 217 1673 1112 1725; baseline -0.007 -13"><span class='ocrx_word' id='word_1_209' title='bbox 217 1677 307 1725; x_wconf 88' lang='lat' dir='ltr'>quod</span> <span class='ocrx_word' id='word_1_210' title='bbox 331 1677 486 1720; x_wconf 77' lang='lat' dir='ltr'>majorem</span> <span class='ocrx_word' id='word_1_211' title='bbox 511 1676 676 1719; x_wconf 72' lang='lat' dir='ltr'>Iudicem,</span> <span class='ocrx_word' id='word_1_212' title='bbox 704 1674 809 1717; x_wconf 87' lang='lat' dir='ltr'>ipsum</span> <span class='ocrx_word' id='word_1_213' title='bbox 844 1675 960 1718; x_wconf 75' lang='lat' dir='ltr'>nempe</span> <span class='ocrx_word' id='word_1_214' title='bbox 988 1673 1112 1707; x_wconf 84' lang='lat' dir='ltr'>Princi-</span> 
     </span>
     <span class='ocr_line' id='line_1_35' title="bbox 218 1721 1110 1772; baseline -0.008 -11"><span class='ocrx_word' id='word_1_215' title='bbox 218 1739 292 1772; x_wconf 81' lang='lat' dir='ltr'>pem</span> <span class='ocrx_word' id='word_1_216' title='bbox 307 1752 316 1767; x_wconf 95' lang='lat'>,</span> <span class='ocrx_word' id='word_1_217' title='bbox 342 1726 461 1771; x_wconf 83' lang='lat' dir='ltr'>gentili</span> <span class='ocrx_word' id='word_1_218' title='bbox 474 1737 565 1759; x_wconf 89' lang='lat' dir='ltr'>more</span> <span class='ocrx_word' id='word_1_219' title='bbox 578 1724 787 1768; x_wconf 69' lang='lat' dir='ltr'>postulassent</span> <span class='ocrx_word' id='word_1_220' title='bbox 802 1747 809 1754; x_wconf 90' lang='lat'>.</span> <span class='ocrx_word' id='word_1_221' title='bbox 839 1724 926 1756; x_wconf 87' lang='lat' dir='ltr'>Nam</span> <span class='ocrx_word' id='word_1_222' title='bbox 939 1721 1027 1765; x_wconf 68' lang='lat' dir='ltr'>quod</span> <span class='ocrx_word' id='word_1_223' title='bbox 1042 1733 1110 1756; x_wconf 91' lang='lat' dir='ltr'>non</span> 
     </span>
     <span class='ocr_line' id='line_1_36' title="bbox 219 1771 1107 1821; baseline -0.006 -11"><span class='ocrx_word' id='word_1_224' title='bbox 219 1778 260 1814; x_wconf 77' lang='lat' dir='ltr'>ad</span> <span class='ocrx_word' id='word_1_225' title='bbox 275 1777 485 1821; x_wconf 78' lang='lat' dir='ltr'>Principem,</span> <span class='ocrx_word' id='word_1_226' title='bbox 511 1773 566 1812; x_wconf 79' lang='lat' dir='ltr'>sed</span> <span class='ocrx_word' id='word_1_227' title='bbox 579 1773 619 1808; x_wconf 84' lang='lat' dir='ltr'>ad</span> <span class='ocrx_word' id='word_1_228' title='bbox 643 1772 834 1818; x_wconf 79' lang='lat' dir='ltr'>generalem</span> <span class='ocrx_word' id='word_1_229' title='bbox 857 1772 1030 1815; x_wconf 83' lang='lat' dir='ltr'>synodum</span> <span class='ocrx_word' id='word_1_230' title='bbox 1055 1771 1107 1807; x_wconf 89' lang='lat' dir='ltr'>de-</span> 
     </span>
     <span class='ocr_line' id='line_1_37' title="bbox 222 1822 1112 1868; baseline -0.004 -8"><span class='ocrx_word' id='word_1_231' title='bbox 222 1828 361 1863; x_wconf 83' lang='lat' dir='ltr'>buiffent</span> <span class='ocrx_word' id='word_1_232' title='bbox 385 1835 559 1868; x_wconf 74' lang='lat' dir='ltr'>provocate</span> <span class='ocrx_word' id='word_1_233' title='bbox 581 1846 591 1862; x_wconf 90' lang='lat'>,</span> <span class='ocrx_word' id='word_1_234' title='bbox 618 1823 729 1860; x_wconf 83' lang='lat' dir='ltr'>scribit</span> <span class='ocrx_word' id='word_1_235' title='bbox 754 1822 851 1858; x_wconf 82' lang='lat' dir='ltr'>etiam</span> <span class='ocrx_word' id='word_1_236' title='bbox 879 1824 1014 1856; x_wconf 69' lang='lat' dir='ltr'>sanstus</span> <span class='ocrx_word' id='word_1_237' title='bbox 1040 1822 1112 1856; x_wconf 89' lang='lat' dir='ltr'>Au·</span> 
     </span>
     <span class='ocr_line' id='line_1_38' title="bbox 221 1871 1113 1922; baseline -0.006 -12"><span class='ocrx_word' id='word_1_238' title='bbox 221 1877 388 1921; x_wconf 67' lang='lat' dir='ltr'>gostinus.</span> <span class='ocrx_word' id='word_1_239' title='bbox 415 1874 576 1912; x_wconf 85' lang='lat' dir='ltr'>Eosdem,</span> <span class='ocrx_word' id='word_1_240' title='bbox 602 1873 693 1918; x_wconf 87' lang='lat' dir='ltr'>quod</span> <span class='ocrx_word' id='word_1_241' title='bbox 705 1884 772 1909; x_wconf 85' lang='lat' dir='ltr'>non</span> <span class='ocrx_word' id='word_1_242' title='bbox 794 1884 885 1922; x_wconf 87' lang='lat' dir='ltr'>more</span> <span class='ocrx_word' id='word_1_243' title='bbox 916 1871 1113 1906; x_wconf 72' lang='lat' dir='ltr'>Ecclesiasti-</span> 
     </span>
     <span class='ocr_line' id='line_1_39' title="bbox 220 1922 1111 1969; baseline -0.007 -8"><span class='ocrx_word' id='word_1_244' title='bbox 220 1939 262 1961; x_wconf 91' lang='lat' dir='ltr'>co</span> <span class='ocrx_word' id='word_1_245' title='bbox 274 1935 441 1969; x_wconf 84' lang='lat' dir='ltr'>tamquam</span> <span class='ocrx_word' id='word_1_246' title='bbox 457 1924 630 1968; x_wconf 82' lang='lat' dir='ltr'>Episcopi,</span> <span class='ocrx_word' id='word_1_247' title='bbox 660 1922 713 1959; x_wconf 90' lang='lat' dir='ltr'>sed</span> <span class='ocrx_word' id='word_1_248' title='bbox 732 1924 850 1958; x_wconf 82' lang='lat' dir='ltr'>forenfi</span> <span class='ocrx_word' id='word_1_249' title='bbox 867 1923 931 1957; x_wconf 83' lang='lat' dir='ltr'>ritu</span> <span class='ocrx_word' id='word_1_250' title='bbox 944 1932 1111 1965; x_wconf 86' lang='lat' dir='ltr'>tamquam</span> 
     </span>
     <span class='ocr_line' id='line_1_40' title="bbox 222 1972 1112 2019; baseline -0.008 -7"><span class='ocrx_word' id='word_1_251' title='bbox 222 1976 399 2012; x_wconf 80' lang='lat' dir='ltr'>Cauffidici</span> <span class='ocrx_word' id='word_1_252' title='bbox 424 1985 558 2019; x_wconf 85' lang='lat' dir='ltr'>agerent</span> <span class='ocrx_word' id='word_1_253' title='bbox 576 1976 612 2007; x_wconf 91' lang='lat' dir='ltr'>in</span> <span class='ocrx_word' id='word_1_254' title='bbox 622 1973 872 2019; x_wconf 83' lang='lat' dir='ltr'>Carthaginenfi</span> <span class='ocrx_word' id='word_1_255' title='bbox 897 1972 1112 2013; x_wconf 87' lang='lat' dir='ltr'>Collatione‚</span> 
     </span>
     <span class='ocr_line' id='line_1_41' title="bbox 222 2020 1111 2069; baseline -0.007 -9"><span class='ocrx_word' id='word_1_256' title='bbox 222 2027 256 2060; x_wconf 90' lang='lat' dir='ltr'>in</span> <span class='ocrx_word' id='word_1_257' title='bbox 268 2026 363 2069; x_wconf 81' lang='lat' dir='ltr'>hujus</span> <span class='ocrx_word' id='word_1_258' title='bbox 377 2024 547 2061; x_wconf 85' lang='lat' dir='ltr'>Breviculo</span> <span class='ocrx_word' id='word_1_259' title='bbox 559 2023 666 2068; x_wconf 86' lang='lat' dir='ltr'>arguit</span> <span class='ocrx_word' id='word_1_260' title='bbox 681 2050 689 2058; x_wconf 91' lang='lat'>.</span> <span class='ocrx_word' id='word_1_261' title='bbox 718 2025 796 2059; x_wconf 85' lang='lat' dir='ltr'>Hoc</span> <span class='ocrx_word' id='word_1_262' title='bbox 809 2020 925 2058; x_wconf 72' lang='lat' dir='ltr'>‘forensi</span> <span class='ocrx_word' id='word_1_263' title='bbox 938 2034 1028 2058; x_wconf 90' lang='lat' dir='ltr'>more</span> <span class='ocrx_word' id='word_1_264' title='bbox 1043 2034 1111 2056; x_wconf 85' lang='lat' dir='ltr'>non</span> 
     </span>
     <span class='ocr_line' id='line_1_42' title="bbox 222 2071 1113 2118; baseline -0.01 -7"><span class='ocrx_word' id='word_1_265' title='bbox 222 2077 263 2111; x_wconf 80' lang='lat' dir='ltr'>ad</span> <span class='ocrx_word' id='word_1_266' title='bbox 287 2076 444 2118; x_wconf 75' lang='lat' dir='ltr'>majorem</span> <span class='ocrx_word' id='word_1_267' title='bbox 467 2074 642 2116; x_wconf 83' lang='lat' dir='ltr'>synodum</span> <span class='ocrx_word' id='word_1_268' title='bbox 662 2097 673 2112; x_wconf 91' lang='lat'>‚</span> <span class='ocrx_word' id='word_1_269' title='bbox 711 2073 765 2107; x_wconf 85' lang='lat' dir='ltr'>sed</span> <span class='ocrx_word' id='word_1_270' title='bbox 792 2074 834 2107; x_wconf 81' lang='lat' dir='ltr'>ad</span> <span class='ocrx_word' id='word_1_271' title='bbox 860 2074 966 2115; x_wconf 87' lang='lat' dir='ltr'>ipsum</span> <span class='ocrx_word' id='word_1_272' title='bbox 991 2071 1113 2105; x_wconf 88' lang='lat' dir='ltr'>Princi-</span> 
     </span>
     <span class='ocr_line' id='line_1_43' title="bbox 223 2119 1105 2171; baseline -0.011 -10"><span class='ocrx_word' id='word_1_273' title='bbox 223 2138 296 2171; x_wconf 85' lang='lat' dir='ltr'>pem</span> <span class='ocrx_word' id='word_1_274' title='bbox 319 2126 443 2159; x_wconf 87' lang='lat' dir='ltr'>videtur</span> <span class='ocrx_word' id='word_1_275' title='bbox 466 2123 638 2166; x_wconf 77' lang='lat' dir='ltr'>appellaffe</span> <span class='ocrx_word' id='word_1_276' title='bbox 664 2121 762 2154; x_wconf 83' lang='lat' dir='ltr'>etiam</span> <span class='ocrx_word' id='word_1_277' title='bbox 790 2120 960 2163; x_wconf 84' lang='lat' dir='ltr'>Cyrillus,</span> <span class='ocrx_word' id='word_1_278' title='bbox 987 2120 1022 2152; x_wconf 88' lang='lat'>&amp;</span> <span class='ocrx_word' id='word_1_279' title='bbox 1043 2119 1105 2151; x_wconf 86' lang='lat' dir='ltr'>Im·</span> 
     </span>
     <span class='ocr_line' id='line_1_44' title="bbox 225 2170 1114 2220; baseline -0.009 -11"><span class='ocrx_word' id='word_1_280' title='bbox 225 2186 352 2220; x_wconf 82' lang='lat' dir='ltr'>perator</span> <span class='ocrx_word' id='word_1_281' title='bbox 379 2172 593 2207; x_wconf 86' lang='lat' dir='ltr'>Constantius</span> <span class='ocrx_word' id='word_1_282' title='bbox 618 2195 629 2211; x_wconf 94' lang='lat'>‚</span> <span class='ocrx_word' id='word_1_283' title='bbox 654 2171 766 2205; x_wconf 85' lang='lat' dir='ltr'>omnia</span> <span class='ocrx_word' id='word_1_284' title='bbox 795 2170 918 2203; x_wconf 83' lang='lat' dir='ltr'>Divina</span> <span class='ocrx_word' id='word_1_285' title='bbox 942 2170 1114 2204; x_wconf 89' lang='lat' dir='ltr'>consuetus</span> 
     </span>
     <span class='ocr_line' id='line_1_45' title="bbox 226 2219 1114 2263; baseline -0.007 -7"><span class='ocrx_word' id='word_1_286' title='bbox 226 2226 359 2260; x_wconf 64' lang='lat' dir='ltr'>tractare</span> <span class='ocrx_word' id='word_1_287' title='bbox 371 2224 404 2256; x_wconf 86' lang='lat' dir='ltr'>in</span> <span class='ocrx_word' id='word_1_288' title='bbox 418 2222 548 2255; x_wconf 84' lang='lat' dir='ltr'>Palatio</span> <span class='ocrx_word' id='word_1_289' title='bbox 563 2245 573 2261; x_wconf 91' lang='lat'>,</span> <span class='ocrx_word' id='word_1_290' title='bbox 600 2220 770 2263; x_wconf 78' lang='lat' dir='ltr'>profanam</span> <span class='ocrx_word' id='word_1_291' title='bbox 789 2219 1044 2263; x_wconf 63' lang='lat' dir='ltr'>appellationem</span> <span class='ocrx_word' id='word_1_292' title='bbox 1062 2219 1114 2253; x_wconf 50' lang='lat' dir='ltr'>ada</span> 
     </span>
     <span class='ocr_line' id='line_1_46' title="bbox 226 2269 1114 2313; baseline -0.006 -4"><span class='ocrx_word' id='word_1_293' title='bbox 226 2275 357 2309; x_wconf 68' lang='lat' dir='ltr'>misiae.</span> <span class='ocrx_word' id='word_1_294' title='bbox 381 2272 470 2306; x_wconf 86' lang='lat' dir='ltr'>Nam</span> <span class='ocrx_word' id='word_1_295' title='bbox 492 2272 525 2306; x_wconf 90' lang='lat'>&amp;</span> <span class='ocrx_word' id='word_1_296' title='bbox 541 2270 581 2306; x_wconf 87' lang='lat' dir='ltr'>ad</span> <span class='ocrx_word' id='word_1_297' title='bbox 604 2269 758 2304; x_wconf 85' lang='lat' dir='ltr'>Thraciae</span> <span class='ocrx_word' id='word_1_298' title='bbox 784 2271 964 2313; x_wconf 86' lang='lat' dir='ltr'>Episcopos</span> <span class='ocrx_word' id='word_1_299' title='bbox 988 2269 1114 2304; x_wconf 87' lang='lat' dir='ltr'>dudum</span> 
     </span>
     <span class='ocr_line' id='line_1_47' title="bbox 226 2318 1114 2369; baseline -0.008 -11"><span class='ocrx_word' id='word_1_300' title='bbox 226 2324 335 2369; x_wconf 69' lang='lat' dir='ltr'>postea</span> <span class='ocrx_word' id='word_1_301' title='bbox 359 2322 478 2364; x_wconf 69' lang='lat' dir='ltr'>scripsit</span> <span class='ocrx_word' id='word_1_302' title='bbox 490 2321 635 2364; x_wconf 81' lang='lat' dir='ltr'>Magnus</span> <span class='ocrx_word' id='word_1_303' title='bbox 651 2320 740 2355; x_wconf 87' lang='lat' dir='ltr'>Leo:</span> <span class='ocrx_word' id='word_1_304' title='bbox 768 2318 974 2363; x_wconf 80' lang='lat' dir='ltr'>Tantasaeculi</span> <span class='ocrx_word' id='word_1_305' title='bbox 989 2319 1114 2359; x_wconf 83' lang='lat' dir='ltr'>Potesta-</span> 
     </span>
     <span class='ocr_line' id='line_1_48' title="bbox 229 2371 1109 2411; baseline -0.006 -4"><span class='ocrx_word' id='word_1_306' title='bbox 229 2385 274 2408; x_wconf 87' lang='lat' dir='ltr'>tes</span> <span class='ocrx_word' id='word_1_307' title='bbox 295 2379 370 2406; x_wconf 81' lang='lat' dir='ltr'>circa</span> <span class='ocrx_word' id='word_1_308' title='bbox 396 2371 612 2405; x_wconf 74' lang='lat' dir='ltr'>sacerdotalem</span> <span class='ocrx_word' id='word_1_309' title='bbox 634 2372 778 2403; x_wconf 87' lang='lat' dir='ltr'>Ordinem</span> <span class='ocrx_word' id='word_1_310' title='bbox 799 2374 968 2403; x_wconf 82' lang='lat' dir='ltr'>reverentia</span> <span class='ocrx_word' id='word_1_311' title='bbox 986 2378 1109 2411; x_wconf 85' lang='lat' dir='ltr'>praeva·</span> 
     </span>
     <span class='ocr_line' id='line_1_49' title="bbox 229 2418 1111 2466; baseline -0.008 -8"><span class='ocrx_word' id='word_1_312' title='bbox 229 2427 323 2460; x_wconf 81' lang='lat' dir='ltr'>luere.</span> <span class='ocrx_word' id='word_1_313' title='bbox 339 2426 444 2455; x_wconf 75' lang='lat' dir='ltr'>Etiam</span> <span class='ocrx_word' id='word_1_314' title='bbox 455 2420 486 2455; x_wconf 81' lang='lat' dir='ltr'>bi</span> <span class='ocrx_word' id='word_1_315' title='bbox 498 2446 508 2461; x_wconf 91' lang='lat'>,</span> <span class='ocrx_word' id='word_1_316' title='bbox 519 2432 590 2464; x_wconf 87' lang='lat' dir='ltr'>quos</span> <span class='ocrx_word' id='word_1_317' title='bbox 597 2418 654 2465; x_wconf 84' lang='lat' dir='ltr'>sab</span> <span class='ocrx_word' id='word_1_318' title='bbox 667 2421 817 2462; x_wconf 76' lang='lat' dir='ltr'>Imperiali</span> <span class='ocrx_word' id='word_1_319' title='bbox 830 2426 944 2453; x_wconf 81' lang='lat' dir='ltr'>nomine</span> <span class='ocrx_word' id='word_1_320' title='bbox 957 2425 1044 2466; x_wconf 81' lang='lat' dir='ltr'>terris</span> <span class='ocrx_word' id='word_1_321' title='bbox 1060 2423 1111 2452; x_wconf 81' lang='lat' dir='ltr'>Di-</span> 
     </span>
     <span class='ocr_line' id='line_1_50' title="bbox 230 2470 1112 2514; baseline -0.005 -7"><span class='ocrx_word' id='word_1_322' title='bbox 230 2481 304 2507; x_wconf 77' lang='lat' dir='ltr'>vina</span> <span class='ocrx_word' id='word_1_323' title='bbox 319 2477 455 2507; x_wconf 85' lang='lat' dir='ltr'>Potentia</span> <span class='ocrx_word' id='word_1_324' title='bbox 462 2470 631 2514; x_wconf 76' lang='lat' dir='ltr'>precepit,</span> <span class='ocrx_word' id='word_1_325' title='bbox 657 2480 688 2503; x_wconf 87' lang='lat' dir='ltr'>ut</span> <span class='ocrx_word' id='word_1_326' title='bbox 696 2473 750 2514; x_wconf 79' lang='lat' dir='ltr'>jus</span> <span class='ocrx_word' id='word_1_327' title='bbox 772 2470 1039 2513; x_wconf 77' lang='lat' dir='ltr'>distinguendorum</span> <span class='ocrx_word' id='word_1_328' title='bbox 1062 2481 1112 2503; x_wconf 86' lang='lat' dir='ltr'>ne·</span> 
     </span>
     <span class='ocr_line' id='line_1_51' title="bbox 224 2519 1113 2569; baseline -0.004 -13"><span class='ocrx_word' id='word_1_329' title='bbox 224 2530 369 2569; x_wconf 68' lang='lat' dir='ltr'>gottorum</span> <span class='ocrx_word' id='word_1_330' title='bbox 384 2520 537 2564; x_wconf 67' lang='lat' dir='ltr'>Epist-opis</span> <span class='ocrx_word' id='word_1_331' title='bbox 551 2520 670 2554; x_wconf 54' lang='lat' dir='ltr'>samiis</span> <span class='ocrx_word' id='word_1_332' title='bbox 689 2523 786 2562; x_wconf 77' lang='lat' dir='ltr'>juxta</span> <span class='ocrx_word' id='word_1_333' title='bbox 807 2519 931 2553; x_wconf 75' lang='lat' dir='ltr'>Divalra</span> <span class='ocrx_word' id='word_1_334' title='bbox 949 2519 1113 2559; x_wconf 78' lang='lat' dir='ltr'>constituta</span> 
     </span>
     <span class='ocr_line' id='line_1_52' title="bbox 226 2569 1113 2616; baseline -0.005 -10"><span class='ocrx_word' id='word_1_335' title='bbox 226 2571 415 2616; x_wconf 74' lang='lat' dir='ltr'>permiserint</span> <span class='ocrx_word' id='word_1_336' title='bbox 438 2596 445 2603; x_wconf 91' lang='lat'>.</span> <span class='ocrx_word' id='word_1_337' title='bbox 483 2572 576 2614; x_wconf 74' lang='lat' dir='ltr'>‚Quod</span> <span class='ocrx_word' id='word_1_338' title='bbox 611 2581 676 2605; x_wconf 86' lang='lat' dir='ltr'>cum</span> <span class='ocrx_word' id='word_1_339' title='bbox 701 2573 734 2605; x_wconf 58' lang='grc' dir='ltr'>Θ</span> <span class='ocrx_word' id='word_1_340' title='bbox 752 2573 837 2610; x_wconf 78' lang='lat' dir='ltr'>juris</span> <span class='ocrx_word' id='word_1_341' title='bbox 864 2575 979 2611; x_wconf 79' lang='lat' dir='ltr'>antiqui</span> <span class='ocrx_word' id='word_1_342' title='bbox 998 2569 1113 2611; x_wconf 91' lang='lat' dir='ltr'>formu-</span> 
     </span>
     <span class='ocr_line' id='line_1_53' title="bbox 230 2619 1114 2663; baseline -0.006 -7"><span class='ocrx_word' id='word_1_343' title='bbox 230 2624 268 2657; x_wconf 76' lang='lat' dir='ltr'>lir</span> <span class='ocrx_word' id='word_1_344' title='bbox 281 2647 290 2663; x_wconf 85' lang='lat'>‚</span> <span class='ocrx_word' id='word_1_345' title='bbox 316 2623 349 2656; x_wconf 70' lang='lat'>(9⁶</span> <span class='ocrx_word' id='word_1_346' title='bbox 371 2620 496 2654; x_wconf 76' lang='lat' dir='ltr'>illibatis</span> <span class='ocrx_word' id='word_1_347' title='bbox 513 2620 703 2662; x_wconf 78' lang='lat' dir='ltr'>frequentius</span> <span class='ocrx_word' id='word_1_348' title='bbox 715 2619 754 2661; x_wconf 86' lang='lat' dir='ltr'>fit</span> <span class='ocrx_word' id='word_1_349' title='bbox 765 2620 875 2663; x_wconf 83' lang='lat' dir='ltr'>legibus</span> <span class='ocrx_word' id='word_1_350' title='bbox 887 2619 1088 2661; x_wconf 85' lang='lat' dir='ltr'>confirmatum</span> <span class='ocrx_word' id='word_1_351' title='bbox 1104 2644 1114 2660; x_wconf 92' lang='lat'>‚</span> 
     </span>
     <span class='ocr_line' id='line_1_54' title="bbox 228 2669 1111 2715; baseline -0.003 -10"><span class='ocrx_word' id='word_1_352' title='bbox 228 2671 371 2715; x_wconf 75' lang='lat' dir='ltr'>praesenti</span> <span class='ocrx_word' id='word_1_353' title='bbox 407 2678 507 2705; x_wconf 83' lang='lat' dir='ltr'>tamen</span> <span class='ocrx_word' id='word_1_354' title='bbox 532 2677 661 2711; x_wconf 87' lang='lat' dir='ltr'>tempore</span> <span class='ocrx_word' id='word_1_355' title='bbox 699 2672 719 2702; x_wconf 77' lang='grc' dir='ltr'><em>ἃ</em></span> <span class='ocrx_word' id='word_1_356' title='bbox 753 2669 901 2714; x_wconf 83' lang='lat' dir='ltr'>plerisque</span> <span class='ocrx_word' id='word_1_357' title='bbox 941 2671 1111 2703; x_wconf 66' lang='lat' dir='ltr'>invenimus</span> 
     </span>
     <span class='ocr_line' id='line_1_55' title="bbox 228 2720 1113 2765; baseline -0.002 -11"><span class='ocrx_word' id='word_1_358' title='bbox 228 2722 315 2765; x_wconf 80' lang='lat' dir='ltr'>fuisse</span> <span class='ocrx_word' id='word_1_359' title='bbox 334 2721 493 2755; x_wconf 84' lang='lat' dir='ltr'>calcatum.</span> <span class='ocrx_word' id='word_1_360' title='bbox 523 2725 609 2754; x_wconf 80' lang='lat' dir='ltr'>Nam</span> <span class='ocrx_word' id='word_1_361' title='bbox 626 2720 816 2762; x_wconf 71' lang='lat' dir='ltr'>praetermiffo</span> <span class='ocrx_word' id='word_1_362' title='bbox 842 2720 1113 2761; x_wconf 68' lang='lat' dir='ltr'>Sacerdotalijudl-</span> 
     </span>
     <span class='ocr_line' id='line_1_56' title="bbox 236 2768 1113 2814; baseline -0.005 -9"><span class='ocrx_word' id='word_1_363' title='bbox 236 2774 332 2811; x_wconf 71' lang='lat' dir='ltr'>dicio,</span> <span class='ocrx_word' id='word_1_364' title='bbox 356 2771 453 2812; x_wconf 84' lang='lat' dir='ltr'>pafflm</span> <span class='ocrx_word' id='word_1_365' title='bbox 473 2772 516 2803; x_wconf 88' lang='lat' dir='ltr'>ad</span> <span class='ocrx_word' id='word_1_366' title='bbox 535 2781 658 2804; x_wconf 78' lang='lat' dir='ltr'>examen</span> <span class='ocrx_word' id='word_1_367' title='bbox 677 2770 817 2814; x_wconf 80' lang='lat' dir='ltr'>saeculare</span> <span class='ocrx_word' id='word_1_368' title='bbox 839 2768 990 2810; x_wconf 78' lang='lat' dir='ltr'>transtere.</span> <span class='ocrx_word' id='word_1_369' title='bbox 1031 2772 1113 2813; x_wconf 75' lang='lat' dir='ltr'>‚Quo-</span> 
     </span>
     <span class='ocr_line' id='line_1_57' title="bbox 236 2817 1113 2862; baseline -0.003 -8"><span class='ocrx_word' id='word_1_370' title='bbox 236 2823 313 2857; x_wconf 73' lang='lat' dir='ltr'>circa</span> <span class='ocrx_word' id='word_1_371' title='bbox 335 2821 418 2853; x_wconf 83' lang='lat' dir='ltr'>nobis</span> <span class='ocrx_word' id='word_1_372' title='bbox 439 2817 536 2861; x_wconf 82' lang='lat' dir='ltr'>visum</span> <span class='ocrx_word' id='word_1_373' title='bbox 557 2819 614 2860; x_wconf 80' lang='lat' dir='ltr'>est,</span> <span class='ocrx_word' id='word_1_374' title='bbox 641 2830 674 2853; x_wconf 89' lang='lat' dir='ltr'>ut</span> <span class='ocrx_word' id='word_1_375' title='bbox 685 2820 802 2853; x_wconf 76' lang='lat' dir='ltr'>hanc&amp;</span> <span class='ocrx_word' id='word_1_376' title='bbox 820 2818 916 2862; x_wconf 79' lang='lat' dir='ltr'>sacrae</span> <span class='ocrx_word' id='word_1_377' title='bbox 941 2822 1029 2862; x_wconf 80' lang='lat' dir='ltr'>Legis</span> <span class='ocrx_word' id='word_1_378' title='bbox 1043 2844 1053 2860; x_wconf 92' lang='lat'>,</span> <span class='ocrx_word' id='word_1_379' title='bbox 1080 2821 1113 2852; x_wconf 68' lang='grc'>6·</span> 
     </span>
     <span class='ocr_line' id='line_1_58' title="bbox 237 2867 1111 2913; baseline -0.001 -10"><span class='ocrx_word' id='word_1_380' title='bbox 237 2872 324 2913; x_wconf 85' lang='lat' dir='ltr'>nostri</span> <span class='ocrx_word' id='word_1_381' title='bbox 347 2872 470 2903; x_wconf 82' lang='lat' dir='ltr'>Ordinis</span> <span class='ocrx_word' id='word_1_382' title='bbox 490 2871 690 2902; x_wconf 74' lang='lat' dir='ltr'>contumeliam</span> <span class='ocrx_word' id='word_1_383' title='bbox 714 2872 747 2904; x_wconf 67' lang='lat'>&lt;¹5</span> <span class='ocrx_word' id='word_1_384' title='bbox 767 2871 809 2902; x_wconf 88' lang='lat' dir='ltr'>ad</span> <span class='ocrx_word' id='word_1_385' title='bbox 814 2867 947 2912; x_wconf 81' lang='lat' dir='ltr'>praesens</span> <span class='ocrx_word' id='word_1_386' title='bbox 969 2869 1111 2913; x_wconf 73' lang='lat' dir='ltr'>ulciscere-</span> 
     </span>
     <span class='ocr_line' id='line_1_59' title="bbox 237 2919 1112 2965; baseline -0.003 -10"><span class='ocrx_word' id='word_1_387' title='bbox 237 2931 286 2955; x_wconf 86' lang='lat' dir='ltr'>tur</span> <span class='ocrx_word' id='word_1_388' title='bbox 304 2922 396 2963; x_wconf 85' lang='lat' dir='ltr'>plena</span> <span class='ocrx_word' id='word_1_389' title='bbox 417 2919 573 2960; x_wconf 52' lang='lat' dir='ltr'>districtio,</span> <span class='ocrx_word' id='word_1_390' title='bbox 601 2921 634 2953; x_wconf 59' lang='lat' dir='ltr'>Q&amp;</span> <span class='ocrx_word' id='word_1_391' title='bbox 656 2919 868 2965; x_wconf 84' lang='lat' dir='ltr'>observandam</span> <span class='ocrx_word' id='word_1_392' title='bbox 873 2919 1038 2961; x_wconf 85' lang='lat' dir='ltr'>formulam</span> <span class='ocrx_word' id='word_1_393' title='bbox 1049 2931 1112 2953; x_wconf 88' lang='lat' dir='ltr'>con-</span> 
     </span>
     <span class='ocr_line' id='line_1_60' title="bbox 232 2969 1116 3014; baseline -0.005 -9"><span class='ocrx_word' id='word_1_394' title='bbox 232 2971 365 3012; x_wconf 82' lang='lat' dir='ltr'>stitueret</span> <span class='ocrx_word' id='word_1_395' title='bbox 386 2977 418 3003; x_wconf 82' lang='lat' dir='ltr'>in</span> <span class='ocrx_word' id='word_1_396' title='bbox 431 2970 590 3012; x_wconf 87' lang='lat' dir='ltr'>futurum.</span> <span class='ocrx_word' id='word_1_397' title='bbox 622 2969 779 3013; x_wconf 81' lang='lat' dir='ltr'>censemus</span> <span class='ocrx_word' id='word_1_398' title='bbox 794 2977 915 3013; x_wconf 77' lang='lat' dir='ltr'>itaque,</span> <span class='ocrx_word' id='word_1_399' title='bbox 941 2978 974 3004; x_wconf 88' lang='lat' dir='ltr'>ut</span> <span class='ocrx_word' id='word_1_400' title='bbox 984 2976 1116 3014; x_wconf 80' lang='lat' dir='ltr'>quicum·</span> 
     </span>
     <span class='ocr_line' id='line_1_61' title="bbox 237 3018 1113 3064; baseline -0.003 -10"><span class='ocrx_word' id='word_1_401' title='bbox 237 3032 293 3063; x_wconf 86' lang='lat' dir='ltr'>que</span> <span class='ocrx_word' id='word_1_402' title='bbox 318 3020 509 3064; x_wconf 75' lang='lat' dir='ltr'>praetermzffo</span> <span class='ocrx_word' id='word_1_403' title='bbox 547 3020 698 3053; x_wconf 80' lang='lat' dir='ltr'>Sacerdote</span> <span class='ocrx_word' id='word_1_404' title='bbox 718 3021 852 3062; x_wconf 80' lang='lat' dir='ltr'>Ecclefiae</span> <span class='ocrx_word' id='word_1_405' title='bbox 870 3019 933 3063; x_wconf 83' lang='lat' dir='ltr'>suae</span> <span class='ocrx_word' id='word_1_406' title='bbox 953 3043 963 3059; x_wconf 95' lang='lat'>,</span> <span class='ocrx_word' id='word_1_407' title='bbox 989 3022 1035 3053; x_wconf 84' lang='lat' dir='ltr'>ad</span> <span class='ocrx_word' id='word_1_408' title='bbox 1056 3018 1113 3062; x_wconf 86' lang='lat' dir='ltr'>dis-</span> 
     </span>
     <span class='ocr_line' id='line_1_62' title="bbox 239 3067 1114 3114; baseline -0.003 -9"><span class='ocrx_word' id='word_1_409' title='bbox 239 3076 428 3113; x_wconf 74' lang='lat' dir='ltr'>reptationem</span> <span class='ocrx_word' id='word_1_410' title='bbox 439 3077 559 3102; x_wconf 76' lang='lat' dir='ltr'>venerit</span> <span class='ocrx_word' id='word_1_411' title='bbox 573 3067 763 3111; x_wconf 78' lang='lat' dir='ltr'>saecularium</span> <span class='ocrx_word' id='word_1_412' title='bbox 776 3095 785 3110; x_wconf 93' lang='lat'>‚</span> <span class='ocrx_word' id='word_1_413' title='bbox 806 3069 899 3114; x_wconf 83' lang='lat' dir='ltr'>sacris</span> <span class='ocrx_word' id='word_1_414' title='bbox 912 3071 1060 3103; x_wconf 80' lang='lat' dir='ltr'>liminibus</span> <span class='ocrx_word' id='word_1_415' title='bbox 1070 3082 1114 3102; x_wconf 86' lang='lat' dir='ltr'>re-</span> 
     </span>
     <span class='ocr_line' id='line_1_63' title="bbox 238 3119 1114 3164; baseline -0.001 -10"><span class='ocrx_word' id='word_1_416' title='bbox 238 3120 340 3164; x_wconf 81' lang='lat' dir='ltr'>pulsus</span> <span class='ocrx_word' id='word_1_417' title='bbox 355 3145 364 3157; x_wconf 84' lang='lat'>.</span> <span class='ocrx_word' id='word_1_418' title='bbox 392 3119 521 3160; x_wconf 72' lang='lat' dir='ltr'>acoelestt</span> <span class='ocrx_word' id='word_1_419' title='bbox 542 3128 676 3153; x_wconf 83' lang='lat' dir='ltr'>arceatur</span> <span class='ocrx_word' id='word_1_420' title='bbox 699 3122 812 3154; x_wconf 80' lang='lat' dir='ltr'>Altari.</span> <span class='ocrx_word' id='word_1_421' title='bbox 842 3119 936 3154; x_wconf 72' lang='lat' dir='ltr'>Adeo</span> <span class='ocrx_word' id='word_1_422' title='bbox 968 3120 1114 3164; x_wconf 87' lang='lat' dir='ltr'>Cyrillus</span> 
     </span>
    </p>

    <p class='ocr_par' dir='ltr' id='par_1_7' title="bbox 239 3168 1116 3367">
     <span class='ocr_line' id='line_1_64' title="bbox 241 3168 1115 3213; baseline -0.003 -7"><span class='ocrx_word' id='word_1_423' title='bbox 241 3174 327 3206; x_wconf 86' lang='lat' dir='ltr'>intra</span> <span class='ocrx_word' id='word_1_424' title='bbox 340 3170 536 3208; x_wconf 87' lang='lat' dir='ltr'>Orientem,</span> <span class='ocrx_word' id='word_1_425' title='bbox 562 3168 638 3203; x_wconf 80' lang='lat' dir='ltr'>licet</span> <span class='ocrx_word' id='word_1_426' title='bbox 662 3170 756 3204; x_wconf 82' lang='lat' dir='ltr'>fuerit</span> <span class='ocrx_word' id='word_1_427' title='bbox 781 3174 900 3213; x_wconf 89' lang='lat' dir='ltr'>primus</span> <span class='ocrx_word' id='word_1_428' title='bbox 923 3174 956 3204; x_wconf 89' lang='lat' dir='ltr'>in</span> <span class='ocrx_word' id='word_1_429' title='bbox 980 3170 1039 3205; x_wconf 88' lang='lat' dir='ltr'>hac</span> <span class='ocrx_word' id='word_1_430' title='bbox 1062 3181 1115 3204; x_wconf 85' lang='lat' dir='ltr'>au-</span> 
     </span>
     <span class='ocr_line' id='line_1_65' title="bbox 239 3219 1116 3268; baseline -0.003 -12"><span class='ocrx_word' id='word_1_431' title='bbox 239 3222 354 3261; x_wconf 79' lang='lat' dir='ltr'>dacia,</span> <span class='ocrx_word' id='word_1_432' title='bbox 376 3231 445 3254; x_wconf 89' lang='lat' dir='ltr'>non</span> <span class='ocrx_word' id='word_1_433' title='bbox 472 3219 534 3252; x_wconf 86' lang='lat' dir='ltr'>fuit</span> <span class='ocrx_word' id='word_1_434' title='bbox 556 3219 710 3253; x_wconf 85' lang='lat' dir='ltr'>ultimus.</span> <span class='ocrx_word' id='word_1_435' title='bbox 739 3220 955 3268; x_wconf 81' lang='lat' dir='ltr'>Qidquidfit</span> <span class='ocrx_word' id='word_1_436' title='bbox 973 3246 983 3261; x_wconf 93' lang='lat'>,</span> <span class='ocrx_word' id='word_1_437' title='bbox 1009 3221 1116 3254; x_wconf 87' lang='lat' dir='ltr'>&amp;Ro-</span> 
     </span>
     <span class='ocr_line' id='line_1_66' title="bbox 240 3268 1112 3315; baseline -0.003 -9"><span class='ocrx_word' id='word_1_438' title='bbox 240 3282 353 3306; x_wconf 87' lang='lat' dir='ltr'>manas</span> <span class='ocrx_word' id='word_1_439' title='bbox 363 3272 395 3309; x_wconf 88' lang='lat'>&amp;</span> <span class='ocrx_word' id='word_1_440' title='bbox 408 3268 643 3304; x_wconf 85' lang='lat' dir='ltr'>Patriarchales</span> <span class='ocrx_word' id='word_1_441' title='bbox 653 3270 882 3313; x_wconf 83' lang='lat' dir='ltr'>appellationes</span> <span class='ocrx_word' id='word_1_442' title='bbox 895 3269 1001 3305; x_wconf 72' lang='lat' dir='ltr'>lucide</span> <span class='ocrx_word' id='word_1_443' title='bbox 1014 3282 1112 3315; x_wconf 89' lang='lat' dir='ltr'>agno-</span> 
     </span>
     <span class='ocr_line' id='line_1_67' title="bbox 241 3320 1115 3367; baseline -0.005 -10"><span class='ocrx_word' id='word_1_444' title='bbox 241 3323 302 3359; x_wconf 78' lang='lat' dir='ltr'>scit</span> <span class='ocrx_word' id='word_1_445' title='bbox 322 3333 359 3358; x_wconf 85' lang='lat' dir='ltr'>ac</span> <span class='ocrx_word' id='word_1_446' title='bbox 379 3321 548 3366; x_wconf 83' lang='lat' dir='ltr'>profitetur</span> <span class='ocrx_word' id='word_1_447' title='bbox 569 3320 737 3356; x_wconf 81' lang='lat' dir='ltr'>Socrates:</span> <span class='ocrx_word' id='word_1_448' title='bbox 765 3321 944 3367; x_wconf 80' lang='lat' dir='ltr'>Singularis</span> <span class='ocrx_word' id='word_1_449' title='bbox 956 3321 1008 3356; x_wconf 83' lang='lat' dir='ltr'>hic</span> <span class='ocrx_word' id='word_1_450' title='bbox 1021 3321 1115 3365; x_wconf 83' lang='lat' dir='ltr'>ipfius</span> 
     </span>
    </p>
   </div>
   <div class='ocr_carea' id='block_1_6' title="bbox 1141 505 1147 548">
    <p class='ocr_par' dir='ltr' id='par_1_8' title="bbox 1141 505 1147 548">
     <span class='ocr_line' id='line_1_68' title="bbox 1141 505 1147 548; baseline 0 0"><span class='ocrx_word' id='word_1_451' title='bbox 1141 505 1147 548; x_wconf 64' lang='lat' dir='ltr'>l</span> 
     </span>
    </p>
   </div>
   <div class='ocr_carea' id='block_1_7' title="bbox 1153 2518 2063 3436">
    <p class='ocr_par' dir='ltr' id='par_1_9' title="bbox 1153 2518 2063 3436">
     <span class='ocr_line' id='line_1_69' title="bbox 1153 2518 2063 3436; baseline 0.004 -884"><span class='ocrx_word' id='word_1_452' title='bbox 1153 2520 1364 3436; x_wconf 62' lang='lat' dir='ltr'>‘abolerentur</span> <span class='ocrx_word' id='word_1_453' title='bbox 1377 2544 1386 2559; x_wconf 92' lang='lat'>,</span> <span class='ocrx_word' id='word_1_454' title='bbox 1408 2518 1465 2566; x_wconf 86' lang='lat' dir='ltr'>sed</span> <span class='ocrx_word' id='word_1_455' title='bbox 1473 2529 1575 2554; x_wconf 84' lang='lat' dir='ltr'>contra</span> <span class='ocrx_word' id='word_1_456' title='bbox 1585 2520 1806 2560; x_wconf 76' lang='lat' dir='ltr'>decernerentur</span> <span class='ocrx_word' id='word_1_457' title='bbox 1828 2522 2005 2557; x_wconf 50' lang='lat' dir='ltr'>austeritate</span> <span class='ocrx_word' id='word_1_458' title='bbox 2019 2526 2038 2556; x_wconf 87' lang='lat'>5</span> <span class='ocrx_word' id='word_1_459' title='bbox 2039 2534 2063 2556; x_wconf 82' lang='lat' dir='ltr'>e·</span> 
     </span>
     <span class='ocr_line' id='line_1_70' title="bbox 1177 2569 1431 2612; baseline -0.008 -8"><span class='ocrx_word' id='word_1_460' title='bbox 1177 2573 1226 2604; x_wconf 83' lang='lat' dir='ltr'>dis</span> <span class='ocrx_word' id='word_1_461' title='bbox 1249 2569 1413 2612; x_wconf 69' lang='lat' dir='ltr'>Apostolicae</span> <span class='ocrx_word' id='word_1_462' title='bbox 1424 2595 1431 2602; x_wconf 83' lang='lat'><strong>.</strong></span> 
     </span>
    </p>
   </div>
   <div class='ocr_carea' id='block_1_8' title="bbox 1165 228 2043 320">
    <p class='ocr_par' dir='ltr' id='par_1_10' title="bbox 1165 228 2043 320">
     <span class='ocr_line' id='line_1_71' title="bbox 1213 228 2043 276; baseline 0.004 -15"><span class='ocrx_word' id='word_1_463' title='bbox 1213 229 1321 273; x_wconf 86' lang='lat' dir='ltr'>Pergit</span> <span class='ocrx_word' id='word_1_464' title='bbox 1350 230 1393 262; x_wconf 62' lang='lat' dir='ltr'>D»</span> <span class='ocrx_word' id='word_1_465' title='bbox 1423 229 1698 276; x_wconf 79' lang='lat' dir='ltr'>Archiepiscopus</span> <span class='ocrx_word' id='word_1_466' title='bbox 1718 228 1758 261; x_wconf 78' lang='lat' dir='ltr'>ad</span> <span class='ocrx_word' id='word_1_467' title='bbox 1794 228 2043 264; x_wconf 84' lang='lat' dir='ltr'>Occidentalem</span> 
     </span>
     <span class='ocr_line' id='line_1_72' title="bbox 1165 279 2043 320; baseline -0.001 -8"><span class='ocrx_word' id='word_1_468' title='bbox 1165 279 1342 312; x_wconf 80' lang='lat' dir='ltr'>Eccleliam</span> <span class='ocrx_word' id='word_1_469' title='bbox 1365 303 1371 310; x_wconf 86' lang='lat'>.</span> <span class='ocrx_word' id='word_1_470' title='bbox 1400 282 1538 312; x_wconf 85' lang='lat' dir='ltr'>Necdum</span> <span class='ocrx_word' id='word_1_471' title='bbox 1561 286 1653 312; x_wconf 82' lang='lat' dir='ltr'>etiam</span> <span class='ocrx_word' id='word_1_472' title='bbox 1671 284 1777 320; x_wconf 79' lang='lat' dir='ltr'>recepti</span> <span class='ocrx_word' id='word_1_473' title='bbox 1798 283 2043 314; x_wconf 84' lang='lat' dir='ltr'>erant·Canones</span> 
     </span>
    </p>
   </div>
   <div class='ocr_carea' id='block_1_9' title="bbox 1164 326 2216 374">
    <p class='ocr_par' dir='ltr' id='par_1_11' title="bbox 1164 326 2216 374">
     <span class='ocr_line' id='line_1_73' title="bbox 1164 326 2216 374; baseline 0.001 -13"><span class='ocrx_word' id='word_1_474' title='bbox 1164 327 1353 371; x_wconf 66' lang='lat' dir='ltr'>Sardicense‘st</span> <span class='ocrx_word' id='word_1_475' title='bbox 1367 338 1456 362; x_wconf 83' lang='lat' dir='ltr'>aetate</span> <span class='ocrx_word' id='word_1_476' title='bbox 1467 334 1629 363; x_wconf 72' lang='lat' dir='ltr'>Innocentis</span> <span class='ocrx_word' id='word_1_477' title='bbox 1636 335 1730 370; x_wconf 62' lang='lat' dir='ltr'>primi</span> <span class='ocrx_word' id='word_1_478' title='bbox 1746 354 1752 361; x_wconf 92' lang='lat'><strong>.</strong></span> <span class='ocrx_word' id='word_1_479' title='bbox 1773 333 1805 374; x_wconf 84' lang='lat' dir='ltr'><strong><em>J</em></strong></span> <span class='ocrx_word' id='word_1_480' title='bbox 1808 341 1843 361; x_wconf 78' lang='lat' dir='ltr'>ur</span> <span class='ocrx_word' id='word_1_481' title='bbox 1857 336 1934 365; x_wconf 76' lang='lat' dir='ltr'>enim</span> <span class='ocrx_word' id='word_1_482' title='bbox 1946 355 1956 370; x_wconf 92' lang='lat'>‚</span> <span class='ocrx_word' id='word_1_483' title='bbox 1967 326 2043 372; x_wconf 84' lang='lat' dir='ltr'>quod</span> <span class='ocrx_word' id='word_1_484' title='bbox 2063 331 2123 363; x_wconf 84' lang='lat' dir='ltr'>Lib·</span> <span class='ocrx_word' id='word_1_485' title='bbox 2145 342 2171 368; x_wconf 85' lang='lat'>⁷·</span> <span class='ocrx_word' id='word_1_486' title='bbox 2192 345 2216 367; x_wconf 84' lang='lat' dir='ltr'>c.</span> 
     </span>
    </p>
   </div>
   <div class='ocr_carea' id='block_1_10' title="bbox 1163 377 2107 574">
    <p class='ocr_par' dir='ltr' id='par_1_12' title="bbox 1163 377 2107 574">
     <span class='ocr_line' id='line_1_74' title="bbox 1164 377 2107 423; baseline 0.002 -12"><span class='ocrx_word' id='word_1_487' title='bbox 1164 381 1212 411; x_wconf 77' lang='lat' dir='ltr'>ille</span> <span class='ocrx_word' id='word_1_488' title='bbox 1224 381 1363 413; x_wconf 71' lang='lat' dir='ltr'>vindicat</span> <span class='ocrx_word' id='word_1_489' title='bbox 1370 377 1507 422; x_wconf 80' lang='lat' dir='ltr'>sedisuae</span> <span class='ocrx_word' id='word_1_490' title='bbox 1519 404 1529 418; x_wconf 90' lang='lat'>,</span> <span class='ocrx_word' id='word_1_491' title='bbox 1553 379 1676 423; x_wconf 79' lang='lat' dir='ltr'>prorsus</span> <span class='ocrx_word' id='word_1_492' title='bbox 1683 385 1764 421; x_wconf 78' lang='lat' dir='ltr'>petit</span> <span class='ocrx_word' id='word_1_493' title='bbox 1775 382 1794 412; x_wconf 78' lang='lat' dir='ltr'>ei</span> <span class='ocrx_word' id='word_1_494' title='bbox 1806 379 1977 413; x_wconf 82' lang='lat' dir='ltr'>Canonibus</span> <span class='ocrx_word' id='word_1_495' title='bbox 1998 382 2045 421; x_wconf 67' lang='grc'>3]-</span> <span class='ocrx_word' id='word_1_496' title='bbox 2066 383 2107 402; x_wconf 79' lang='lat'>¹2·</span> 
     </span>
     <span class='ocr_line' id='line_1_75' title="bbox 1164 428 2045 473; baseline 0 -12"><span class='ocrx_word' id='word_1_497' title='bbox 1164 431 1232 461; x_wconf 79' lang='lat' dir='ltr'>nodi</span> <span class='ocrx_word' id='word_1_498' title='bbox 1243 433 1380 468; x_wconf 73' lang='lat' dir='ltr'>Nicaenae</span> <span class='ocrx_word' id='word_1_499' title='bbox 1395 453 1404 468; x_wconf 93' lang='lat'>,</span> <span class='ocrx_word' id='word_1_500' title='bbox 1432 431 1554 470; x_wconf 84' lang='lat' dir='ltr'>quoru&#39;m</span> <span class='ocrx_word' id='word_1_501' title='bbox 1568 428 1690 473; x_wconf 85' lang='lat' dir='ltr'>sensum</span> <span class='ocrx_word' id='word_1_502' title='bbox 1711 431 1808 473; x_wconf 87' lang='lat' dir='ltr'>quoad</span> <span class='ocrx_word' id='word_1_503' title='bbox 1818 432 1894 471; x_wconf 81' lang='lat' dir='ltr'>jura</span> <span class='ocrx_word' id='word_1_504' title='bbox 1917 434 2045 463; x_wconf 75' lang='lat' dir='ltr'>Romani</span> 
     </span>
     <span class='ocr_line' id='line_1_76' title="bbox 1166 479 2044 523; baseline 0.001 -13"><span class='ocrx_word' id='word_1_505' title='bbox 1166 479 1317 520; x_wconf 83' lang='lat' dir='ltr'>Pontificis</span> <span class='ocrx_word' id='word_1_506' title='bbox 1340 485 1372 512; x_wconf 86' lang='lat' dir='ltr'>in</span> <span class='ocrx_word' id='word_1_507' title='bbox 1394 481 1550 513; x_wconf 86' lang='lat' dir='ltr'>Occidente</span> <span class='ocrx_word' id='word_1_508' title='bbox 1565 485 1679 523; x_wconf 84' lang='lat' dir='ltr'>primus</span> <span class='ocrx_word' id='word_1_509' title='bbox 1690 482 1737 513; x_wconf 81' lang='lat' dir='ltr'>ille</span> <span class='ocrx_word' id='word_1_510' title='bbox 1745 486 1860 521; x_wconf 83' lang='lat' dir='ltr'>aperuit</span> <span class='ocrx_word' id='word_1_511' title='bbox 1869 487 1902 514; x_wconf 85' lang='lat' dir='ltr'>in</span> <span class='ocrx_word' id='word_1_512' title='bbox 1913 479 2044 522; x_wconf 79' lang='lat' dir='ltr'>Epistola</span> 
     </span>
     <span class='ocr_line' id='line_1_77' title="bbox 1163 528 2043 574; baseline 0.001 -14"><span class='ocrx_word' id='word_1_513' title='bbox 1163 530 1207 560; x_wconf 78' lang='lat' dir='ltr'>ad</span> <span class='ocrx_word' id='word_1_514' title='bbox 1218 528 1384 562; x_wconf 67' lang='lat' dir='ltr'>Vieirtcium</span> <span class='ocrx_word' id='word_1_515' title='bbox 1398 528 1657 574; x_wconf 83' lang='lat' dir='ltr'>Rothomagensem</span> <span class='ocrx_word' id='word_1_516' title='bbox 1667 529 1859 572; x_wconf 83' lang='lat' dir='ltr'>Episcopum.</span> <span class='ocrx_word' id='word_1_517' title='bbox 1888 531 1930 564; x_wconf 91' lang='lat' dir='ltr'>Et</span> <span class='ocrx_word' id='word_1_518' title='bbox 1942 531 2043 565; x_wconf 48' lang='lat' dir='ltr'>infra:</span> 
     </span>
    </p>
   </div>
   <div class='ocr_carea' id='block_1_11' title="bbox 1166 578 2197 642">
    <p class='ocr_par' dir='ltr' id='par_1_13' title="bbox 1166 578 2197 642">
     <span class='ocr_line' id='line_1_78' title="bbox 1166 578 2197 642; baseline 0.004 -31"><span class='ocrx_word' id='word_1_519' title='bbox 1166 580 1298 614; x_wconf 74' lang='lat' dir='ltr'>concilia</span> <span class='ocrx_word' id='word_1_520' title='bbox 1310 580 1532 617; x_wconf 67' lang='lat' dir='ltr'>Pr&#39;o‘v&#39;incialia,</span> <span class='ocrx_word' id='word_1_521' title='bbox 1558 591 1679 624; x_wconf 81' lang='lat' dir='ltr'>quorum</span> <span class='ocrx_word' id='word_1_522' title='bbox 1683 578 1825 624; x_wconf 87' lang='lat' dir='ltr'>suprema</span> <span class='ocrx_word' id='word_1_523' title='bbox 1834 589 1901 613; x_wconf 85' lang='lat' dir='ltr'>erat</span> <span class='ocrx_word' id='word_1_524' title='bbox 1924 580 2046 615; x_wconf 70' lang='lat' dir='ltr'>auc‘iori·</span> <span class='ocrx_word' id='word_1_525' title='bbox 2064 606 2197 642; x_wconf 77' lang='lat' dir='ltr'>Cap-14·</span> 
     </span>
    </p>
   </div>
   <div class='ocr_carea' id='block_1_12' title="bbox 1161 627 2101 2513">
    <p class='ocr_par' dir='ltr' id='par_1_14' title="bbox 1161 627 2101 2513">
     <span class='ocr_line' id='line_1_79' title="bbox 1165 627 2046 673; baseline 0.003 -12"><span class='ocrx_word' id='word_1_526' title='bbox 1165 638 1215 667; x_wconf 82' lang='lat' dir='ltr'>tas</span> <span class='ocrx_word' id='word_1_527' title='bbox 1230 629 1330 670; x_wconf 85' lang='lat' dir='ltr'>quoad</span> <span class='ocrx_word' id='word_1_528' title='bbox 1350 627 1546 671; x_wconf 77' lang='lat' dir='ltr'>depofitionem</span> <span class='ocrx_word' id='word_1_529' title='bbox 1568 629 1780 673; x_wconf 79' lang='lat' dir='ltr'>Episcoporum</span> <span class='ocrx_word' id='word_1_530' title='bbox 1792 654 1803 670; x_wconf 90' lang='lat'>‚</span> <span class='ocrx_word' id='word_1_531' title='bbox 1829 631 1905 663; x_wconf 74' lang='lat' dir='ltr'>adeo</span> <span class='ocrx_word' id='word_1_532' title='bbox 1925 637 1958 662; x_wconf 88' lang='lat' dir='ltr'>ut</span> <span class='ocrx_word' id='word_1_533' title='bbox 1977 641 2046 664; x_wconf 76' lang='lat' dir='ltr'>non·</span> 
     </span>
     <span class='ocr_line' id='line_1_80' title="bbox 1164 678 2043 723; baseline 0.001 -12"><span class='ocrx_word' id='word_1_534' title='bbox 1164 680 1280 715; x_wconf 67' lang='lat' dir='ltr'>dumea</span> <span class='ocrx_word' id='word_1_535' title='bbox 1291 678 1459 721; x_wconf 73' lang='lat' dir='ltr'>tempestate</span> <span class='ocrx_word' id='word_1_536' title='bbox 1471 680 1534 721; x_wconf 67' lang='lat' dir='ltr'>efflet</span> <span class='ocrx_word' id='word_1_537' title='bbox 1546 685 1580 711; x_wconf 80' lang='lat' dir='ltr'>in</span> <span class='ocrx_word' id='word_1_538' title='bbox 1591 682 1744 714; x_wconf 70' lang='lat' dir='ltr'>Occidente</span> <span class='ocrx_word' id='word_1_539' title='bbox 1752 680 1888 723; x_wconf 79' lang='lat' dir='ltr'>permissa</span> <span class='ocrx_word' id='word_1_540' title='bbox 1905 687 2043 721; x_wconf 87' lang='lat' dir='ltr'>provoca-</span> 
     </span>
     <span class='ocr_line' id='line_1_81' title="bbox 1165 729 2046 772; baseline 0.001 -10"><span class='ocrx_word' id='word_1_541' title='bbox 1165 733 1226 768; x_wconf 79' lang='lat' dir='ltr'>tio,</span> <span class='ocrx_word' id='word_1_542' title='bbox 1253 730 1411 763; x_wconf 78' lang='lat' dir='ltr'>relationes</span> <span class='ocrx_word' id='word_1_543' title='bbox 1434 737 1534 762; x_wconf 88' lang='lat' dir='ltr'>tamen</span> <span class='ocrx_word' id='word_1_544' title='bbox 1558 731 1709 764; x_wconf 76' lang='lat' dir='ltr'>interdum</span> <span class='ocrx_word' id='word_1_545' title='bbox 1725 729 1797 772; x_wconf 77' lang='lat' dir='ltr'>suas</span> <span class='ocrx_word' id='word_1_546' title='bbox 1820 730 1982 764; x_wconf 67' lang='lat' dir='ltr'>mittebant</span> <span class='ocrx_word' id='word_1_547' title='bbox 2003 730 2046 763; x_wconf 83' lang='lat' dir='ltr'>ad</span> 
     </span>
     <span class='ocr_line' id='line_1_82' title="bbox 1165 779 2046 823; baseline 0.002 -12"><span class='ocrx_word' id='word_1_548' title='bbox 1165 780 1266 812; x_wconf 80' lang='lat' dir='ltr'>Sedem</span> <span class='ocrx_word' id='word_1_549' title='bbox 1290 779 1495 821; x_wconf 81' lang='lat' dir='ltr'>Apostolicam‚</span> <span class='ocrx_word' id='word_1_550' title='bbox 1520 779 1628 821; x_wconf 79' lang='lat' dir='ltr'>qulbus</span> <span class='ocrx_word' id='word_1_551' title='bbox 1651 780 1874 813; x_wconf 78' lang='lat' dir='ltr'>continebantur</span> <span class='ocrx_word' id='word_1_552' title='bbox 1894 791 1950 823; x_wconf 72' lang='lat' dir='ltr'>eq,</span> <span class='ocrx_word' id='word_1_553' title='bbox 1978 791 2046 822; x_wconf 76' lang='lat' dir='ltr'>quae</span> 
     </span>
     <span class='ocr_line' id='line_1_83' title="bbox 1166 823 2044 872; baseline 0.001 -11"><span class='ocrx_word' id='word_1_554' title='bbox 1166 829 1314 862; x_wconf 72' lang='lat' dir='ltr'>adversus</span> <span class='ocrx_word' id='word_1_555' title='bbox 1336 823 1511 872; x_wconf 77' lang='lat' dir='ltr'>Episcopum</span> <span class='ocrx_word' id='word_1_556' title='bbox 1534 828 1683 871; x_wconf 71' lang='lat' dir='ltr'>deiec‘lum</span> <span class='ocrx_word' id='word_1_557' title='bbox 1705 830 1821 862; x_wconf 84' lang='lat' dir='ltr'>decreta</span> <span class='ocrx_word' id='word_1_558' title='bbox 1834 829 1978 870; x_wconf 87' lang='lat' dir='ltr'>fuerant.</span> <span class='ocrx_word' id='word_1_559' title='bbox 2006 833 2044 862; x_wconf 77' lang='lat' dir='ltr'>At</span> 
     </span>
     <span class='ocr_line' id='line_1_84' title="bbox 1167 878 2047 925; baseline 0 -15"><span class='ocrx_word' id='word_1_560' title='bbox 1167 882 1350 912; x_wconf 83' lang='lat' dir='ltr'>Innocentius</span> <span class='ocrx_word' id='word_1_561' title='bbox 1368 885 1510 921; x_wconf 83' lang='lat' dir='ltr'>primus,</span> <span class='ocrx_word' id='word_1_562' title='bbox 1537 880 1672 920; x_wconf 67' lang='lat' dir='ltr'>audacia·</span> <span class='ocrx_word' id='word_1_563' title='bbox 1690 878 1849 925; x_wconf 77' lang='lat' dir='ltr'>subfidium</span> <span class='ocrx_word' id='word_1_564' title='bbox 1872 879 2047 922; x_wconf 59' lang='lat' dir='ltr'>&amp;dignitate</span> 
     </span>
     <span class='ocr_line' id='line_1_85' title="bbox 1161 927 2048 972; baseline 0 -12"><span class='ocrx_word' id='word_1_565' title='bbox 1161 927 1244 970; x_wconf 77' lang='lat' dir='ltr'>sedis</span> <span class='ocrx_word' id='word_1_566' title='bbox 1262 927 1325 972; x_wconf 77' lang='lat' dir='ltr'>suae</span> <span class='ocrx_word' id='word_1_567' title='bbox 1345 938 1451 971; x_wconf 85' lang='lat' dir='ltr'>petens</span> <span class='ocrx_word' id='word_1_568' title='bbox 1467 956 1476 971; x_wconf 89' lang='lat'>‚</span> <span class='ocrx_word' id='word_1_569' title='bbox 1501 937 1590 964; x_wconf 78' lang='lat' dir='ltr'>atrox</span> <span class='ocrx_word' id='word_1_570' title='bbox 1612 931 1722 964; x_wconf 80' lang='lat' dir='ltr'>vulnus</span> <span class='ocrx_word' id='word_1_571' title='bbox 1742 929 1856 970; x_wconf 79' lang='lat' dir='ltr'>inflixit</span> <span class='ocrx_word' id='word_1_572' title='bbox 1876 929 2048 962; x_wconf 65' lang='lat' dir='ltr'>auetoritatt</span> 
     </span>
     <span class='ocr_line' id='line_1_86' title="bbox 1166 978 2049 1023; baseline -0.001 -14"><span class='ocrx_word' id='word_1_573' title='bbox 1166 980 1269 1016; x_wconf 67' lang='lat' dir='ltr'>synodi</span> <span class='ocrx_word' id='word_1_574' title='bbox 1291 981 1471 1014; x_wconf 66' lang='lat' dir='ltr'>Macedonia·</span> <span class='ocrx_word' id='word_1_575' title='bbox 1488 1004 1497 1019; x_wconf 91' lang='lat'>,</span> <span class='ocrx_word' id='word_1_576' title='bbox 1535 983 1620 1022; x_wconf 81' lang='lat' dir='ltr'>cujus</span> <span class='ocrx_word' id='word_1_577' title='bbox 1639 981 1789 1023; x_wconf 82' lang='lat' dir='ltr'>judicium</span> <span class='ocrx_word' id='word_1_578' title='bbox 1814 978 1993 1013; x_wconf 76' lang='lat' dir='ltr'>retrac‘lavit</span> <span class='ocrx_word' id='word_1_579' title='bbox 2018 982 2049 1008; x_wconf 78' lang='lat' dir='ltr'>in</span> 
     </span>
     <span class='ocr_line' id='line_1_87' title="bbox 1167 1023 2050 1071; baseline 0.002 -13"><span class='ocrx_word' id='word_1_580' title='bbox 1167 1026 1256 1069; x_wconf 81' lang='lat' dir='ltr'>causa</span> <span class='ocrx_word' id='word_1_581' title='bbox 1283 1029 1404 1062; x_wconf 82' lang='lat' dir='ltr'>Bubalii</span> <span class='ocrx_word' id='word_1_582' title='bbox 1425 1033 1459 1064; x_wconf 63' lang='grc' dir='ltr'>ὠ·</span> <span class='ocrx_word' id='word_1_583' title='bbox 1479 1033 1624 1064; x_wconf 71' lang='lat' dir='ltr'>Tauriani</span> <span class='ocrx_word' id='word_1_584' title='bbox 1635 1023 1648 1071; x_wconf 63' lang='lat'>,&#39;</span> <span class='ocrx_word' id='word_1_585' title='bbox 1677 1030 1715 1064; x_wconf 80' lang='lat' dir='ltr'>ab</span> <span class='ocrx_word' id='word_1_586' title='bbox 1727 1041 1763 1065; x_wconf 80' lang='lat' dir='ltr'>ea</span> <span class='ocrx_word' id='word_1_587' title='bbox 1774 1031 1882 1069; x_wconf 71' lang='lat' dir='ltr'>synodo</span> <span class='ocrx_word' id='word_1_588' title='bbox 1892 1030 2050 1062; x_wconf 82' lang='lat' dir='ltr'>damnato·</span> 
     </span>
     <span class='ocr_line' id='line_1_88' title="bbox 1167 1078 2053 1123; baseline 0.001 -14"><span class='ocrx_word' id='word_1_589' title='bbox 1167 1088 1251 1110; x_wconf 83' lang='lat' dir='ltr'>rum.</span> <span class='ocrx_word' id='word_1_590' title='bbox 1280 1078 1318 1109; x_wconf 85' lang='lat' dir='ltr'>Id</span> <span class='ocrx_word' id='word_1_591' title='bbox 1331 1081 1408 1121; x_wconf 72' lang='lat' dir='ltr'>aegre</span> <span class='ocrx_word' id='word_1_592' title='bbox 1419 1080 1548 1114; x_wconf 85' lang='lat' dir='ltr'>tulerunt</span> <span class='ocrx_word' id='word_1_593' title='bbox 1558 1079 1697 1123; x_wconf 78' lang='lat' dir='ltr'>Episcopi</span> <span class='ocrx_word' id='word_1_594' title='bbox 1706 1089 1763 1123; x_wconf 87' lang='lat' dir='ltr'>per</span> <span class='ocrx_word' id='word_1_595' title='bbox 1776 1081 1978 1113; x_wconf 82' lang='lat' dir='ltr'>Macedoniam</span> <span class='ocrx_word' id='word_1_596' title='bbox 1989 1089 2053 1111; x_wconf 90' lang='lat' dir='ltr'>con-</span> 
     </span>
     <span class='ocr_line' id='line_1_89' title="bbox 1164 1127 2052 1171; baseline 0.002 -13"><span class='ocrx_word' id='word_1_597' title='bbox 1164 1127 1282 1166; x_wconf 71' lang='lat' dir='ltr'>stitutI,</span> <span class='ocrx_word' id='word_1_598' title='bbox 1306 1129 1404 1168; x_wconf 81' lang='lat' dir='ltr'>quide</span> <span class='ocrx_word' id='word_1_599' title='bbox 1420 1139 1456 1161; x_wconf 83' lang='lat' dir='ltr'>ea</span> <span class='ocrx_word' id='word_1_600' title='bbox 1475 1135 1607 1163; x_wconf 62' lang='lat' dir='ltr'>novitate</span> <span class='ocrx_word' id='word_1_601' title='bbox 1633 1131 1717 1171; x_wconf 86' lang='lat' dir='ltr'>apud</span> <span class='ocrx_word' id='word_1_602' title='bbox 1738 1134 1935 1164; x_wconf 81' lang='lat' dir='ltr'>Innocentium</span> <span class='ocrx_word' id='word_1_603' title='bbox 1961 1127 2052 1170; x_wconf 79' lang='lat' dir='ltr'>questi</span> 
     </span>
     <span class='ocr_line' id='line_1_90' title="bbox 1167 1175 2054 1221; baseline 0.001 -13"><span class='ocrx_word' id='word_1_604' title='bbox 1167 1175 1256 1219; x_wconf 83' lang='lat' dir='ltr'>sunt.</span> <span class='ocrx_word' id='word_1_605' title='bbox 1284 1175 1374 1220; x_wconf 76' lang='lat' dir='ltr'>,Quid</span> <span class='ocrx_word' id='word_1_606' title='bbox 1387 1176 1500 1218; x_wconf 85' lang='lat' dir='ltr'>faceret</span> <span class='ocrx_word' id='word_1_607' title='bbox 1522 1181 1658 1212; x_wconf 79' lang='lat' dir='ltr'>Summus</span> <span class='ocrx_word' id='word_1_608' title='bbox 1682 1180 1822 1221; x_wconf 73' lang='lat' dir='ltr'>Pontifhx</span> <span class='ocrx_word' id='word_1_609' title='bbox 1849 1180 1863 1210; x_wconf 73' lang='grc' dir='ltr'><strong><em>ἒ</em></strong></span> <span class='ocrx_word' id='word_1_610' title='bbox 1902 1182 1981 1213; x_wconf 80' lang='lat' dir='ltr'>Erat</span> <span class='ocrx_word' id='word_1_611' title='bbox 2008 1177 2054 1210; x_wconf 76' lang='lat' dir='ltr'>hit:</span> 
     </span>
     <span class='ocr_line' id='line_1_91' title="bbox 1166 1225 2056 1268; baseline 0 -10"><span class='ocrx_word' id='word_1_612' title='bbox 1166 1225 1241 1268; x_wconf 69' lang='lat' dir='ltr'>sane*</span> <span class='ocrx_word' id='word_1_613' title='bbox 1263 1227 1338 1264; x_wconf 86' lang='lat' dir='ltr'>locus</span> <span class='ocrx_word' id='word_1_614' title='bbox 1359 1226 1531 1267; x_wconf 81' lang='lat' dir='ltr'>proferendi</span> <span class='ocrx_word' id='word_1_615' title='bbox 1556 1227 1761 1260; x_wconf 76' lang='lat' dir='ltr'>auc‘loritatem</span> <span class='ocrx_word' id='word_1_616' title='bbox 1786 1232 1940 1260; x_wconf 81' lang='lat' dir='ltr'>Canonum</span> <span class='ocrx_word' id='word_1_617' title='bbox 1950 1227 2056 1258; x_wconf 76' lang='lat' dir='ltr'>Sardi-</span> 
     </span>
     <span class='ocr_line' id='line_1_92' title="bbox 1170 1273 2058 1324; baseline 0 -16"><span class='ocrx_word' id='word_1_618' title='bbox 1170 1275 1312 1318; x_wconf 85' lang='lat' dir='ltr'>cenfium,</span> <span class='ocrx_word' id='word_1_619' title='bbox 1331 1274 1363 1318; x_wconf 82' lang='lat' dir='ltr'><em>fi</em></span> <span class='ocrx_word' id='word_1_620' title='bbox 1378 1277 1504 1309; x_wconf 75' lang='lat' dir='ltr'>tunc-illi</span> <span class='ocrx_word' id='word_1_621' title='bbox 1527 1282 1560 1324; x_wconf 76' lang='lat' dir='ltr'>in</span> <span class='ocrx_word' id='word_1_622' title='bbox 1585 1273 1801 1319; x_wconf 56' lang='lat' dir='ltr'>usu&#39;fuissent:</span> <span class='ocrx_word' id='word_1_623' title='bbox 1823 1282 1889 1313; x_wconf 77' lang='lat' dir='ltr'>Nec</span> <span class='ocrx_word' id='word_1_624' title='bbox 1910 1274 1986 1319; x_wconf 73' lang='lat' dir='ltr'>sane</span> <span class='ocrx_word' id='word_1_625' title='bbox 2007 1287 2058 1308; x_wconf 56' lang='grc' dir='ltr'>τοι</span> 
     </span>
     <span class='ocr_line' id='line_1_93' title="bbox 1172 1325 2058 1369; baseline -0.002 -10"><span class='ocrx_word' id='word_1_626' title='bbox 1172 1325 1293 1369; x_wconf 79' lang='lat' dir='ltr'>ornififfet</span> <span class='ocrx_word' id='word_1_627' title='bbox 1317 1326 1460 1368; x_wconf 78' lang='lat' dir='ltr'>Pontifex</span> <span class='ocrx_word' id='word_1_628' title='bbox 1485 1351 1492 1358; x_wconf 91' lang='lat'><strong>.</strong></span> <span class='ocrx_word' id='word_1_629' title='bbox 1519 1328 1578 1360; x_wconf 83' lang='lat' dir='ltr'>sed</span> <span class='ocrx_word' id='word_1_630' title='bbox 1597 1337 1687 1368; x_wconf 81' lang='lat' dir='ltr'>neque</span> <span class='ocrx_word' id='word_1_631' title='bbox 1709 1328 1874 1359; x_wconf 73' lang='lat' dir='ltr'>Concilium</span> <span class='ocrx_word' id='word_1_632' title='bbox 1897 1330 2058 1358; x_wconf 80' lang='lat' dir='ltr'>Nicaenum</span> 
     </span>
     <span class='ocr_line' id='line_1_94' title="bbox 1174 1374 2058 1421; baseline -0.002 -12"><span class='ocrx_word' id='word_1_633' title='bbox 1174 1378 1312 1409; x_wconf 81' lang='lat' dir='ltr'>laudavit</span> <span class='ocrx_word' id='word_1_634' title='bbox 1333 1388 1339 1408; x_wconf 93' lang='lat'><strong>:</strong></span> <span class='ocrx_word' id='word_1_635' title='bbox 1368 1378 1460 1419; x_wconf 73' lang='lat' dir='ltr'>,Quod</span> <span class='ocrx_word' id='word_1_636' title='bbox 1482 1386 1581 1421; x_wconf 70' lang='lat' dir='ltr'>tamen</span> <span class='ocrx_word' id='word_1_637' title='bbox 1606 1388 1664 1409; x_wconf 87' lang='lat' dir='ltr'>non</span> <span class='ocrx_word' id='word_1_638' title='bbox 1686 1375 1813 1419; x_wconf 70' lang='lat' dir='ltr'>omitsffet</span> <span class='ocrx_word' id='word_1_639' title='bbox 1836 1400 1846 1416; x_wconf 84' lang='lat'>‚</span> <span class='ocrx_word' id='word_1_640' title='bbox 1884 1374 1907 1414; x_wconf 76' lang='lat' dir='ltr'>(i</span> <span class='ocrx_word' id='word_1_641' title='bbox 1931 1379 2058 1412; x_wconf 67' lang='lat' dir='ltr'>‘Conone</span> 
     </span>
     <span class='ocr_line' id='line_1_95' title="bbox 1173 1426 2058 1469; baseline -0.001 -11"><span class='ocrx_word' id='word_1_642' title='bbox 1173 1427 1271 1468; x_wconf 84' lang='lat' dir='ltr'>aliquo</span> <span class='ocrx_word' id='word_1_643' title='bbox 1295 1428 1423 1466; x_wconf 76' lang='lat' dir='ltr'>Synodus</span> <span class='ocrx_word' id='word_1_644' title='bbox 1447 1427 1500 1458; x_wconf 79' lang='lat' dir='ltr'>illa</span> <span class='ocrx_word' id='word_1_645' title='bbox 1524 1430 1668 1460; x_wconf 70' lang='lat' dir='ltr'>Romana</span> <span class='ocrx_word' id='word_1_646' title='bbox 1691 1428 1761 1460; x_wconf 62' lang='lat' dir='ltr'>s&#39;e‘di</span> <span class='ocrx_word' id='word_1_647' title='bbox 1778 1428 1833 1467; x_wconf 77' lang='lat' dir='ltr'>jus</span> <span class='ocrx_word' id='word_1_648' title='bbox 1855 1426 1999 1469; x_wconf 77' lang='lat' dir='ltr'>tribulffet</span> <span class='ocrx_word' id='word_1_649' title='bbox 2015 1436 2058 1457; x_wconf 85' lang='lat' dir='ltr'>re-</span> 
     </span>
     <span class='ocr_line' id='line_1_96' title="bbox 1174 1475 2061 1519; baseline -0.003 -10"><span class='ocrx_word' id='word_1_650' title='bbox 1174 1477 1331 1509; x_wconf 62' lang='lat' dir='ltr'>metandi</span> <span class='ocrx_word' id='word_1_651' title='bbox 1346 1478 1462 1516; x_wconf 77' lang='lat' dir='ltr'>judicia</span> <span class='ocrx_word' id='word_1_652' title='bbox 1484 1479 1730 1508; x_wconf 69' lang='lat' dir='ltr'>provinciarum.</span> <span class='ocrx_word' id='word_1_653' title='bbox 1748 1480 1798 1508; x_wconf 84' lang='lat' dir='ltr'>·At</span> <span class='ocrx_word' id='word_1_654' title='bbox 1811 1475 1935 1519; x_wconf 80' lang='lat' dir='ltr'>fortaffe</span> <span class='ocrx_word' id='word_1_655' title='bbox 1957 1476 2061 1508; x_wconf 77' lang='lat' dir='ltr'>attulit</span> 
     </span>
     <span class='ocr_line' id='line_1_97' title="bbox 1172 1524 2059 1568; baseline -0.002 -10"><span class='ocrx_word' id='word_1_656' title='bbox 1172 1524 1408 1566; x_wconf 81' lang='lat' dir='ltr'>consuetudinem</span> <span class='ocrx_word' id='word_1_657' title='bbox 1422 1525 1628 1567; x_wconf 67' lang='lat' dir='ltr'>antecessorum</span> <span class='ocrx_word' id='word_1_658' title='bbox 1644 1524 1786 1567; x_wconf 87' lang='lat' dir='ltr'>suorum,</span> <span class='ocrx_word' id='word_1_659' title='bbox 1812 1526 2059 1568; x_wconf 83' lang='lat' dir='ltr'>quemadmodum</span> 
     </span>
     <span class='ocr_line' id='line_1_98' title="bbox 1172 1571 2061 1620; baseline 0.002 -14"><span class='ocrx_word' id='word_1_660' title='bbox 1172 1574 1212 1620; x_wconf 77' lang='lat' dir='ltr'>ab</span> <span class='ocrx_word' id='word_1_661' title='bbox 1239 1571 1467 1618; x_wconf 65' lang='lat' dir='ltr'>eo&#39;usurpatum</span> <span class='ocrx_word' id='word_1_662' title='bbox 1488 1575 1625 1606; x_wconf 84' lang='lat' dir='ltr'>videmus</span> <span class='ocrx_word' id='word_1_663' title='bbox 1647 1580 1680 1607; x_wconf 81' lang='lat' dir='ltr'>in</span> <span class='ocrx_word' id='word_1_664' title='bbox 1699 1576 1838 1616; x_wconf 81' lang='lat' dir='ltr'>plurimis</span> <span class='ocrx_word' id='word_1_665' title='bbox 1849 1573 2061 1615; x_wconf 67' lang='lat' dir='ltr'>occasionibus?</span> 
     </span>
     <span class='ocr_line' id='line_1_99' title="bbox 1174 1620 2101 1668; baseline 0.002 -14"><span class='ocrx_word' id='word_1_666' title='bbox 1174 1627 1249 1656; x_wconf 89' lang='lat' dir='ltr'>Non</span> <span class='ocrx_word' id='word_1_667' title='bbox 1271 1620 1407 1665; x_wconf 68' lang='lat' dir='ltr'>itti&#39;sane&#39;</span> <span class='ocrx_word' id='word_1_668' title='bbox 1429 1648 1435 1655; x_wconf 90' lang='lat'><strong>.</strong></span> <span class='ocrx_word' id='word_1_669' title='bbox 1464 1623 1565 1655; x_wconf 82' lang='lat' dir='ltr'>Solam</span> <span class='ocrx_word' id='word_1_670' title='bbox 1592 1626 1658 1668; x_wconf 73' lang='lat' dir='ltr'>ergo</span> <span class='ocrx_word' id='word_1_671' title='bbox 1684 1630 1855 1667; x_wconf 79' lang='lat' dir='ltr'>aequitatem</span> <span class='ocrx_word' id='word_1_672' title='bbox 1872 1626 2062 1667; x_wconf 77' lang='lat' dir='ltr'>praetendit,</span> <span class='ocrx_word' id='word_1_673' title='bbox 2095 1648 2101 1651; x_wconf 86' lang='lat'>-</span> 
     </span>
     <span class='ocr_line' id='line_1_100' title="bbox 1173 1668 2063 1717; baseline 0.001 -12"><span class='ocrx_word' id='word_1_674' title='bbox 1173 1678 1259 1705; x_wconf 86' lang='lat' dir='ltr'>aiens</span> <span class='ocrx_word' id='word_1_675' title='bbox 1272 1668 1436 1706; x_wconf 70' lang='lat' dir='ltr'>&#39;veritatem</span> <span class='ocrx_word' id='word_1_676' title='bbox 1460 1679 1556 1716; x_wconf 80' lang='lat' dir='ltr'>magis</span> <span class='ocrx_word' id='word_1_677' title='bbox 1578 1672 1779 1716; x_wconf 84' lang='lat' dir='ltr'>splendescere</span> <span class='ocrx_word' id='word_1_678' title='bbox 1801 1676 2063 1717; x_wconf 66' lang='lat' dir='ltr'>cumexagitatur,</span> 
     </span>
     <span class='ocr_line' id='line_1_101' title="bbox 1166 1722 2069 1767; baseline 0.001 -13"><span class='ocrx_word' id='word_1_679' title='bbox 1166 1722 1361 1765; x_wconf 53' lang='lat' dir='ltr'>fructumque</span> <span class='ocrx_word' id='word_1_680' title='bbox 1385 1726 1532 1758; x_wconf 74' lang='lat' dir='ltr'>Divinum</span> <span class='ocrx_word' id='word_1_681' title='bbox 1558 1723 1628 1767; x_wconf 81' lang='lat' dir='ltr'>csse,</span> <span class='ocrx_word' id='word_1_682' title='bbox 1647 1725 1712 1756; x_wconf 76' lang='lat' dir='ltr'>cum</span> <span class='ocrx_word' id='word_1_683' title='bbox 1735 1730 1850 1758; x_wconf 85' lang='lat' dir='ltr'>veritas</span> <span class='ocrx_word' id='word_1_684' title='bbox 1859 1722 1940 1767; x_wconf 70' lang='lat' dir='ltr'>saepe&#39;</span> <span class='ocrx_word' id='word_1_685' title='bbox 1951 1730 2069 1756; x_wconf 84' lang='lat' dir='ltr'>exami-</span> 
     </span>
     <span class='ocr_line' id='line_1_102' title="bbox 1176 1772 2066 1809; baseline 0.002 -4"><span class='ocrx_word' id='word_1_686' title='bbox 1176 1781 1285 1809; x_wconf 84' lang='lat' dir='ltr'>natur.</span> <span class='ocrx_word' id='word_1_687' title='bbox 1320 1772 1469 1807; x_wconf 86' lang='lat' dir='ltr'>Adducit</span> <span class='ocrx_word' id='word_1_688' title='bbox 1492 1773 1557 1807; x_wconf 85' lang='lat' dir='ltr'>haec</span> <span class='ocrx_word' id='word_1_689' title='bbox 1584 1773 1775 1808; x_wconf 88' lang='lat' dir='ltr'>Innocentii</span> <span class='ocrx_word' id='word_1_690' title='bbox 1801 1773 1896 1809; x_wconf 82' lang='lat' dir='ltr'>verba</span> <span class='ocrx_word' id='word_1_691' title='bbox 1918 1786 1925 1807; x_wconf 80' lang='lat' dir='ltr'>z</span> <span class='ocrx_word' id='word_1_692' title='bbox 1964 1777 2066 1807; x_wconf 82' lang='lat' dir='ltr'>Grave</span> 
     </span>
     <span class='ocr_line' id='line_1_103' title="bbox 1175 1822 2066 1866; baseline 0.001 -10"><span class='ocrx_word' id='word_1_693' title='bbox 1175 1835 1231 1857; x_wconf 86' lang='lat' dir='ltr'>non</span> <span class='ocrx_word' id='word_1_694' title='bbox 1253 1831 1365 1866; x_wconf 82' lang='lat' dir='ltr'>oportet</span> <span class='ocrx_word' id='word_1_695' title='bbox 1393 1825 1493 1857; x_wconf 80' lang='lat' dir='ltr'>videri</span> <span class='ocrx_word' id='word_1_696' title='bbox 1510 1824 1642 1865; x_wconf 73' lang='lat' dir='ltr'>piissimis</span> <span class='ocrx_word' id='word_1_697' title='bbox 1654 1824 1804 1858; x_wconf 86' lang='lat' dir='ltr'>mentibus</span> <span class='ocrx_word' id='word_1_698' title='bbox 1815 1824 1941 1865; x_wconf 77' lang='lat' dir='ltr'>vestris,</span> <span class='ocrx_word' id='word_1_699' title='bbox 1970 1822 2066 1866; x_wconf 84' lang='lat' dir='ltr'>cujus·-</span> 
     </span>
     <span class='ocr_line' id='line_1_104' title="bbox 1181 1874 2064 1918; baseline -0.002 -11"><span class='ocrx_word' id='word_1_700' title='bbox 1181 1885 1303 1916; x_wconf 87' lang='lat' dir='ltr'>cumque</span> <span class='ocrx_word' id='word_1_701' title='bbox 1328 1874 1485 1908; x_wconf 63' lang='lat' dir='ltr'>retraetari</span> <span class='ocrx_word' id='word_1_702' title='bbox 1501 1876 1650 1915; x_wconf 81' lang='lat' dir='ltr'>judicium</span> <span class='ocrx_word' id='word_1_703' title='bbox 1665 1900 1671 1907; x_wconf 95' lang='lat'><strong>.</strong></span> <span class='ocrx_word' id='word_1_704' title='bbox 1700 1877 1785 1918; x_wconf 63' lang='lat' dir='ltr'>Quia</span> <span class='ocrx_word' id='word_1_705' title='bbox 1797 1881 1916 1908; x_wconf 82' lang='lat' dir='ltr'>veritas</span> <span class='ocrx_word' id='word_1_706' title='bbox 1929 1880 2064 1917; x_wconf 83' lang='lat' dir='ltr'>exagita-</span> 
     </span>
     <span class='ocr_line' id='line_1_105' title="bbox 1174 1923 2064 1968; baseline 0.001 -13"><span class='ocrx_word' id='word_1_707' title='bbox 1174 1933 1208 1955; x_wconf 81' lang='lat' dir='ltr'>ta</span> <span class='ocrx_word' id='word_1_708' title='bbox 1227 1923 1361 1966; x_wconf 74' lang='lat' dir='ltr'>saepiits,</span> <span class='ocrx_word' id='word_1_709' title='bbox 1388 1930 1482 1967; x_wconf 76' lang='lat' dir='ltr'>magis</span> <span class='ocrx_word' id='word_1_710' title='bbox 1502 1923 1683 1968; x_wconf 77' lang='lat' dir='ltr'>splendescit</span> <span class='ocrx_word' id='word_1_711' title='bbox 1704 1931 1736 1957; x_wconf 85' lang='lat' dir='ltr'>in</span> <span class='ocrx_word' id='word_1_712' title='bbox 1753 1926 1836 1965; x_wconf 85' lang='lat' dir='ltr'>luce,</span> <span class='ocrx_word' id='word_1_713' title='bbox 1863 1927 1896 1959; x_wconf 66' lang='grc' dir='ltr'>Θ</span> <span class='ocrx_word' id='word_1_714' title='bbox 1918 1930 2064 1967; x_wconf 78' lang='lat' dir='ltr'>pernicies</span> 
     </span>
     <span class='ocr_line' id='line_1_106' title="bbox 1173 1975 2065 2018; baseline 0.001 -13"><span class='ocrx_word' id='word_1_715' title='bbox 1173 1981 1313 2007; x_wconf 73' lang='lat' dir='ltr'>revocata</span> <span class='ocrx_word' id='word_1_716' title='bbox 1335 1979 1367 2006; x_wconf 82' lang='lat' dir='ltr'>in</span> <span class='ocrx_word' id='word_1_717' title='bbox 1378 1975 1530 2013; x_wconf 71' lang='lat' dir='ltr'>judicium</span> <span class='ocrx_word' id='word_1_718' title='bbox 1545 1999 1555 2014; x_wconf 91' lang='lat'>,</span> <span class='ocrx_word' id='word_1_719' title='bbox 1576 1977 1610 2008; x_wconf 60' lang='grc' dir='ltr'>(ν</span> <span class='ocrx_word' id='word_1_720' title='bbox 1626 1977 1756 2018; x_wconf 75' lang='lat' dir='ltr'>gravius</span> <span class='ocrx_word' id='word_1_721' title='bbox 1771 1975 1871 2017; x_wconf 71' lang='lat' dir='ltr'>&amp;fine</span> <span class='ocrx_word' id='word_1_722' title='bbox 1883 1976 1966 2008; x_wconf 81' lang='lat' dir='ltr'>illius</span> <span class='ocrx_word' id='word_1_723' title='bbox 1979 1997 1989 2013; x_wconf 95' lang='lat'>,</span> <span class='ocrx_word' id='word_1_724' title='bbox 2014 1981 2065 2016; x_wconf 77' lang='lat' dir='ltr'>qut</span> 
     </span>
     <span class='ocr_line' id='line_1_107' title="bbox 1172 2024 2067 2064; baseline 0.003 -11"><span class='ocrx_word' id='word_1_725' title='bbox 1172 2029 1287 2063; x_wconf 83' lang='lat' dir='ltr'>primus</span> <span class='ocrx_word' id='word_1_726' title='bbox 1303 2024 1463 2063; x_wconf 76' lang='lat' dir='ltr'>judicavit</span> <span class='ocrx_word' id='word_1_727' title='bbox 1477 2047 1487 2063; x_wconf 89' lang='lat'>,</span> <span class='ocrx_word' id='word_1_728' title='bbox 1511 2029 1690 2064; x_wconf 76' lang='lat' dir='ltr'>poenitentia</span> <span class='ocrx_word' id='word_1_729' title='bbox 1715 2027 1927 2058; x_wconf 83' lang='lat' dir='ltr'>condemnatur</span> <span class='ocrx_word' id='word_1_730' title='bbox 1942 2049 1949 2055; x_wconf 92' lang='lat'><strong><em>.</em></strong></span> <span class='ocrx_word' id='word_1_731' title='bbox 1977 2029 2067 2057; x_wconf 86' lang='lat' dir='ltr'>Nam</span> 
     </span>
     <span class='ocr_line' id='line_1_108' title="bbox 1169 2069 2071 2117; baseline 0.007 -16"><span class='ocrx_word' id='word_1_732' title='bbox 1169 2069 1293 2111; x_wconf 70' lang='lat' dir='ltr'>fruc‘lus</span> <span class='ocrx_word' id='word_1_733' title='bbox 1318 2074 1451 2103; x_wconf 80' lang='lat' dir='ltr'>Divinus</span> <span class='ocrx_word' id='word_1_734' title='bbox 1476 2072 1665 2114; x_wconf 75' lang='lat' dir='ltr'>estjustitiam</span> <span class='ocrx_word' id='word_1_735' title='bbox 1674 2072 1785 2116; x_wconf 78' lang='lat' dir='ltr'>saepius</span> <span class='ocrx_word' id='word_1_736' title='bbox 1802 2073 1964 2117; x_wconf 83' lang='lat' dir='ltr'>recensere.</span> <span class='ocrx_word' id='word_1_737' title='bbox 1993 2074 2071 2108; x_wconf 83' lang='lat' dir='ltr'>Per-</span> 
     </span>
     <span class='ocr_line' id='line_1_109' title="bbox 1173 2120 2071 2164; baseline 0.006 -12"><span class='ocrx_word' id='word_1_738' title='bbox 1173 2120 1224 2164; x_wconf 88' lang='lat' dir='ltr'>git</span> <span class='ocrx_word' id='word_1_739' title='bbox 1248 2120 1283 2152; x_wconf 87' lang='lat' dir='ltr'>in</span> <span class='ocrx_word' id='word_1_740' title='bbox 1307 2120 1452 2162; x_wconf 86' lang='lat' dir='ltr'>sequenti</span> <span class='ocrx_word' id='word_1_741' title='bbox 1479 2122 1585 2162; x_wconf 87' lang='lat' dir='ltr'>capite</span> <span class='ocrx_word' id='word_1_742' title='bbox 1608 2134 1614 2152; x_wconf 91' lang='lat'>:</span> <span class='ocrx_word' id='word_1_743' title='bbox 1656 2123 1778 2154; x_wconf 77' lang='lat' dir='ltr'>Primus</span> <span class='ocrx_word' id='word_1_744' title='bbox 1816 2130 1947 2156; x_wconf 78' lang='lat' dir='ltr'>omnium</span> <span class='ocrx_word' id='word_1_745' title='bbox 1983 2126 2071 2157; x_wconf 62' lang='grc' dir='ltr'><strong><em>Ζού-</em></strong></span> 
     </span>
     <span class='ocr_line' id='line_1_110' title="bbox 1173 2168 2071 2213; baseline 0.002 -11"><span class='ocrx_word' id='word_1_746' title='bbox 1173 2181 1237 2202; x_wconf 86' lang='lat' dir='ltr'>mus</span> <span class='ocrx_word' id='word_1_747' title='bbox 1271 2171 1358 2210; x_wconf 88' lang='lat' dir='ltr'>Papa</span> <span class='ocrx_word' id='word_1_748' title='bbox 1380 2173 1517 2203; x_wconf 85' lang='lat' dir='ltr'>Canones</span> <span class='ocrx_word' id='word_1_749' title='bbox 1532 2168 1720 2212; x_wconf 71' lang='lat' dir='ltr'>sardicenses</span> <span class='ocrx_word' id='word_1_750' title='bbox 1727 2171 1858 2213; x_wconf 86' lang='lat' dir='ltr'>protulit</span> <span class='ocrx_word' id='word_1_751' title='bbox 1871 2196 1880 2212; x_wconf 93' lang='lat'>,</span> <span class='ocrx_word' id='word_1_752' title='bbox 1906 2175 2071 2206; x_wconf 78' lang='lat' dir='ltr'>contendit-</span> 
     </span>
     <span class='ocr_line' id='line_1_111' title="bbox 1174 2220 2068 2264; baseline 0.003 -12"><span class='ocrx_word' id='word_1_753' title='bbox 1174 2230 1229 2262; x_wconf 88' lang='lat' dir='ltr'>que</span> <span class='ocrx_word' id='word_1_754' title='bbox 1251 2228 1284 2253; x_wconf 87' lang='lat' dir='ltr'>ut</span> <span class='ocrx_word' id='word_1_755' title='bbox 1306 2225 1339 2251; x_wconf 84' lang='lat' dir='ltr'>in</span> <span class='ocrx_word' id='word_1_756' title='bbox 1361 2221 1516 2252; x_wconf 84' lang='lat' dir='ltr'>Occidente</span> <span class='ocrx_word' id='word_1_757' title='bbox 1535 2225 1600 2251; x_wconf 79' lang='lat' dir='ltr'>vim</span> <span class='ocrx_word' id='word_1_758' title='bbox 1625 2221 1696 2264; x_wconf 86' lang='lat' dir='ltr'>legis</span> <span class='ocrx_word' id='word_1_759' title='bbox 1723 2220 1904 2254; x_wconf 75' lang='lat' dir='ltr'>obtinerent.</span> <span class='ocrx_word' id='word_1_760' title='bbox 1934 2222 2068 2255; x_wconf 79' lang='lat' dir='ltr'>Arbitror</span> 
     </span>
     <span class='ocr_line' id='line_1_112' title="bbox 1175 2267 2068 2312; baseline 0.002 -9"><span class='ocrx_word' id='word_1_761' title='bbox 1175 2279 1275 2303; x_wconf 86' lang='lat' dir='ltr'>autem</span> <span class='ocrx_word' id='word_1_762' title='bbox 1301 2270 1336 2301; x_wconf 83' lang='lat' dir='ltr'>id</span> <span class='ocrx_word' id='word_1_763' title='bbox 1351 2281 1417 2301; x_wconf 85' lang='lat' dir='ltr'>eum</span> <span class='ocrx_word' id='word_1_764' title='bbox 1443 2267 1547 2310; x_wconf 71' lang='lat' dir='ltr'>consilii</span> <span class='ocrx_word' id='word_1_765' title='bbox 1569 2271 1687 2312; x_wconf 82' lang='lat' dir='ltr'>cepisse,</span> <span class='ocrx_word' id='word_1_766' title='bbox 1716 2271 1796 2312; x_wconf 68' lang='lat' dir='ltr'>quod</span> <span class='ocrx_word' id='word_1_767' title='bbox 1811 2274 1955 2305; x_wconf 77' lang='lat' dir='ltr'>Honorius</span> <span class='ocrx_word' id='word_1_768' title='bbox 1968 2274 2002 2305; x_wconf 68' lang='grc'>(9·</span> <span class='ocrx_word' id='word_1_769' title='bbox 2017 2280 2068 2304; x_wconf 78' lang='grc' dir='ltr'>Αν-</span> 
     </span>
     <span class='ocr_line' id='line_1_113' title="bbox 1175 2319 2067 2362; baseline 0.003 -9"><span class='ocrx_word' id='word_1_770' title='bbox 1175 2321 1279 2353; x_wconf 85' lang='lat' dir='ltr'>cadius</span> <span class='ocrx_word' id='word_1_771' title='bbox 1302 2322 1500 2360; x_wconf 86' lang='lat' dir='ltr'>Imperatores</span> <span class='ocrx_word' id='word_1_772' title='bbox 1519 2320 1612 2361; x_wconf 67' lang='lat' dir='ltr'>paula</span> <span class='ocrx_word' id='word_1_773' title='bbox 1636 2328 1707 2353; x_wconf 78' lang='lat' dir='ltr'>ante</span> <span class='ocrx_word' id='word_1_774' title='bbox 1727 2319 1886 2362; x_wconf 82' lang='lat' dir='ltr'>objecissent</span> <span class='ocrx_word' id='word_1_775' title='bbox 1903 2324 1959 2362; x_wconf 86' lang='lat' dir='ltr'>jus</span> <span class='ocrx_word' id='word_1_776' title='bbox 1970 2333 2067 2356; x_wconf 86' lang='lat' dir='ltr'>conce·</span> 
     </span>
     <span class='ocr_line' id='line_1_114' title="bbox 1176 2367 2066 2415; baseline 0.003 -13"><span class='ocrx_word' id='word_1_777' title='bbox 1176 2371 1269 2406; x_wconf 83' lang='lat' dir='ltr'>dendi</span> <span class='ocrx_word' id='word_1_778' title='bbox 1294 2367 1450 2411; x_wconf 83' lang='lat' dir='ltr'>Rescripta</span> <span class='ocrx_word' id='word_1_779' title='bbox 1466 2378 1521 2410; x_wconf 84' lang='lat' dir='ltr'>pro</span> <span class='ocrx_word' id='word_1_780' title='bbox 1545 2370 1735 2403; x_wconf 71' lang='lat' dir='ltr'>retrat‘lando</span> <span class='ocrx_word' id='word_1_781' title='bbox 1751 2372 1867 2411; x_wconf 83' lang='lat' dir='ltr'>judicio</span> <span class='ocrx_word' id='word_1_782' title='bbox 1910 2371 2066 2415; x_wconf 85' lang='lat' dir='ltr'>Episcopo-</span> 
     </span>
     <span class='ocr_line' id='line_1_115' title="bbox 1179 2417 2066 2466; baseline 0.003 -14"><span class='ocrx_word' id='word_1_783' title='bbox 1179 2432 1244 2454; x_wconf 87' lang='lat' dir='ltr'>rum</span> <span class='ocrx_word' id='word_1_784' title='bbox 1269 2417 1473 2460; x_wconf 81' lang='lat' dir='ltr'>depofitorum.</span> <span class='ocrx_word' id='word_1_785' title='bbox 1499 2419 1700 2460; x_wconf 78' lang='lat' dir='ltr'>Existimavit</span> <span class='ocrx_word' id='word_1_786' title='bbox 1720 2426 1820 2463; x_wconf 79' lang='lat' dir='ltr'>itaque</span> <span class='ocrx_word' id='word_1_787' title='bbox 1843 2422 1985 2455; x_wconf 80' lang='lat' dir='ltr'>zozimus</span> <span class='ocrx_word' id='word_1_788' title='bbox 1993 2436 2066 2466; x_wconf 82' lang='lat' dir='ltr'>gra-</span> 
     </span>
     <span class='ocr_line' id='line_1_116' title="bbox 1180 2468 2063 2513; baseline 0.005 -12"><span class='ocrx_word' id='word_1_789' title='bbox 1180 2479 1243 2504; x_wconf 86' lang='lat' dir='ltr'>rum</span> <span class='ocrx_word' id='word_1_790' title='bbox 1266 2468 1421 2513; x_wconf 71' lang='lat' dir='ltr'>Epist-opis,</span> <span class='ocrx_word' id='word_1_791' title='bbox 1437 2469 1580 2511; x_wconf 81' lang='lat' dir='ltr'>futurum</span> <span class='ocrx_word' id='word_1_792' title='bbox 1601 2494 1612 2510; x_wconf 91' lang='lat'>,</span> <span class='ocrx_word' id='word_1_793' title='bbox 1643 2469 1840 2512; x_wconf 80' lang='lat' dir='ltr'>fi-revisiones</span> <span class='ocrx_word' id='word_1_794' title='bbox 1860 2483 1917 2504; x_wconf 87' lang='lat' dir='ltr'>non</span> <span class='ocrx_word' id='word_1_795' title='bbox 1948 2476 2063 2505; x_wconf 72' lang='lat' dir='ltr'>omnino</span> 
     </span>
    </p>
   </div>
   <div class='ocr_carea' id='block_1_13' title="bbox 1170 2619 2063 3403">
    <p class='ocr_par' dir='ltr' id='par_1_15' title="bbox 1170 2619 2063 3366">
     <span class='ocr_line' id='line_1_117' title="bbox 1227 2619 2063 2669; baseline 0.006 -16"><span class='ocrx_word' id='word_1_796' title='bbox 1227 2620 1358 2654; x_wconf 86' lang='lat' dir='ltr'>Errores</span> <span class='ocrx_word' id='word_1_797' title='bbox 1372 2619 1469 2653; x_wconf 86' lang='lat' dir='ltr'>varii.</span> <span class='ocrx_word' id='word_1_798' title='bbox 1498 2620 1628 2656; x_wconf 88' lang='lat' dir='ltr'>Primus</span> <span class='ocrx_word' id='word_1_799' title='bbox 1643 2623 1688 2657; x_wconf 87' lang='lat' dir='ltr'>est</span> <span class='ocrx_word' id='word_1_800' title='bbox 1700 2648 1711 2663; x_wconf 96' lang='lat'>,</span> <span class='ocrx_word' id='word_1_801' title='bbox 1737 2624 1824 2669; x_wconf 77' lang='lat' dir='ltr'>quod</span> <span class='ocrx_word' id='word_1_802' title='bbox 1841 2624 1984 2659; x_wconf 88' lang='lat' dir='ltr'>Romani</span> <span class='ocrx_word' id='word_1_803' title='bbox 1998 2624 2063 2658; x_wconf 84' lang='lat' dir='ltr'>Im-</span> 
     </span>
     <span class='ocr_line' id='line_1_118' title="bbox 1177 2671 2058 2718; baseline 0.006 -15"><span class='ocrx_word' id='word_1_804' title='bbox 1177 2681 1337 2714; x_wconf 84' lang='lat' dir='ltr'>peratores</span> <span class='ocrx_word' id='word_1_805' title='bbox 1350 2681 1495 2714; x_wconf 84' lang='lat' dir='ltr'>unquam</span> <span class='ocrx_word' id='word_1_806' title='bbox 1521 2671 1693 2706; x_wconf 78' lang='lat' dir='ltr'>habuerint</span> <span class='ocrx_word' id='word_1_807' title='bbox 1714 2675 1765 2718; x_wconf 87' lang='lat' dir='ltr'>jus</span> <span class='ocrx_word' id='word_1_808' title='bbox 1786 2677 1950 2709; x_wconf 81' lang='lat' dir='ltr'>sacrarum</span> <span class='ocrx_word' id='word_1_809' title='bbox 1974 2674 2058 2708; x_wconf 88' lang='lat' dir='ltr'>dele-</span> 
     </span>
     <span class='ocr_line' id='line_1_119' title="bbox 1175 2721 2058 2768; baseline 0.003 -14"><span class='ocrx_word' id='word_1_810' title='bbox 1175 2721 1345 2765; x_wconf 84' lang='lat' dir='ltr'>gationum</span> <span class='ocrx_word' id='word_1_811' title='bbox 1371 2745 1381 2760; x_wconf 93' lang='lat'>,</span> <span class='ocrx_word' id='word_1_812' title='bbox 1417 2722 1470 2755; x_wconf 91' lang='lat' dir='ltr'>seu</span> <span class='ocrx_word' id='word_1_813' title='bbox 1497 2723 1782 2758; x_wconf 82' lang='lat' dir='ltr'>concedendorum</span> <span class='ocrx_word' id='word_1_814' title='bbox 1811 2725 2058 2768; x_wconf 84' lang='lat' dir='ltr'>Rescriptorurn</span> 
     </span>
     <span class='ocr_line' id='line_1_120' title="bbox 1175 2770 2057 2818; baseline 0.003 -14"><span class='ocrx_word' id='word_1_815' title='bbox 1175 2783 1232 2815; x_wconf 85' lang='lat' dir='ltr'>pro</span> <span class='ocrx_word' id='word_1_816' title='bbox 1253 2771 1462 2805; x_wconf 69' lang='lat' dir='ltr'>retrastandis</span> <span class='ocrx_word' id='word_1_817' title='bbox 1478 2770 1712 2812; x_wconf 38' lang='lat' dir='ltr'>damnatorum.</span> <span class='ocrx_word' id='word_1_818' title='bbox 1742 2775 1980 2818; x_wconf 84' lang='lat' dir='ltr'>Episcoporum</span> <span class='ocrx_word' id='word_1_819' title='bbox 2002 2775 2057 2816; x_wconf 92' lang='lat' dir='ltr'>Sy-</span> 
     </span>
     <span class='ocr_line' id='line_1_121' title="bbox 1177 2820 2057 2870; baseline 0.003 -16"><span class='ocrx_word' id='word_1_820' title='bbox 1177 2820 1352 2855; x_wconf 85' lang='lat' dir='ltr'>nodalibus</span> <span class='ocrx_word' id='word_1_821' title='bbox 1377 2820 1506 2863; x_wconf 80' lang='lat' dir='ltr'>judiciis</span> <span class='ocrx_word' id='word_1_822' title='bbox 1532 2847 1538 2853; x_wconf 96' lang='lat'>.</span> <span class='ocrx_word' id='word_1_823' title='bbox 1576 2823 1663 2870; x_wconf 84' lang='lat' dir='ltr'>Qis</span> <span class='ocrx_word' id='word_1_824' title='bbox 1698 2825 1788 2859; x_wconf 90' lang='lat' dir='ltr'>enim</span> <span class='ocrx_word' id='word_1_825' title='bbox 1826 2824 2057 2869; x_wconf 84' lang='lat' dir='ltr'>Evangelista,</span> 
     </span>
     <span class='ocr_line' id='line_1_122' title="bbox 1174 2871 2056 2918; baseline 0.005 -14"><span class='ocrx_word' id='word_1_826' title='bbox 1174 2871 1246 2913; x_wconf 87' lang='lat' dir='ltr'>quis</span> <span class='ocrx_word' id='word_1_827' title='bbox 1273 2871 1471 2915; x_wconf 85' lang='lat' dir='ltr'>Apostolus,</span> <span class='ocrx_word' id='word_1_828' title='bbox 1496 2872 1568 2915; x_wconf 84' lang='lat' dir='ltr'>quis</span> <span class='ocrx_word' id='word_1_829' title='bbox 1582 2874 1735 2917; x_wconf 88' lang='lat' dir='ltr'>Apostoli</span> <span class='ocrx_word' id='word_1_830' title='bbox 1751 2874 1959 2918; x_wconf 84' lang='lat' dir='ltr'>Discipulus‚</span> <span class='ocrx_word' id='word_1_831' title='bbox 1986 2885 2056 2917; x_wconf 75' lang='lat' dir='ltr'>quz</span> 
     </span>
     <span class='ocr_line' id='line_1_123' title="bbox 1174 2919 2057 2969; baseline 0.003 -14"><span class='ocrx_word' id='word_1_832' title='bbox 1174 2919 1704 2967; x_wconf 51' lang='lat' dir='ltr'>Synodusistudjusimpartivit‚¹</span> <span class='ocrx_word' id='word_1_833' title='bbox 1729 2924 1897 2969; x_wconf 88' lang='lat' dir='ltr'>probavit,</span> <span class='ocrx_word' id='word_1_834' title='bbox 1924 2925 2057 2958; x_wconf 86' lang='lat' dir='ltr'>autlau-</span> 
     </span>
     <span class='ocr_line' id='line_1_124' title="bbox 1174 2971 2058 3017; baseline 0.001 -11"><span class='ocrx_word' id='word_1_835' title='bbox 1174 2972 1293 3006; x_wconf 79' lang='lat' dir='ltr'>davit?</span> <span class='ocrx_word' id='word_1_836' title='bbox 1320 2971 1418 3005; x_wconf 75' lang='lat' dir='ltr'>Certe</span> <span class='ocrx_word' id='word_1_837' title='bbox 1442 2973 1525 3006; x_wconf 83' lang='lat' dir='ltr'>inter</span> <span class='ocrx_word' id='word_1_838' title='bbox 1548 2974 1709 3014; x_wconf 86' lang='lat' dir='ltr'>crimina,</span> <span class='ocrx_word' id='word_1_839' title='bbox 1735 2986 1805 3017; x_wconf 83' lang='lat' dir='ltr'>quae</span> <span class='ocrx_word' id='word_1_840' title='bbox 1831 2974 1946 3007; x_wconf 66' lang='lat' dir='ltr'>Sane’to</span> <span class='ocrx_word' id='word_1_841' title='bbox 1973 2973 2058 3007; x_wconf 79' lang='lat' dir='ltr'>Hie-</span> 
     </span>
     <span class='ocr_line' id='line_1_125' title="bbox 1175 3022 2055 3066; baseline 0.002 -12"><span class='ocrx_word' id='word_1_842' title='bbox 1175 3034 1317 3065; x_wconf 86' lang='lat' dir='ltr'>ronymo</span> <span class='ocrx_word' id='word_1_843' title='bbox 1345 3023 1574 3066; x_wconf 87' lang='lat' dir='ltr'>improperavit</span> <span class='ocrx_word' id='word_1_844' title='bbox 1602 3023 1753 3056; x_wconf 85' lang='lat' dir='ltr'>Ruffinus</span> <span class='ocrx_word' id='word_1_845' title='bbox 1771 3022 1964 3065; x_wconf 82' lang='lat' dir='ltr'>Presbyter,</span> <span class='ocrx_word' id='word_1_846' title='bbox 1991 3023 2055 3056; x_wconf 86' lang='lat' dir='ltr'>fuit</span> 
     </span>
     <span class='ocr_line' id='line_1_126' title="bbox 1176 3071 2054 3116; baseline 0 -10"><span class='ocrx_word' id='word_1_847' title='bbox 1176 3072 1208 3106; x_wconf 88' lang='lat'>&amp;</span> <span class='ocrx_word' id='word_1_848' title='bbox 1229 3071 1314 3106; x_wconf 87' lang='lat' dir='ltr'>hoc:</span> <span class='ocrx_word' id='word_1_849' title='bbox 1343 3074 1475 3116; x_wconf 73' lang='lat' dir='ltr'>,Quando</span> <span class='ocrx_word' id='word_1_850' title='bbox 1503 3075 1596 3114; x_wconf 83' lang='lat' dir='ltr'>Papae</span> <span class='ocrx_word' id='word_1_851' title='bbox 1623 3072 1775 3115; x_wconf 76' lang='lat' dir='ltr'>Theophili</span> <span class='ocrx_word' id='word_1_852' title='bbox 1782 3071 1962 3116; x_wconf 79' lang='lat' dir='ltr'>sententiam</span> <span class='ocrx_word' id='word_1_853' title='bbox 1970 3072 2054 3115; x_wconf 74' lang='lat' dir='ltr'>sequi</span> 
     </span>
     <span class='ocr_line' id='line_1_127' title="bbox 1178 3121 2053 3166; baseline -0.001 -10"><span class='ocrx_word' id='word_1_854' title='bbox 1178 3122 1282 3163; x_wconf 66' lang='lat' dir='ltr'>coepisti</span> <span class='ocrx_word' id='word_1_855' title='bbox 1296 3146 1306 3161; x_wconf 93' lang='lat'>‚</span> <span class='ocrx_word' id='word_1_856' title='bbox 1334 3127 1415 3164; x_wconf 78' lang='lat' dir='ltr'>eique</span> <span class='ocrx_word' id='word_1_857' title='bbox 1429 3122 1501 3164; x_wconf 81' lang='lat' dir='ltr'>fidei</span> <span class='ocrx_word' id='word_1_858' title='bbox 1521 3130 1716 3156; x_wconf 84' lang='lat' dir='ltr'>communione</span> <span class='ocrx_word' id='word_1_859' title='bbox 1733 3121 1860 3166; x_wconf 83' lang='lat' dir='ltr'>sociatus</span> <span class='ocrx_word' id='word_1_860' title='bbox 1882 3135 1911 3156; x_wconf 88' lang='lat' dir='ltr'>es</span> <span class='ocrx_word' id='word_1_861' title='bbox 1938 3124 1949 3154; x_wconf 86' lang='lat'>?</span> <span class='ocrx_word' id='word_1_862' title='bbox 1975 3125 2053 3155; x_wconf 86' lang='lat' dir='ltr'>Tunc</span> 
     </span>
     <span class='ocr_line' id='line_1_128' title="bbox 1174 3173 2051 3215; baseline -0.001 -10"><span class='ocrx_word' id='word_1_863' title='bbox 1174 3173 1274 3211; x_wconf 86' lang='lat' dir='ltr'>credo,</span> <span class='ocrx_word' id='word_1_864' title='bbox 1302 3173 1420 3213; x_wconf 79' lang='lat' dir='ltr'>quando</span> <span class='ocrx_word' id='word_1_865' title='bbox 1446 3174 1573 3205; x_wconf 87' lang='lat' dir='ltr'>Paulum</span> <span class='ocrx_word' id='word_1_866' title='bbox 1594 3198 1604 3214; x_wconf 89' lang='lat'>‚</span> <span class='ocrx_word' id='word_1_867' title='bbox 1644 3184 1728 3215; x_wconf 86' lang='lat' dir='ltr'>quem</span> <span class='ocrx_word' id='word_1_868' title='bbox 1757 3174 1804 3206; x_wconf 82' lang='lat' dir='ltr'>ille</span> <span class='ocrx_word' id='word_1_869' title='bbox 1831 3175 2051 3210; x_wconf 72' lang='lat' dir='ltr'>damnaverat,</span> 
     </span>
     <span class='ocr_line' id='line_1_129' title="bbox 1170 3219 2052 3264; baseline 0.002 -11"><span class='ocrx_word' id='word_1_870' title='bbox 1170 3221 1282 3264; x_wconf 87' lang='lat' dir='ltr'>summo</span> <span class='ocrx_word' id='word_1_871' title='bbox 1303 3219 1367 3264; x_wconf 75' lang='lat' dir='ltr'>nisu</span> <span class='ocrx_word' id='word_1_872' title='bbox 1387 3224 1420 3256; x_wconf 64' lang='lat' dir='ltr'>(y</span> <span class='ocrx_word' id='word_1_873' title='bbox 1445 3223 1578 3255; x_wconf 84' lang='lat' dir='ltr'>omnibus</span> <span class='ocrx_word' id='word_1_874' title='bbox 1597 3222 1707 3262; x_wconf 81' lang='lat' dir='ltr'>studiis</span> <span class='ocrx_word' id='word_1_875' title='bbox 1730 3221 1932 3263; x_wconf 84' lang='lat' dir='ltr'>defendebas,</span> <span class='ocrx_word' id='word_1_876' title='bbox 1958 3233 2052 3264; x_wconf 87' lang='lat' dir='ltr'>quan-</span> 
     </span>
     <span class='ocr_line' id='line_1_130' title="bbox 1176 3271 2050 3316; baseline -0.001 -12"><span class='ocrx_word' id='word_1_877' title='bbox 1176 3273 1213 3304; x_wconf 91' lang='lat' dir='ltr'>do</span> <span class='ocrx_word' id='word_1_878' title='bbox 1235 3283 1299 3304; x_wconf 87' lang='lat' dir='ltr'>eum</span> <span class='ocrx_word' id='word_1_879' title='bbox 1315 3280 1370 3313; x_wconf 81' lang='lat' dir='ltr'>per</span> <span class='ocrx_word' id='word_1_880' title='bbox 1393 3273 1548 3314; x_wconf 83' lang='lat' dir='ltr'>Imperiale</span> <span class='ocrx_word' id='word_1_881' title='bbox 1572 3271 1754 3316; x_wconf 73' lang='lat' dir='ltr'>Reftriptum</span> <span class='ocrx_word' id='word_1_882' title='bbox 1774 3277 1898 3313; x_wconf 85' lang='lat' dir='ltr'>recipere</span> <span class='ocrx_word' id='word_1_883' title='bbox 1914 3274 2050 3305; x_wconf 74' lang='lat' dir='ltr'>sacerdo·</span> 
     </span>
     <span class='ocr_line' id='line_1_131' title="bbox 1177 3320 2051 3366; baseline -0.005 -10"><span class='ocrx_word' id='word_1_884' title='bbox 1177 3328 1272 3361; x_wconf 87' lang='lat' dir='ltr'>tium,</span> <span class='ocrx_word' id='word_1_885' title='bbox 1297 3323 1376 3364; x_wconf 75' lang='lat' dir='ltr'>quod,</span> <span class='ocrx_word' id='word_1_886' title='bbox 1399 3320 1567 3366; x_wconf 76' lang='lat' dir='ltr'>Episcopali</span> <span class='ocrx_word' id='word_1_887' title='bbox 1585 3324 1698 3366; x_wconf 80' lang='lat' dir='ltr'>judicio</span> <span class='ocrx_word' id='word_1_888' title='bbox 1723 3320 1863 3365; x_wconf 75' lang='lat' dir='ltr'>amiserat</span> <span class='ocrx_word' id='word_1_889' title='bbox 1887 3347 1898 3364; x_wconf 83' lang='lat'>‚</span> <span class='ocrx_word' id='word_1_890' title='bbox 1934 3321 2051 3364; x_wconf 79' lang='lat' dir='ltr'>instiga·</span> 
     </span>
    </p>

    <p class='ocr_par' dir='ltr' id='par_1_16' title="bbox 1931 3371 2001 3403">
     <span class='ocr_line' id='line_1_132' title="bbox 1931 3371 2001 3403; baseline 0 0"><span class='ocrx_word' id='word_1_891' title='bbox 1931 3371 2001 3403; x_wconf 83' lang='lat' dir='ltr'>bas.</span> 
     </span>
    </p>
   </div>
  </div>
 </body>
</html>
