2366 3756
101 1779 140 1811 Ps.
167 1789 229 1815 132·

97 1896 169 1935 Cap.
203 1899 248 1926 28·

165 2552 231 2577 ·¹9·

528 201 1062 245 ΕοΝςιιῙυΜ

1134 199 1898 245 BENEVENTANUM.

1964 215 2051 244 121

280 286 366 326 apud
388 284 582 316 Cardinalem
607 285 773 318 Baronium
786 305 795 320 ‚
824 282 1056 320 idqueaccep1t‚
1085 288 1117 311 ut
1128 281 1183 311 te-l
1235 281 1268 314 (5
1289 280 1436 313 habitatio
1457 281 1555 322 vestra
1567 281 1606 323 fit
1621 284 1721 323 juxta
1742 282 1914 324 Ecslefiam.

275 335 377 377 statur
390 340 440 374 is,
467 335 486 365 ἃ
502 333 628 365 Camillo
639 334 806 372 Caietano,
834 329 1012 362 Patriarcba
1042 330 1169 362 Alexan-

279 387 364 418 drino
376 408 385 422 ,
398 383 531 427 ejusdcm
544 381 711 421 Momsteru
720 381 982 412 Commendatario
994 404 1004 419 ‚
1032 390 1108 411 nune
1120 391 1168 411 au-

278 446 339 469 rem
352 434 493 478 servatur
515 436 581 475 ejus
593 431 758 471 exemplum
783 431 867 470 apud
888 433 924 462 R.
949 434 983 463 P.
1012 434 1169 462 Dominum

277 486 513 527 constantinum
527 486 729 524 cajetanum,
755 478 932 513 Monachum
955 477 1167 522 Casfinensem,

281 538 316 569 (θ’
342 535 486 568 Abbatem
512 534 615 566 saecli
642 535 775 564 Aramis.
805 530 924 564 Codex
949 531 994 564 est
1026 530 1169 564 vetustus

281 587 315 620 &
343 588 452 623 rosus,
476 580 622 625 ideoque
648 592 706 626 pro
721 580 846 619 verbis,
878 584 1004 614 Litteris
1016 580 1170 618 distinc‘lio·

278 638 376 669 nis&
395 632 627 673 constitutionis,
654 629 781 665 videtur
811 630 1012 675 legendum:
1039 634 1166 663 Litteris

280 684 489 724 disiric‘liom's.
518 683 647 718 Eodem
674 681 707 715 in
737 679 850 715 codice
872 679 1009 715 habetur
1044 681 1169 715 Leonis

278 735 362 767 noni
391 734 432 769 de
460 732 522 768 hac
560 733 652 767 causa
688 732 868 765 Decretum
891 744 898 763 ε
936 735 1022 764 Anno
1060 733 1169 762 Domni

283 789 390 821 Leonis
413 790 513 823 noni,
543 786 652 816 Summi
679 781 833 823 Pontificis
857 787 876 821 ‚'
918 783 952 816 (Ὗ
987 781 1168 823 universalis

280 837 376 876 Papa
391 859 401 874 ,
427 839 553 876 quinto,
579 832 742 866 indic‘lione
762 830 854 875 sexta
880 856 890 872 ‚
928 830 1026 874 mense
1044 835 1168 875 Junio,

278 885 326 917 die
351 885 483 923 decima,
507 895 572 916 cum
593 884 672 916 idem
697 886 755 915 Leo
779 886 880 915 contra
895 884 1009 924 Apuliae
1017 880 1170 923 finesper-

273 943 358 978 geret
368 957 378 972 ,
403 939 527 966 occurrit
537 939 563 966 ei
578 933 750 975 Luitfridus
763 932 865 966 Abbas
879 931 1046 973 Monasterii
1067 932 1169 964 saniei

277 988 428 1017 Vincentii
449 982 611 1024 adfantes
636 984 800 1022 Vulturni,
825 983 994 1025 conquestus
1005 991 1108 1015 contra
1121 983 1170 1015 Al-

276 1032 393 1066 bertum
412 1033 620 1071 Presbyterum
644 1032 867 1066 &Monachum
882 1055 892 1071 ,
919 1031 1110 1075 usurpantem
1112 1031 1170 1074 fibi

276 1094 381 1116 nomen
407 1083 533 1116 Abbati:
556 1090 589 1116 in
611 1083 788 1123 Monafterio
809 1083 929 1116 sanHae
943 1087 1052 1116 Μανίας
1065 1085 1100 1117 de
1111 1087 1171 1115 Ca-

271 1133 395 1174 flineto.
427 1137 506 1166 Tunc
527 1133 733 1175 adsistentibus
739 1133 880 1175 pluribus
896 1132 1081 1175 Praesulibus
1094 1159 1104 1173 ,
1131 1133 1170 1166 ab

275 1185 375 1217 eodem
396 1187 494 1217 Leone
520 1182 607 1226 causa
622 1184 659 1224 est
671 1184 853 1230 adjudicata
866 1183 975 1215 Abbati
987 1183 1088 1216 sancii
1100 1187 1167 1216 Vin-

275 1240 384 1267 centli.
412 1234 506 1268 Huic
528 1234 653 1277 judicio
676 1233 911 1268 adfuiciterum
927 1234 1046 1268 Petrus
1059 1233 1168 1267 Amal-

275 1281 431 1326 phitanus
447 1283 722 1327 Archiepiscopus
740 1309 747 1316 .
773 1283 895 1318 Adfuit
918 1284 951 1317 ὃ(
965 1282 1168 1328 expeditioni

275 1333 446 1367 adversum
471 1334 724 1374 Nortmannos,
751 1334 891 1378 ideoque
903 1335 1001 1368 etiam
1016 1345 1091 1368 cum
1104 1333 1170 1367 istis

275 1382 404 1416 videtur
429 1395 497 1417 non
522 1383 604 1417 bene
627 1383 832 1416 conveniffe.

326 1435 457 1467 Domus
480 1434 601 1467 Sanctae
624 1432 741 1465 Mariae
760 1432 801 1466 de
822 1431 994 1466 Castineto
1022 1433 1170 1467 titulatur

273 1480 329 1516 hic
355 1484 386 1516 &
414 1483 531 1521 Cella,
558 1482 848 1515 &Monasterium
873 1508 879 1513 .
909 1483 988 1515 Vox
1009 1507 1019 1522 ‚
1062 1485 1171 1522 Cella,

273 1532 358 1573 apud
372 1531 524 1572 antiquos
548 1531 613 1562 fuit
625 1531 719 1562 varia:
733 1530 1001 1574 significationis.
1030 1530 1144 1561 Primo
1160 1554 1170 1569 ‚

272 1580 435 1624 significat
446 1579 640 1612 rusticorum
665 1579 751 1611 casas
767 1601 777 1616 ,
801 1579 853 1611 seu
879 1578 1038 1621 mapalia.
1074 1578 1170 1611 Hinc

270 1630 363 1664 enim
387 1629 428 1663 de
450 1628 701 1662 Donatistarum
724 1626 1046 1661 circumcellionibus
1058 1627 1170 1661 scribit

271 1680 307 1713 in
337 1679 538 1712 psalmorum
558 1677 820 1712 Commentariis
839 1677 975 1711 Sanetus
1013 1676 1167 1722 Augusti-

271 1741 353 1764 nus:
382 1729 634 1763 circumcelliones
654 1726 800 1761 ‘'vocantur
821 1750 831 1766 ,
871 1739 929 1760 non
956 1728 1143 1762 circellionet
1162 1753 1169 1759 .

273 1785 359 1813 Nam
380 1780 631 1813 Circumcelliones
656 1779 729 1811 diHi
746 1776 841 1821 sunt,
870 1782 944 1819 quia
969 1783 1077 1811 circum
1102 1779 1165 1811 Cel-

272 1832 320 1863 las
345 1838 498 1874 vagantur
512 1854 519 1862 .
546 1830 646 1863 Solent
668 1835 747 1862 enim
758 1836 801 1862 ire
812 1828 868 1860 bac
880 1838 972 1870 atque
985 1830 1078 1867 illac,
1104 1827 1170 1871 nusz

272 1892 362 1924 quam
387 1880 533 1912 habentes
549 1878 657 1922 sedes.
686 1879 730 1912 Et
757 1878 790 1911 in
819 1879 925 1921 primo
948 1878 1033 1912 libro
1060 1877 1169 1912 adver-

272 1930 324 1964 sus
343 1928 589 1963 Gaudentium:
619 1936 682 1965 Hoc
697 1939 791 1972 genus
817 1928 966 1962 bominum
990 1953 1001 1968 ,
1027 1928 1066 1961 ab
1091 1930 1169 1962 utili-

273 1981 326 2014 bus
347 1979 486 2022 operibus
510 1977 629 2021 otioficm
641 2003 652 2018 ,
683 1979 850 2019 viliffimum
872 1986 905 2012 in
921 1978 988 2022 suis
1010 2001 1020 2017 ,
1045 1984 1169 2011 territat

270 2037 305 2064 in
326 2037 405 2073 agris
424 2054 434 2069 ,
460 2029 500 2062 ab
522 2036 605 2073 agris
627 2038 740 2069 vat‘at,
767 2031 802 2063 Θ·
823 2029 923 2062 villus
939 2027 1088 2072 suicausa
1103 2030 1170 2062 Cel÷

272 2083 319 2115 las
341 2086 472 2114 circumit
494 2080 655 2124 rusticanas
684 2104 691 2111 .
728 2081 814 2113 Unde
838 2080 872 2113 (⁴2²
898 2080 1169 2113 circumcellionum

273 2143 376 2165 nomen
401 2137 528 2172 accepit.
560 2130 672 2164 Etiam
695 2130 729 2163 in
753 2129 928 2162 undecima
951 2129 992 2162 ad
1003 2129 1168 2162 ..nostrum

272 2181 474 2222 Apostolum
490 2179 702 2212 Bonifacium
726 2177 873 2219 Epistola
898 2177 1072 2210 Zacharias
1083 2176 1166 2208 Pon-

273 2231 357 2262 tifex
373 2239 466 2261 notat
476 2228 585 2260 nescio
596 2237 678 2269 quos
691 2224 922 2268 Presbyoems,
950 2226 1006 2267 qui
1027 2234 1084 2267 per
1107 2227 1169 2259 loca

275 2277 399 2321 agrestia
434 2279 468 2311 ό·
494 2276 659 2317 rusticorum
686 2276 784 2309 cellas
811 2275 953 2319 agebant
992 2275 1167 2320 sacrilegos

274 2328 469 2360 Conventus
490 2350 497 2357 .
536 2326 663 2359 Eadem
683 2325 880 2368 significatio
903 2325 1008 2359 utitur
1033 2325 1167 2358 Martia-

276 2378 318 2410 lis
336 2391 345 2410 :
373 2378 456 2409 Unde
472 2376 539 2408 -tibi
558 2377 658 2418 togula
678 2374 717 2413 est
731 2398 742 2415 ‚
768 2376 803 2408 o·
818 2373 911 2417 fiiftae
928 2374 1025 2418 pensio
1044 2376 1136 2409 Cellae
1150 2376 1166 2407 ἒ

274 2427 335 2461 Per
362 2427 489 2461 Cellam
513 2426 670 2470 intelligit
690 2425 918 2468 pauperculam
939 2427 1045 2460 casam
1071 2451 1078 2458 .
1115 2426 1164 2460 Se-

274 2475 380 2511 cunda
401 2476 599 2521 significatio
623 2475 780 2518 importat
804 2486 986 2510 carcerem.
1015 2477 1108 2510 Hinc
1124 2477 1165 2510 de

274 2526 456 2560 criminosis
493 2525 695 2568 presbyteris
719 2525 824 2559 sancit
845 2525 985 2560 secunda
1008 2527 1163 2569 Synodus

273 2577 479 2610 Turonensis
492 2588 498 2607 :
510 2588 513 2590 ·
528 2577 737 2608 Retrudantur
747 2581 780 2607 in
793 2576 909 2609 cellam
924 2601 934 2616 ,
947 2577 1045 2619 ibique
1052 2585 1164 2619 panem

272 2639 338 2660 cum
350 2638 432 2669 aqua
442 2626 641 2659 manducent.
670 2625 727 2658 Est
740 2625 861 2669 phrasis
875 2627 1027 2661 Romana
1040 2652 1047 2659 .
1077 2627 1166 2660 Nam

276 2680 310 2710 ὄε
332 2675 538 2720 amphiteatri
560 2675 719 2720 ergastula
733 2700 743 2716 ,
772 2676 806 2710 in
835 2677 954 2719 quibus
966 2677 1113 2711 damnati
1126 2678 1166 2712 ad

276 2726 392 2761 bestias
415 2727 459 2760 rei
482 2725 748 2760 custodiebantur
762 2750 773 2766 ,
799 2727 833 2760 &
846 2725 864 2759 ὲ
884 2727 1001 2770 quibus
1014 2727 1170 2770 produce-

277 2777 395 2810 bantur
407 2777 602 2821 pugnaturi,
615 2776 764 2810 Romani
776 2776 931 2811 dixerunt
941 2778 1039 2812 cellas
1053 2802 1059 2809 .
1086 2778 1170 2812 Ter-

277 2830 358 2860 tiam
381 2826 655 2871 significationem
670 2852 681 2867 ‚
708 2827 809 2871 longe
819 2828 918 2861 aliam
931 2828 1144 2863 &meliorem

277 2877 378 2911 tradit
400 2877 606 2911 Emeritensis
631 2877 784 2920 Synodus
811 2901 821 2917 ‚
859 2877 1002 2912 statuens
1038 2879 1079 2912 de
1117 2890 1168 2911 ex-

278 2926 526 2961 communicato
555 2927 718 2971 Episcopo
740 2940 746 2959 z
795 2929 881 2961 cella
903 2930 937 2962 (2⁸
965 2940 1012 2962 res
1037 2930 1082 2961 ad
1103 2941 1167 2962 eum

275 2983 461 3019 pertinentes
483 3002 492 3017 ,
531 2975 676 3018 quousque
699 2980 745 3011 ille
762 2977 820 3020 ficb
835 2985 1020 3020 poenitentia
1047 2979 1166 3020 fuerit,

279 3027 423 3065 instantia
449 3029 484 3060 (Ὗ
510 3025 705 3069 sollicitudine
745 3038 887 3071 regantur
927 3031 1166 3070 Metropolitum.

279 3078 342 3111 Per
366 3077 492 3109 Cellam
515 3077 671 3120 intelligit
697 3077 887 3121 Episcopale
898 3078 1080 3113 Palatium.
1106 3081 1170 3113 Eo-

278 3129 355 3160 dem
383 3127 474 3160 sensu
496 3126 641 3168 loquitur
666 3151 676 3167 ‚
711 3139 781 3170 quae
805 3129 1042 3172 Episcoporum
1067 3130 1167 3173 spolia

278 3179 297 3211 ὲ
321 3177 569 3210 provinciarum
591 3176 749 3210 Praefeffis
770 3179 880 3213 invadi
898 3191 984 3214 vetat
998 3205 1008 3220 ‚
1038 3181 1167 3214 novella

279 3228 350 3261 Les<
375 3226 582 3270 Imperatoris
610 3227 775 3262 Manuelis
795 3229 961 3264 Comneni
989 3243 995 3262 :
1035 3235 1086 3264 Ne
1109 3232 1168 3263 tale

277 3277 413 3318 quidlin.
431 3276 600 3315 antistitum
623 3278 724 3310 Cellas
756 3284 912 3314 innovetur
938 3305 943 3311 .
981 3280 1095 3314 Exstat
1133 3282 1166 3313 in

279 3326 463 3366 Theodori.
480 3326 682 3359 Balsamonis
709 3327 960 3364 Commentario
982 3331 1023 3364 ad
1046 3331 1166 3376 trigesi-

278 3388 372 3410 mum
395 3378 552 3419 quintum
576 3376 775 3411 Trullanum
811 3380 1013 3414 Canonem.
1051 3381 1094 3415 Et
1132 3381 1165 3413 in

282 3427 404 3460 Leonis
428 3426 533 3470 quarti
558 3427 597 3458 ad
623 3426 1049 3471 parochialesPresbyteros
1061 3432 1166 3474 Syno-

281 3476 345 3509 dali
371 3479 526 3513 Sermone
549 3474 603 3510 hic
625 3476 669 3510 est
693 3477 814 3520 primus
847 3478 1014 3516 Atticulus
1035 3494 1041 3513 :
1081 3482 1165 3514 Cella

380 3526 484 3566 chrm.
490 3530 565 3569 Lupi
576 3531 659 3569 oper.
673 3529 788 3562 Tom.V.

1282 331 1411 377 Qatta
1432 331 1522 364 istius
1542 333 1634 365 vocis
1662 333 1857 377 significatio
1890 332 1935 367 est
1959 332 2118 371 strifflor,
2137 357 2203 387 Cam
2225 358 2256 392 43

1233 379 1434 422 habeturque
1455 380 1489 412 in
1503 382 1640 415 secunda
1656 381 1836 417 Arelatensi
1852 383 2008 427 Synodo:
2038 385 2119 416 Nul-

1230 431 1278 462 lus
1300 432 1469 468 Diaconus,
1496 431 1546 462 vel
1577 433 1729 469 Presbyter
1750 455 1760 471 ‚
1798 434 1849 466 vei
1887 431 2047 476 Episcopus
2075 433 2120 465 ad

1231 482 1354 512 cellarii
1368 478 1514 523 secretum
1523 481 1668 511 admittat
1680 484 1810 521 puellam
1825 508 1832 515 .
1859 483 1902 517 Et
1915 493 2022 517 nonus
2033 482 2121 517 deci·

1233 541 1303 562 mus
1327 529 1475 563 secundae
1497 529 1704 562 Turonensis
1727 531 1853 572 Synodi
1871 533 1990 567 Canon
2006 533 2118 568 statuit

1231 579 1271 612 de
1295 579 1418 613 vicanis
1438 590 1513 612 curn
1539 579 1595 612 sua
1620 579 1810 621 presbytera
1824 579 2045 617 habitantibus
2060 582 2120 616 Ar-

1231 628 1496 672 chipresbyteris:
1525 632 1607 662 Unus
1620 631 1751 662 Clericus
1764 636 1797 663 in
1810 630 1919 671 Cella,
1944 632 1992 664 ubi
2016 634 2122 674 illeja-
2139 624 2277 656 0²1¹·125

1230 679 1390 712 cetledlum
1400 678 1578 720 babeatpro
1590 680 1766 719 testimonio.
1797 681 1901 728 Qod
1929 681 2042 715 eadem
2064 684 2121 725 Sy-

1232 729 1338 762 nodus
1360 730 1471 762 statuit
1495 729 1536 762 de
1561 730 1727 773 Episcopo
1749 728 1889 764 habente
1904 731 2121 775 Episcopam.

1231 779 1310 825 Qo
1331 780 1423 812 sensu
1443 779 1582 813 eandem
1616 791 1732 814 vocem
1768 781 1934 824 accipiunt
1967 782 2122 824 Synodus

1233 827 1428 873 Agathensis
1453 853 1463 870 ,
1491 830 1630 864 secunda
1655 831 1689 864 δε
1719 841 1832 874 quarta
1861 829 2123 872 Aurelianensis,

1235 879 1443 914 Arvernensis
1456 904 1466 920 ,
1480 880 1635 924 &quarta
1646 879 1844 914 Parifiensis.
1872 879 2051 924 Accipiunt
2064 894 2122 925 pro

1232 931 1396 964 secretiori
1417 929 1570 974 Episcopi
1590 941 1647 965 aut
1659 931 1779 966 Clerici
1793 929 1966 966 cubiculo.
1996 932 2124 966 Eodem

1232 980 1334 1014 modo
1357 980 1462 1014 Graeci
1490 982 1647 1015 secretum
1673 983 1774 1016 etiarn
1798 981 1893 1025 ipsius
1927 979 2123 1016 Patriarchae

1231 1041 1288 1065 aut
1315 1031 1525 1074 Imperatoris
1552 1031 1742 1066 cubiculum
1767 1043 1889 1066 vocant
1911 1031 2062 1073 Cellam,
2089 1033 2124 1066 &

1233 1082 1377 1126 ipsorum
1399 1081 1537 1115 intimos
1569 1082 1779 1117 Domesticos
1811 1083 1898 1125 quasi
1933 1093 2058 1128 magno
2089 1083 2124 1116 &

1235 1132 1392 1176 pomposo
1416 1131 1581 1166 vocabulo
1605 1132 1768 1175 appellant
1782 1132 1971 1176 Syncellos.
2003 1132 2056 1166 Est
2070 1143 2125 1165 an-

1234 1185 1324 1226 tiqua
1345 1182 1564 1227 significatio,
1590 1182 1631 1216 de
1655 1193 1720 1225 qua
1741 1183 1774 1216 &
1799 1185 1921 1217 Seneca
1938 1198 1948 1216 :
1976 1187 2028 1215 Ex
2039 1183 2126 1215 Cella

1230 1231 1294 1275 suae
1317 1236 1454 1265 Domina·
1478 1232 1631 1276 migrabat
1652 1238 1685 1264 in
1695 1232 1873 1265 cubiculum.
1896 1233 1938 1265 Et
1953 1232 2039 1276 apud
2058 1232 2126 1265 Au-

1236 1286 1303 1317 lum
1326 1283 1473 1317 Gellium
1494 1283 1604 1325 Scipio
1638 1282 1725 1325 juffit
1748 1283 1781 1316 in
1816 1282 1989 1326 Capitolio
2015 1281 2129 1324 aperiri

1229 1337 1328 1377 Jovis
1352 1334 1468 1366 Cellam
1491 1356 1502 1372 ,
1535 1334 1569 1366 δε
1593 1333 1679 1367 solus
1701 1332 1768 1366 illic
1790 1333 1904 1367 mansit
1926 1357 1933 1365 .
1965 1332 2058 1367 Cella
2080 1332 2126 1366 est

1235 1382 1374 1422 adytum
1397 1383 1450 1415 seu
1474 1382 1628 1416 secretius
1640 1383 1728 1424 Jovis
1741 1381 1951 1416 cubiculum·
1973 1382 2030 1417 Est
2043 1383 2127 1416 resta

1235 1431 1431 1476 significatio
1446 1457 1453 1463 .
1482 1431 1574 1466 Cella
1586 1432 1676 1466 enim
1690 1456 1701 1472 ‚
1727 1431 1837 1475 inquit
1862 1432 1895 1465 in
1910 1431 2029 1475 quinto
2042 1432 2129 1465 deci-

1235 1493 1291 1514 mo
1315 1482 1499 1524 Originum
1522 1481 1607 1514 libro
1629 1482 1764 1514 Sanstus
1798 1481 1936 1516 Isidorus
1957 1506 1969 1522 ,
2013 1486 2129 1516 Dicitur

1234 1530 1317 1569 quod
1341 1539 1392 1559 nos
1406 1529 1524 1560 occultet
1544 1529 1577 1560 o·
1600 1530 1689 1560 celet.
1717 1528 1810 1561 Hinc
1830 1530 1894 1563 alia
1920 1530 1965 1563 est
1979 1532 2103 1566 vinaria
2117 1557 2129 1572 ‚

1234 1577 1298 1610 alia
1323 1576 1464 1620 lignaria
1493 1601 1503 1616 ,
1531 1577 1593 1609 alia
1616 1578 1761 1621 pomaria
1784 1578 1879 1612 Cella
1907 1592 1919 1612 ,ν
1944 1579 2033 1623 quod
2071 1580 2129 1614 has

1235 1627 1284 1660 vel
1306 1625 1379 1660 illas
1407 1637 1454 1660 res
1475 1626 1623 1661 occultet
1649 1628 1683 1662 &
1696 1629 1800 1662 servet
1814 1653 1821 1661 .
1850 1629 1893 1663 Et
1906 1629 1941 1663 in
1954 1630 2057 1664 sanni
2073 1631 2131 1664 Be-

1235 1676 1355 1710 nedifli
1377 1676 1508 1721 Regula
1529 1677 1691 1712 cellarius
1703 1678 1749 1713 est
1760 1679 1864 1713 totius
1877 1679 2043 1715 culinariae
2055 1681 2131 1715 Cel-

1241 1727 1279 1760 lae
1305 1728 1488 1769 praefectus.
1519 1728 1660 1762 Hinc&
1685 1728 1958 1770 Monachorum,
1986 1742 2130 1774 quorum

1233 1777 1278 1810 est
1306 1778 1340 1810 in
1365 1777 1423 1811 suo
1451 1777 1591 1812 claustro
1602 1779 1700 1814 latere
1711 1789 1871 1822 tanquam
1885 1781 1919 1814 in
1933 1780 2127 1824 sepulchro,

1233 1826 1355 1860 cubilia
1377 1827 1411 1861 δε
1432 1827 1450 1861 ὲ
1481 1828 1609 1862 Latinis
1630 1829 1822 1864 &aGraecis
1835 1830 1991 1865 dicuntur
2004 1831 2127 1866 Cellae.

1234 1877 1284 1910 Ita
1309 1876 1457 1920 loquitur
1490 1878 1645 1913 Hermias
1683 1880 1895 1922 Zozomenus
1918 1894 1926 1913 ι

1232 1977 1350 2011 chorum
1365 1979 1528 2020 permultae
1547 1978 1672 2022 sparsim
1680 1979 1780 2022 posr‘tae
1795 2006 1805 2022 ‚
1829 1994 1888 2025 qua
1905 1983 1943 2016 de
1966 1982 2055 2027 causa
2077 1983 2128 2018 hoc

1233 2039 1337 2062 nomen
1360 2028 1485 2062 babuit.
1514 2030 1558 2063 Et
1581 2029 1721 2066 Palladii
1743 2032 2021 2077 Helenopolitani
2049 2034 2126 2078 Epi·
2145 2043 2217 2079 Cap.
2238 2045 2293 2079 693

1233 2079 1323 2122 scopi
1348 2079 1500 2113 Lausiaca
1529 2080 1680 2115 Historia
1705 2096 1716 2116 .·
1743 2083 1866 2118 Habent
1891 2085 1992 2118 Cellas
2018 2096 2129 2129 magno
2149 2085 2220 2121 Cal)-
2236 2086 2281 2112 18.

1230 2133 1308 2160 inter
1315 2126 1349 2169 se
1362 2129 1524 2162 intervallo
1535 2129 1695 2170 difiuneias
1713 2156 1723 2172 ‚
1750 2142 1784 2165 ut
1793 2134 1895 2167 nullus
1902 2136 1982 2176 poffit
1998 2134 2127 2180 dignosci

1230 2175 1268 2207 ab
1290 2177 1402 2208 altero.
1431 2178 1475 2210 Et
1498 2177 1615 2211 iterum
1629 2193 1639 2211 .·
1667 2179 1800 2221 Absolvit
1825 2185 1961 2221 cellam,
1989 2187 2023 2218 (τ
2048 2192 2128 2220 inea

1231 2225 1387 2259 habitavit
1403 2251 1410 2258 .
1438 2226 1482 2260 Et
1507 2227 1541 2259 in
1563 2227 1706 2263 secundo
1718 2229 1981 2267 Monasticarum
1993 2233 2126 2269 Institu-

1232 2275 1367 2309 tionum
1391 2275 1474 2309 libro
1496 2276 1641 2318 Joannes
1653 2278 1823 2314 Caffianus
1834 2280 2010 2327 distinguit
2023 2288 2127 2319 Mona·

1222 2323 1361 2364 steria&
1376 2326 1494 2358 cellas.
1524 2325 1588 2360 Per
1613 2326 1670 2361 has
1690 2329 1820 2364 videtur
1840 2331 2011 2376 singulares
2034 2334 2125 2370 Ana-

1231 2372 1441 2410 choretarurn
1453 2377 1691 2412 mansiunculas
1704 2379 1888 2426 intelligere
1900 2408 1907 2415 .
1938 2384 1982 2419 Et
1999 2383 2066 2420 haec
2077 2386 2123 2421 est

1229 2426 1345 2468 quinta
1368 2426 1459 2460 istius
1479 2427 1570 2461 vocis
1590 2428 1784 2472 significatio
1809 2457 1816 2463 .
1857 2433 1983 2469 Eadem
2020 2437 2123 2471 utitur

1231 2474 1393 2510 Venetica
1408 2477 1586 2520 Synodus:
1613 2481 1745 2514 Cellulas
1764 2481 1938 2526 solitarias,
1979 2494 2122 2528 eparatas
2137 2504 2210 2542 Cap·
2231 2512 2258 2539 7·

1232 2528 1382 2559 Cellulas.
1414 2527 1535 2562 Utitur
1547 2529 1647 2563 etiarn
1674 2531 1708 2564 in
1736 2531 1905 2576 Novella,
1932 2547 1996 2579 qua
2018 2549 2122 2573 novo-

1231 2587 1301 2610 rum
1324 2577 1604 2613 Monasteriorum
1636 2581 1892 2619 exstructionem
1931 2584 2120 2630 prohibuit,

1231 2627 1301 2670 lege
1313 2627 1519 2670 Nicephorus
1535 2627 1666 2665 Phocas
1677 2632 1858 2675 Imperator
1869 2660 1880 2675 ‚
1907 2636 2031 2672 addens
2044 2638 2122 2680 ejutz

1229 2676 1320 2710 modi
1344 2677 1490 2713 Cellulas
1512 2679 1529 2712 ὲ
1552 2680 1677 2715 Graecis
1697 2683 1810 2725 paffim
1830 2684 1896 2718 dici
1919 2686 2038 2721 lauras.
2073 2689 2119 2722 Si-

1229 2726 1451 2772 gnificationis
1474 2730 1614 2764 radicem
1654 2731 1753 2766 habes
1790 2735 1876 2776 apud
1916 2737 2117 2772 Horatium:

1232 2784 1292 2811 Huc
1312 2780 1400 2820 prius
1421 2779 1549 2823 angustis
1573 2780 1668 2822 ejec‘la
1691 2784 1843 2818 cadavera
1855 2787 1947 2819 Cellis
1959 2786 2118 2830 conservus

1227 2828 1284 2860 vili
1301 2831 1451 2870 portanda
1470 2830 1586 2864 locabat
1607 2837 1640 2863 in
1652 2844 1724 2865 arca
1736 2859 1744 2867 .
1775 2833 1830 2867 Ad
1843 2845 1912 2878 quae
1924 2837 2019 2871 verba
2033 2838 2120 2873 Tor·

1228 2879 1369 2913 rentius:
1398 2880 1490 2913 Cellae
1508 2878 1582 2923 sunt
1602 2881 1756 2924 servorum
1779 2885 2000 2927 manfiunculae.
2028 2889 2118 2922 Con-

1229 2929 1321 2963 sonat
1355 2931 1531 2964 Svetonius
1569 2932 1603 2965 in
1639 2933 1792 2978 Caligula
1820 2947 1827 2966 :
1864 2937 1949 2969 Cella
1983 2940 2118 2971 Palatini

1228 2979 1380 3020 Atrienfis.
1411 2981 1455 3014 Et
1479 2982 1513 3014 in
1542 2981 1702 3017 Vitellio:
1732 2984 1877 3028 Confugit
1902 2992 1934 3018 in
1972 2990 2116 3022 cellulam

1221 3031 1381 3069 janitoris.
1412 3031 1454 3064 Et
1494 3031 1690 3067 Petronius:
1736 3039 1808 3067 Non
1833 3036 1916 3078 longe
1937 3036 1975 3069 ab
1997 3038 2116 3078 ostiarii

1228 3081 1313 3113 Cella
1334 3106 1340 3112 .
1371 3082 1418 3115 At
1442 3080 1518 3115 vero
1546 3081 1707 3116 Monachi
1736 3096 1795 3127 pro
1821 3085 1898 3119 Deo
1922 3089 2116 3130 profitentur

1230 3130 1373 3164 servilem
1395 3132 1542 3178 inopiam
1566 3143 1664 3176 atque
1685 3133 1924 3170 humilitatem:
1956 3138 2049 3170 Hinc
2060 3140 2114 3172 sua

1228 3179 1349 3213 cubilia
1370 3180 1524 3215 dixerunt
1552 3183 1681 3216 Cellas.

1279 3229 1374 3264 Sexta
1396 3232 1592 3276 significatio
1617 3234 1770 3278 importat
1792 3236 1925 3278 plenum
1950 3236 2115 3273 Monaste-

1230 3279 1330 3311 rium.
1358 3282 1405 3315 lta
1426 3283 1461 3315 in
1473 3282 1551 3316 dato
1567 3283 1605 3316 ad
1619 3284 1736 3327 Jonam
1754 3285 2021 3322 Aurelianensem
2037 3289 2112 3331 Epi-

1232 3330 1386 3372 scopum,
1421 3333 1456 3365 δε
1480 3333 1565 3376 apud
1588 3334 1713 3368 Lucam
1738 3335 1940 3371 Dacherium
1966 3338 2114 3372 exstante

1228 3378 1406 3423 diplomate
1429 3383 1608 3426 Imperator
1630 3383 1819 3420 Ludovicus
1842 3387 1921 3420 Pius
1941 3398 1978 3420 ac
1999 3387 2065 3429 ejus
2078 3389 2115 3422 fi-

1230 3430 1292 3462 lius
1317 3429 1492 3466 Lotharius
1515 3433 1622 3467 Sancti
1645 3434 1824 3469 Maximini
1846 3435 2022 3470 Abbatiarn
2044 3437 2114 3472 affi-

1228 3479 1291 3514 due
1304 3480 1478 3516 intitulant
1492 3482 1636 3516 Cellam.
1667 3484 1778 3519 Etiam
1791 3484 2017 3529 amplissimam
2035 3488 2116 3522 San·
2131 3477 2216 3507 Tom·
2246 3479 2275 3511 8-

1633 3532 1662 3566 L
2024 3538 2066 3572 (li

1966 1886 2062 1915 Locus
2091 1882 2126 1916 in
2148 1885 2208 1917 lib.
2230 1890 2256 1916 6.
2278 1891 2308 1919 σὲ

1234 1929 1410 1971 AEgypto,
1437 1934 1482 1961 eui
1496 1940 1599 1962 nomen
1613 1930 1713 1962 Cella.
1740 1935 1778 1964 In
1790 1942 1821 1965 eo
1828 1929 1902 1974 sunt
1913 1933 2007 1966 Cellae
2024 1937 2130 1967 Mona·
2146 1935 2160 1962 3
2171 1937 2194 1956 ¹·
