2366 3756
82 1271 239 1312 1·2.Epist.

78 1322 128 1356 '‘7-
137 1317 186 1355 482
236 1338 241 1343 ·

77 1517 140 1552 1..7.
151 1517 235 1559 Epist.

77 1564 126 1592 '21

88 2931 177 2974 epist.
199 2933 244 2969 56.

913 173 1401 222 D1crnrus.

1894 191 1987 238 375

368 382 1301 530 'CANON
1424 396 1921 526 XXV*

259 673 514 826 QUod
543 676 704 746 absque
737 675 950 744 Synodali
999 680 1235 731 Conventu
1268 678 1389 746 Papa
1436 675 1561 744 possit
1607 675 1839 747 Episcopos
1872 676 2060 747 depone.

436 768 482 807 re
515 787 529 817 2
562 752 606 806 &
639 748 935 803 reconciliare,

446 969 948 1015 Senorlou.

353 1110 499 1148 Dversus
508 1109 664 1146 Natalem
674 1107 903 1142 salonitanum
916 1103 1113 1147 Episcopum
1122 1125 1134 1143 ,

371 1161 550 1198 Dalmatia»,
559 1156 814 1201 Metropolitam
825 1180 837 1196 ,
861 1155 917 1199 qui
931 1152 1135 1187 Florentium

255 1209 526 1252 Epidauriensem
552 1209 752 1252 Episcopum
779 1207 867 1240 solus
892 1201 1135 1249 degradaverat,

255 1259 379 1302 scripsit
406 1260 542 1295 Sanstus
562 1256 741 1303 Gregorius
766 1256 930 1300 Magnus:
958 1258 1032 1286 Non
1046 1251 1136 1294 potest

255 1319 433 1353 quemquam
444 1307 642 1352 Episcopatus
650 1308 750 1353 gradu
762 1329 774 1345 ,
800 1303 856 1347 nisi
864 1303 994 1339 concordi
1003 1302 1136 1336 Sacerdo-

255 1366 324 1392 ncm
352 1358 525 1404 submovere
546 1356 698 1402 sententia
719 1382 726 1389 .
754 1355 913 1399 Episcopi
937 1351 1137 1398 degradatio-

252 1418 334 1443 nem
356 1411 495 1445 affirmat
505 1420 574 1443 non
585 1410 649 1442 effe
675 1406 797 1440 humani
815 1404 994 1444 Constituti,
1018 1400 1075 1446 sed
1087 1403 1138 1434 Di-

254 1464 342 1494 vinae
369 1458 592 1495 Benedid'ionls
617 1455 840 1492 excuffionem
865 1477 877 1494 ,
903 1453 1042 1496 ideoque
1070 1462 1138 1485 non

252 1509 320 1543 :nili
332 1508 544 1554 synodaliter
566 1506 784 1553 peragendam
799 1531 807 1538 .
835 1505 880 1539 Et
893 1503 972 1537 hinc
989 1501 1139 1536 exsufflat

255 1558 356 1594 istam
375 1559 645 1606 degradationem
660 1581 672 1598 ,
698 1554 856 1590 mandans
874 1553 997 1588 restitui
1007 1551 1140 1586 Floren-

254 1607 367 1650 tium,
394 1621 438 1645 ac·
459 1610 494 1644 in
519 1608 613 1653 plena
623 1605 807 1641 Provinciae
819 1602 959 1647 Synodo
980 1601 1048 1644 ejus
1069 1609 1140 1655 cau-

257 1658 328 1690 sam
351 1658 395 1691 ab
416 1659 555 1691 exordio
581 1655 743 1688 retraetari
770 1675 778 1683 .
813 1654 949 1685 Etenim
986 1650 1139 1686 Nicaeni,

255 1702 627 1748 Constantinopolitani
648 1726 660 1743 ,
686 1697 971 1734 chalcedonenses
993 1721 1005 1738 ,
1030 1699 1063 1731 ὅ(
1085 1697 1139 1730 alii

256 1753 374 1797 paffim
398 1753 555 1786 Canones
577 1774 588 1790 ,
628 1759 688 1782 nec
717 1757 786 1781 non
812 1755 963 1790 perpetua
989 1747 1141 1780 omnium

257 1801 478 1837 ecclesiarum
498 1798 705 1834 consuetudo
730 1796 912 1840 Episcopos
936 1806 1140 1839 nequaquam

258 1850 363 1886 {solo
374 1850 614 1894 Metropolim,
638 1845 720 1881 sed&
743 1846 811 1879 sola
833 1845 1013 1880 Provinciae
1039 1846 1139 1889 Syno-

257 1901 307 1936 do
327 1900 476 1935 damnari
498 1921 516 1940 ,-
535 1911 572 1933 ac
594 1896 765 1942 praesertim
788 1894 956 1940 degradari
995 1897 1139 1938 permise-

258 1960 338 1984 runt
366 1975 374 1983 .
406 1949 454 1983 Et
478 1948 520 1983 ad
543 1947 775 1981 Nomenoium
802 1945 939 1979 minorls
966 1944 1140 1978 Britanniae

253 2001 392 2035 Ducem
413 1999 533 2042 scripsit
546 1997 618 2031 Leo
630 1997 719 2039 Papa
733 2005 867 2038 quartus
879 2008 890 2028 .-
915 1993 1048 2041 Nullam
1055 1994 1143 2038 dam7

256 2055 414 2085 nationem
433 2047 644 2091 Eplsboporum
667 2045 718 2087 effe
741 2055 883 2086 umquam
900 2039 1063 2084 censemus,
1091 2037 1148 2079 nifi

255 2108 314 2133 aut
323 2105 394 2132 ante
414 2098 580 2140 legitimum
600 2103 752 2138 numerum
775 2091 988 2134 Episcoporum
1002 2114 1014 2129 ,
1036 2093 1087 2130 qui
1102 2088 1141 2130 fit

254 2157 315 2190 per
335 2147 488 2180 duodecim
497 2141 680 2188 Episcopos,
704 2149 759 2174 aut
768 2142 843 2174 certe
850 2139 979 2190 probatu
986 2136 1138 2181 sententia

257 2204 316 2239 per
320 2194 514 2239 septuaginta
532 2195 603 2226 duos
614 2193 732 2226 idoneos
749 2189 834 2231 testes
847 2214 858 2230 ,
878 2188 952 2231 ficut
968 2189 1049 2221 nobis
1062 2190 1142 2221 Bea-

261 2253 314 2279 tus
337 2243 473 2285 sylvester
495 2243 647 2282 tradidit,
673 2242 706 2275 (15
719 2244 853 2273 Romana
862 2237 970 2281 sanda
989 2247 1085 2272 tenere
1097 2242 1144 2271 vt-

261 2295 349 2329 detm
369 2293 515 2336 Ecclefi‘a.
539 2292 644 2340 Qod
658 2291 762 2335 ipsum
783 2291 821 2327 in
835 2288 951 2324 litteris
972 2287 1013 2322 ad
1024 2288 1143 2321 Nome-

260 2343 336 2378 noii
355 2343 565 2377 su'ccess'orem
591 2339 803 2375 Salomonem
825 2337 917 2372 fuisse
940 2337 958 2370 a
971 2337 1144 2371 Benediuo

261 2392 362 2428 tertio
382 2391 615 2427 confirmatum
639 2390 778 2424 affirmat
810 2387 971 2421 Nicolaus
1003 2387 1147 2431 primus,

260 2451 362 2486 atque
384 2441 558 2486 adiungit:
587 2439 713 2482 Deceffor
732 2449 813 2471 meus
835 2436 1013 2471 Benedu‘lus
1036 2462 1048 2478 ‚
1073 2443 1145 2480 quia

259 2500 365 2526 contra
386 2491 539 2533 Decefforis
558 2487 607 2533 sui
622 2491 777 2522 Decretum
789 2511 802 2528 ,
828 2498 886 2521 non
905 2486 943 2519 ab
972 2484 1123 2529 Episcopis
1135 2512 1145 2528 ‚

263 2540 322 2585 sed
342 2543 362 2574 ἃ
383 2544 485 2574 Laicis
507 2538 669 2582 Eptftopos
695 2544 728 2571 in
751 2541 877 2581 Regione
900 2544 953 2570 tua
974 2546 1147 2580 cognoverat

265 2591 319 2633 effe
328 2590 479 2631 dejectos,
504 2590 601 2623 multa
628 2587 763 2625 moestitia
787 2587 1035 2630 &indignatione
1056 2589 1147 2628 reple-

265 2647 320 2674 tus
341 2637 456 2682 J'cripfit
481 2663 493 2681 ‚
518 2638 598 2680 quod
616 2638 700 2670 nulla
721 2642 800 2670 ratio
813 2635 919 2678 fineret
939 2633 1097 2678 Episcopos
1124 2639 1145 2670 ἃ

264 2687 332 2732 suis
354 2689 480 2723 sedibus
497 2689 591 2731 pelli,
619 2698 691 2729 quos
710 2687 909 2720 duodenarius
930 2696 1069 2719 numerus
1088 2698 1146 2720 non

266 2736 391 2780 ejecisset
413 2762 421 2770 .
448 2739 586 2781 ,Quorum
603 2736 726 2780 vestigia
753 2737 788 2770 6*
810 2747 860 2780 ego
880 2745 992 2777 quoque
1005 2733 1122 2778 fermus
1133 2761 1146 2777 ‚

264 2789 375 2822 cadem
396 2785 492 2830 censui
511 2810 522 2827 ,
558 2788 646 2819 imm&
669 2788 701 2820 Θ
723 2783 818 2829 censi-o
836 2811 843 2818 .
872 2789 938 2818 Nec
960 2786 1053 2818 ullam
1068 2787 1145 2830 poffle

268 2837 438 2880 Episcopos
464 2835 510 2879 sui
523 2836 639 2869 honoris
646 2834 787 2878 sustinere
806 2836 981 2878 jadaram,
1006 2847 1076 2877 quos
1088 2847 1144 2869 non

267 2885 380 2927 constat
400 2889 420 2919 ἃ
442 2886 592 2919 duodecim
606 2884 757 2928 Episcopis
774 2910 784 2925 ‚
805 2884 953 2928 praefhnte
972 2886 1145 2926 &primam

262 2935 453 2983 sententiam
478 2936 697 2978 Metropolitum
720 2933 861 2979 Episcopo
886 2935 1055 2977 obtinente,
1080 2937 1145 2969 ciam

264 2990 518 3022 examinarentur
535 3010 547 3026 ,
573 2986 691 3018 auditos
711 3011 718 3018 .
748 2985 882 3030 Regulae
903 2984 997 3027 hujus
1020 2985 1144 3020 fontem

265 3036 406 3082 quidam
427 3035 619 3070 existimant
642 3035 705 3069 effe
735 3035 847 3069 Isidori
869 3035 1064 3069 Mercatoris
1089 3047 1142 3070 co·

263 3087 377 3123 dicem
413 3109 425 3127 ,
451 3086 487 3119 in
509 3096 578 3130 quo
600 3085 646 3119 ita
675 3084 817 3120 statuunt
856 3085 1034 3119 Pontifices
1071 3085 1145 3119 Cle·

266 3147 386 3178 menS,
414 3134 618 3176 Anacletus‚
644 3145 682 3169 ac
693 3134 915 3179 Zephyrinus.
944 3134 1070 3169 Verum
1087 3135 1144 3169 illa

267 3187 315 3222 est
339 3184 441 3230 longe
467 3184 634 3229 antiquior
656 3209 662 3216 .
692 3184 825 3219 Etenim
846 3185 996 3220 Africani
1019 3184 1144 3219 codicis

269 3236 486 3271 duodecimus
507 3234 626 3269 Canon
647 3233 763 3270 diserte
785 3233 895 3269 statuit
916 3244 1004 3268 extra
1016 3235 1143 3279 Synodi

269 3296 398 3330 tempus
417 3286 601 3320 accusatum
613 3285 804 3318 Diaconum
827 3284 983 3324 artibus,
1008 3283 1144 3328 Presby-

269 3345 375 3371 terum
393 3337 414 3369 ὸ,
434 3336 490 3369 sex
515 3357 525 3374 ,
552 3334 751 3378 Episcopum
775 3334 793 3367 ὲ
814 3333 988 3369 duodecim
1014 3333 1144 3369 audien-

270 3385 351 3422 dum
360 3384 424 3418 effe
438 3384 604 3428 Episcopis
614 3396 651 3418 ac
660 3382 875 3427 judicandum
885 3407 894 3418 .
914 3383 1021 3432 Qam
1035 3384 1143 3432 Regu·

370 3432 559 3482 pbrffl.Lup1
570 3439 658 3477 oper.
670 3436 787 3468 ramis.

1198 956 1261 991 lam
1284 957 1383 993 etiam
1402 960 1437 994 in
1449 957 1586 995 Oriente
1606 958 1719 994 servari
1741 960 1878 994 affirmat
1891 957 1926 992 in
1948 958 2013 992 suis
2026 957 2066 992 ad

1201 1006 1365 1043 laudatum
1378 1009 1551 1044 Canonem
1570 1007 1713 1043 Scholiis
1734 1008 1935 1044 Theodorus
1961 1007 2070 1042 Balsa-

1202 1065 1281 1089 m0¹¹
1297 1081 1307 1096 ³
1333 1069 1430 1102 atque
1447 1058 1593 1102 adjungit
1607 1070 1614 1089 ε
1631 1059 1866 1104 ,Οὴηι-Ῑοαηηω·
1878 1057 2069 1091 Amathuntis

1201 1102 1365 1148 Episcopus
1388 1109 1407 1138 ἃ
1420 1114 1505 1149 cypri
1517 1107 1729 1151 Archiepiscopo
1731 1113 1764 1154 J
1767 1120 1858 1142 oanne
1868 1106 1970 1151 fuiffet
1989 1109 2073 1149 depo-

1196 1153 1270 1195 fitus
1279 1178 1290 1194 ,
1316 1156 1350 1188 ὁ·
1361 1155 1541 1197 depofitioms
1553 1158 1696 1189 Edteium
1707 1163 1738 1189 in
1750 1158 1906 1191 Tribunali
1915 1161 2074 1198 Imperato-

1202 1209 1243 1235 rio
1252 1203 1356 1236 lec‘ium
1369 1205 1433 1246 effer
1445 1228 1455 1243 ,
1482 1208 1619 1246 quoniam
1640 1209 1758 1237 inventi
1763 1205 1836 1246 sunt
1856 1208 1990 1238 undecim
2001 1207 2076 1245 Epi-

1199 1251 1277 1296 scopi
1299 1254 1333 1286 o·
1356 1251 1589 1296 Archiepiscopus
1611 1252 1811 1293 depositionem
1828 1253 1948 1297 fecffe,
1968 1254 2076 1294 statuit

1199 1301 1390 1345 sancffifflmus
1403 1301 1585 1336 patriarcha
1595 1304 1740 1334 Dominus
1754 1306 1851 1335 Lucas
1865 1305 1915 1345 effe
1927 1302 2077 1345 infirmam

1203 1353 1236 1385 ea·
1248 1353 1354 1385 nullius
1377 1358 1515 1385 momenti
1534 1350 1734 1394 depofitionem
1744 1374 1755 1390 ‚
1779 1354 1812 1386 eb
1822 1354 1903 1394 qudd
1922 1363 1978 1385 non
1988 1363 2078 1386 accer-

1199 1401 1354 1444 fitafuerit
1367 1401 1502 1446 universa
1508 1402 1635 1442 'synodus
1648 1406 1816 1444 Cypriorum
1824 1405 1854 1433 E
1856 1400 1957 1443 cclefiae
1969 1400 2083 1444 etiamst

1206 1464 1317 1497 magna
1342 1454 1408 1496 effet
1421 1455 1486 1492 eius
1507 1452 1642 1496 cogendae
1659 1452 1799 1493 facultas
1810 1476 1822 1492 ‚
1847 1453 1971 1494 &qued
1980 1451 2081 1484 Archi-

1206 1501 1354 1544 ept‘scopus
1369 1514 1427 1534 non
1445 1503 1526 1535 ultra
1539 1503 1690 1534 duodecim
1703 1526 1711 1541 ,
1724 1501 1784 1544 sed
1793 1504 1854 1534 unci
1869 1502 2005 1535 cumillis
2017 1501 2082 1544 effet

1206 1560 1444 1584 connumeratus.
1477 1551 1635 1584 Afrorum
1647 1550 1827 1584 Provinciae
1850 1549 2013 1585 habebant
2027 1562 2083 1584 nu-

1209 1599 1429 1634 merofiffimos
1465 1599 1643 1643 Episcopos
1664 1623 1674 1639 ,
1702 1601 1849 1642 ipsosque
1872 1600 2085 1634 criminaliter

1209 1650 1372 1682 accusatos
1385 1659 1452 1682 non
1465 1649 1549 1683 solus
1562 1647 1740 1683 Provinciae
1752 1650 1874 1683 Primas
1886 1674 1897 1690 ,
1927 1650 1979 1684 sed
1991 1649 2086 1692 juxta.

1210 1709 1421 1735 communem
1443 1699 1545 1733 totius
1557 1697 1705 1732 Ecclefiae
1730 1700 1904 1733 Canonem
1916 1699 2012 1742 plena
2026 1701 2086 1742 Sy·

1211 1748 1317 1782 nodus
1325 1746 1614 1792 debebatjudicare
1625 1773 1632 1779 .
1659 1747 1818 1783 Attamen
1834 1749 1911 1783 dum
1924 1759 2015 1795 extra
2028 1749 2090 1792 Sys

1211 1795 1289 1832 nodi
1300 1808 1426 1843 tempus
1436 1799 1517 1833 satia
1527 1797 1689 1833 accusatio
1703 1810 1770 1833 non
1784 1807 1945 1842 pateretur
1958 1809 2065 1833 moras
2074 1821 2084 1838 ‚

1211 1847 1385 1882 noluerunt
1405 1857 1510 1884 totam
1531 1847 1657 1882 moveri
1668 1848 1876 1884 Provinciam
1890 1874 1901 1889 ,
1926 1849 1979 1883 sed
2003 1847 2088 1882 istud

1210 1897 1367 1940 judicium
1389 1899 1565 1934 duodecim
1580 1899 1749 1942 Episcopis
1771 1899 2001 1933 crediderunt.
2029 1897 2088 1932 An

1210 1945 1337 1979 Primas
1349 1959 1389 1980 ex
1412 1948 1475 1981 illis
1486 1948 1661 1983 duodecim
1672 1973 1683 1989 ,
1709 1960 1751 1983 an
1767 1951 1859 1992 supra
1871 1949 1946 1983 illos
1956 1945 2089 1983 deberet

1210 1993 1272 2027 effe
1292 1994 1439 2029 decimus
1451 1999 1583 2036 tertius,
1611 2009 1679 2029 non
1705 1998 1835 2033 constat
1847 2025 1854 2031 .
1881 1999 2090 2033 Postremum

1209 2050 1340 2082 apparet
1362 2046 1469 2075 verius
1490 2069 1497 2074 .
1527 2046 1617 2079 Nam
1640 2045 1809 2089 vigefimus
1833 2049 1947 2080 tertius
1970 2048 2091 2081 Canon

1209 2089 1375 2124 criminali
1387 2090 1421 2123 in
1445 2089 1672 2132 Presbyterum
1688 2102 1744 2123 aut
1755 2095 1949 2139 Diaconum
1962 2095 2092 2139 judicio

1210 2150 1319 2183 praeter
1330 2138 1382 2172 sex
1396 2147 1452 2173 aut
1464 2149 1529 2173 tres
1541 2140 1622 2173 alios
1641 2139 1820 2183 Episcopos
1844 2144 1978 2177 mandat
1988 2142 2091 2180 etiam

1210 2188 1374 2232 proprium
1395 2213 1407 2229 ,
1434 2188 1548 2232 utpote
1570 2188 1772 2223 ordinarium
1798 2191 1908 2234 primae
1929 2190 2091 2229 instantia

1210 2239 1356 2284 Judicem
1368 2262 1379 2278 ‚
1407 2238 1529 2272 adeffe.

1258 2288 1424 2337 roirca
1445 2286 1547 2323 hocce
1571 2290 1832 2333 extra—synodale
1852 2291 2011 2334 judicium
2033 2305 2089 2328 ne·

1210 2348 1374 2382 quaquam
1399 2340 1493 2372 omni
1514 2339 1595 2373 olim
1620 2351 1817 2380 commune,
1845 2342 1898 2376 sed
1920 2345 2088 2386 proprium

1211 2390 1273 2423 fuit
1295 2388 1357 2422 soli
1378 2387 1528 2423 Ecclefiae
1552 2388 1732 2423 Africanae.
1765 2390 1880 2425 Paucae
1901 2394 1989 2426 enim
2011 2393 2089 2428 Pro-

1212 2438 1326 2471 vinciae
1343 2436 1526 2473 habuerunt
1549 2440 1630 2473 olim
1645 2440 1822 2474 duodecim
1842 2442 2044 2487 Episcopos,
2070 2444 2090 2478 ὲ

1211 2487 1330 2532 quibus
1352 2498 1462 2522 tamen
1478 2498 1599 2523 certum
1619 2491 1663 2523 est
1686 2488 1909 2525 provinciales
1932 2493 2090 2538 Collegas

1213 2537 1349 2580 potuisse
1372 2538 1558 2582 degradari.
1586 2539 1786 2586 Qinimmd
1809 2540 1850 2574 ad
1870 2541 2089 2586 Agrippinen-

1212 2589 1300 2628 sem,
1326 2598 1395 2631 quae
1420 2587 1591 2631 Euphratae
1612 2589 1754 2632 ejusdem
1778 2591 1917 2625 civitatis
1930 2593 2036 2636 lapsos
2052 2594 2087 2627 in

1212 2636 1354 2671 haerefim
1384 2638 1546 2681 Episcopo
1559 2638 1766 2683 degradando
1789 2651 2005 2683 convenerat,
2031 2643 2088 2686 Sy-

1211 2687 1336 2722 nodum
1359 2685 1444 2721 dixit
1467 2686 1661 2723 Valerianus
1685 2688 1866 2733 Episcopus
1892 2689 2088 2726 Antifiodo-

1210 2738 1306 2771 renfis
1320 2750 1331 2770 .-
1357 2736 1427 2778 Etfi
1443 2749 1500 2771 non
1510 2750 1607 2772 omnes
1630 2738 1676 2772 bic
1692 2741 1918 2783 convenissemus
1936 2766 1947 2782 ‚
1970 2740 2087 2783 suffece-

1210 2796 1259 2821 rat
1280 2789 1299 2819 ἃ
1320 2792 1449 2829 quinque
1485 2787 1641 2831 Episcopis
1668 2788 1860 2831 Euphratam
1884 2789 2087 2832 blasphemum

1206 2835 1400 2880 sententian.
1428 2836 1509 2871 Non
1533 2839 1767 2880 Provincialis,
1796 2838 1850 2873 sed
1862 2841 2002 2875 omnino
2015 2840 2087 2874 Me-

1211 2887 1426 2931 tropolitanus
1437 2887 1580 2922 secundae
1590 2888 1772 2922 Germaniae
1783 2914 1794 2930 ,
1812 2889 1845 2922 &
1859 2889 1990 2931 quidem
2004 2891 2087 2924 sum-

1210 2948 1339 2972 morum
1360 2938 1393 2971 in
1422 2937 1566 2973 Ecclesia
1593 2939 1781 2973 meritorum
1813 2939 1990 2981 Episcopus
2015 2948 2084 2973 erat

1210 2986 1390 3030 Euphratas
1408 3010 1417 3025 ,
1443 2988 1640 3031 unicumque
1661 2997 1739 3021 tunc
1763 2986 1901 3021 habebat
1924 2988 2085 3033 Suffraga-

1209 3048 1306 3071 neum
1327 3037 1556 3080 Tongrensem
1569 3059 1579 3076 ,
1604 3039 1756 3071 Sanctum
1779 3037 1959 3072 Servatium
1974 3063 1981 3070 .
2015 3038 2084 3072 Ne-

1206 3088 1320 3131 quibat
1343 3086 1397 3120 hic
1430 3085 1515 3120 solus
1526 3087 1696 3130 Synodum
1710 3088 1835 3127 facere,
1863 3088 1959 3131 longe
1972 3088 2082 3122 minus

1207 3140 1299 3171 suum
1322 3137 1476 3171 damnare
1495 3136 1763 3179 Metropolitam.
1793 3137 1883 3171 Hinc
1909 3147 1951 3170 ex
1974 3137 2081 3171 Sanffi

1205 3186 1373 3222 Athanasii
1399 3210 1410 3226 ,
1445 3186 1480 3219 in
1506 3187 1624 3232 Belgio
1660 3187 1769 3221 nostro
1792 3198 1872 3219 tunc
1893 3187 2081 3227 exulantis,

1206 3237 1343 3272 confilio
1370 3238 1574 3270 numerosam
1599 3235 1795 3272 convocavit
1834 3236 1950 3270 Galliae
1975 3238 2081 3279 Syno-

1207 3286 1285 3321 dum
1298 3311 1309 3328 ,
1335 3287 1465 3330 ipsaque
1489 3286 1680 3320 Valerianus
1691 3286 1775 3319 dixit
1787 3297 1856 3320 non
1872 3286 1964 3320 fuisse
1975 3296 2081 3329 opus,

1206 3335 1258 3371 sed
1269 3337 1415 3380 quinque
1434 3335 1612 3380 Episcopos
1632 3336 1802 3369 suffecisse.
1828 3334 2003 3370 Africanos
2016 3334 2078 3368 Ca-

1208 3397 1310 3422 nones
1334 3385 1445 3422 nescio
1470 3397 1519 3421 ex·
1536 3386 1652 3430 quibus
1688 3384 1910 3421 fundamentis
1943 3384 2081 3428 suscepit

1673 3434 1688 3469 1
1714 3435 1727 3469 i
1776 3446 1799 3473 2
1995 3433 2032 3469 in
