<?xml version="1.0" encoding="UTF-8"?>
<!DOCTYPE html PUBLIC "-//W3C//DTD XHTML 1.0 Transitional//EN"
    "http://www.w3.org/TR/xhtml1/DTD/xhtml1-transitional.dtd">
<html xmlns="http://www.w3.org/1999/xhtml" xml:lang="en" lang="en">
 <head>
  <title>
</title>
<meta http-equiv="Content-Type" content="text/html;charset=utf-8" />
  <meta name='ocr-system' content='tesseract 3.04.00' />
  <meta name='ocr-capabilities' content='ocr_page ocr_carea ocr_par ocr_line ocrx_word'/>
</head>
<body>
  <div class='ocr_page' id='page_1' title='image "./operaomniastudio05lupuuoft_0139.png"; bbox 0 0 2366 3756; ppageno 0'>
   <div class='ocr_carea' id='block_1_1' title="bbox 512 162 2025 221">
    <p class='ocr_par' dir='ltr' id='par_1_1' title="bbox 512 162 2025 221">
     <span class='ocr_line' id='line_1_1' title="bbox 512 162 2025 221; baseline 0.005 -16"><span class='ocrx_word' id='word_1_1' title='bbox 512 163 1054 206; x_wconf 77' lang='lat' dir='ltr'>CONCILIUM</span> <span class='ocrx_word' id='word_1_2' title='bbox 1124 162 1837 214; x_wconf 59' lang='lat' dir='ltr'><strong>ANDEoAveusn</strong></span> <span class='ocrx_word' id='word_1_3' title='bbox 1931 181 2025 221; x_wconf 85' lang='lat'><strong>129</strong></span> 
     </span>
    </p>
   </div>
   <div class='ocr_carea' id='block_1_2' title="bbox 333 343 1795 397">
    <p class='ocr_par' dir='ltr' id='par_1_2' title="bbox 333 343 1795 397">
     <span class='ocr_line' id='line_1_2' title="bbox 333 343 1795 397; baseline 0.006 -8"><span class='ocrx_word' id='word_1_4' title='bbox 333 351 369 389; x_wconf 55' lang='lat'><strong>⁶³1</strong></span> <span class='ocrx_word' id='word_1_5' title='bbox 465 381 467 383; x_wconf 83' lang='grc'>-</span> <span class='ocrx_word' id='word_1_6' title='bbox 512 350 527 384; x_wconf 51' lang='lat'>5</span> <span class='ocrx_word' id='word_1_7' title='bbox 930 343 998 394; x_wconf 41' lang='grc' dir='ltr'><strong>ω(</strong></span> <span class='ocrx_word' id='word_1_8' title='bbox 1429 351 1497 395; x_wconf 52' lang='grc' dir='ltr'><strong>μ’·</strong></span> <span class='ocrx_word' id='word_1_9' title='bbox 1589 379 1610 397; x_wconf 57' lang='lat'><strong>2.»</strong></span> <span class='ocrx_word' id='word_1_10' title='bbox 1778 372 1795 391; x_wconf 73' lang='lat'><strong>‹-</strong></span> 
     </span>
    </p>
   </div>
   <div class='ocr_carea' id='block_1_3' title="bbox 261 626 2096 947">
    <p class='ocr_par' dir='ltr' id='par_1_3' title="bbox 261 626 2096 947">
     <span class='ocr_line' id='line_1_3' title="bbox 527 626 1830 721; baseline 0.005 -6"><span class='ocrx_word' id='word_1_11' title='bbox 527 626 1830 721; x_wconf 78' lang='lat' dir='ltr'>CONCILIUM</span> 
     </span>
     <span class='ocr_line' id='line_1_4' title="bbox 261 814 2096 947; baseline 0.002 -3"><span class='ocrx_word' id='word_1_12' title='bbox 261 814 2096 947; x_wconf 83' lang='lat' dir='ltr'>ANDEGAVENSE</span> 
     </span>
    </p>
   </div>
   <div class='ocr_carea' id='block_1_4' title="bbox 396 1020 1955 1090">
    <p class='ocr_par' dir='ltr' id='par_1_4' title="bbox 396 1020 1955 1090">
     <span class='ocr_line' id='line_1_5' title="bbox 396 1020 1955 1090; baseline 0.008 -10"><span class='ocrx_word' id='word_1_13' title='bbox 396 1020 1161 1084; x_wconf 88' lang='lat' dir='ltr'>CELEBRATUM</span> <span class='ocrx_word' id='word_1_14' title='bbox 1220 1021 1276 1079; x_wconf 92' lang='lat' dir='ltr'>A</span> <span class='ocrx_word' id='word_1_15' title='bbox 1354 1023 1955 1090; x_wconf 85' lang='lat' dir='ltr'><strong>STEPHANO</strong></span> 
     </span>
    </p>
   </div>
   <div class='ocr_carea' id='block_1_5' title="bbox 503 1164 1848 1279">
    <p class='ocr_par' dir='ltr' id='par_1_5' title="bbox 503 1164 1848 1279">
     <span class='ocr_line' id='line_1_6' title="bbox 503 1164 1848 1279; baseline 0.001 -27"><span class='ocrx_word' id='word_1_16' title='bbox 503 1167 903 1253; x_wconf 80' lang='lat' dir='ltr'><strong>Romanae</strong></span> <span class='ocrx_word' id='word_1_17' title='bbox 938 1164 1306 1251; x_wconf 81' lang='lat' dir='ltr'><strong>Ecclefiae</strong></span> <span class='ocrx_word' id='word_1_18' title='bbox 1366 1165 1848 1279; x_wconf 83' lang='lat' dir='ltr'>Presbytero</span> 
     </span>
    </p>
   </div>
   <div class='ocr_carea' id='block_1_6' title="bbox 945 1281 1399 1378">
    <p class='ocr_par' dir='ltr' id='par_1_6' title="bbox 945 1281 1399 1378">
     <span class='ocr_line' id='line_1_7' title="bbox 945 1281 1399 1378; baseline -0.009 -11"><span class='ocrx_word' id='word_1_19' title='bbox 945 1281 1362 1373; x_wconf 79' lang='lat' dir='ltr'><strong>Cardinali</strong></span> <span class='ocrx_word' id='word_1_20' title='bbox 1382 1349 1399 1378; x_wconf 84' lang='lat'>‚</span> 
     </span>
    </p>
   </div>
   <div class='ocr_carea' id='block_1_7' title="bbox 252 1450 2097 1601">
    <p class='ocr_par' dir='ltr' id='par_1_7' title="bbox 252 1450 2097 1601">
     <span class='ocr_line' id='line_1_8' title="bbox 252 1450 2097 1601; baseline 0.003 -11"><span class='ocrx_word' id='word_1_21' title='bbox 252 1450 1116 1601; x_wconf 79' lang='lat' dir='ltr'>NICOLAI</span> <span class='ocrx_word' id='word_1_22' title='bbox 1194 1453 2097 1596; x_wconf 85' lang='lat' dir='ltr'><strong>SECUNDI</strong></span> 
     </span>
    </p>
   </div>
   <div class='ocr_carea' id='block_1_8' title="bbox 465 1666 1872 1729">
    <p class='ocr_par' dir='ltr' id='par_1_8' title="bbox 465 1666 1872 1729">
     <span class='ocr_line' id='line_1_9' title="bbox 465 1666 1872 1729; baseline 0 -5"><span class='ocrx_word' id='word_1_23' title='bbox 465 1670 677 1725; x_wconf 89' lang='lat' dir='ltr'><strong>PER</strong></span> <span class='ocrx_word' id='word_1_24' title='bbox 748 1666 1281 1725; x_wconf 91' lang='lat' dir='ltr'>GALLIAS</span> <span class='ocrx_word' id='word_1_25' title='bbox 1352 1669 1872 1729; x_wconf 89' lang='lat' dir='ltr'><strong>LEGATO.</strong></span> 
     </span>
    </p>
   </div>
   <div class='ocr_carea' id='block_1_9' title="bbox 248 1814 2100 2729">
    <p class='ocr_par' dir='ltr' id='par_1_9' title="bbox 386 1814 2100 2094">
     <span class='ocr_line' id='line_1_10' title="bbox 757 1814 2100 1881; baseline 0.005 -19.612"><span class='ocrx_word' id='word_1_26' title='bbox 757 1817 792 1869; x_wconf 85' lang='lat' dir='ltr'>B</span> <span class='ocrx_word' id='word_1_27' title='bbox 828 1815 1140 1863; x_wconf 84' lang='lat' dir='ltr'><strong>Incarnatione</strong></span> <span class='ocrx_word' id='word_1_28' title='bbox 1191 1814 1380 1862; x_wconf 87' lang='lat' dir='ltr'>Domini</span> <span class='ocrx_word' id='word_1_29' title='bbox 1428 1815 1562 1863; x_wconf 88' lang='lat' dir='ltr'><strong>nostri</strong></span> <span class='ocrx_word' id='word_1_30' title='bbox 1587 1815 1694 1881; x_wconf 89' lang='lat' dir='ltr'><strong>Jesu</strong></span> <span class='ocrx_word' id='word_1_31' title='bbox 1733 1817 1894 1865; x_wconf 87' lang='lat' dir='ltr'><strong>Christi</strong></span> <span class='ocrx_word' id='word_1_32' title='bbox 1932 1854 1945 1878; x_wconf 86' lang='lat'>‚</span> <span class='ocrx_word' id='word_1_33' title='bbox 1981 1836 2100 1868; x_wconf 87' lang='lat' dir='ltr'><strong>anno</strong></span> 
     </span>
     <span class='ocr_line' id='line_1_11' title="bbox 386 1876 2099 1952; baseline 0.004 -21"><span class='ocrx_word' id='word_1_34' title='bbox 386 1876 474 1924; x_wconf 47' lang='lat' dir='ltr'><strong>-s‘lv</strong></span> <span class='ocrx_word' id='word_1_35' title='bbox 519 1885 720 1948; x_wconf 46' lang='lat'><strong>3⁶?</strong></span> <span class='ocrx_word' id='word_1_36' title='bbox 778 1885 1007 1934; x_wconf 80' lang='lat' dir='ltr'><strong>millesimo</strong></span> <span class='ocrx_word' id='word_1_37' title='bbox 1066 1882 1325 1947; x_wconf 83' lang='lat' dir='ltr'><strong>sexagesimo</strong></span> <span class='ocrx_word' id='word_1_38' title='bbox 1359 1922 1373 1945; x_wconf 84' lang='lat'>,</span> <span class='ocrx_word' id='word_1_39' title='bbox 1433 1885 1670 1935; x_wconf 63' lang='lat' dir='ltr'><strong>indictione</strong></span> <span class='ocrx_word' id='word_1_40' title='bbox 1716 1886 1893 1936; x_wconf 80' lang='lat' dir='ltr'><strong>decima</strong></span> <span class='ocrx_word' id='word_1_41' title='bbox 1941 1891 2099 1952; x_wconf 84' lang='lat' dir='ltr'><strong>tertia,</strong></span> 
     </span>
     <span class='ocr_line' id='line_1_12' title="bbox 619 1952 2099 2025; baseline 0.003 -20.78"><span class='ocrx_word' id='word_1_42' title='bbox 619 1998 625 2004; x_wconf 81' lang='lat'>.</span> <span class='ocrx_word' id='word_1_43' title='bbox 674 1952 708 2016; x_wconf 64' lang='grc' dir='ltr'><strong>ζ’</strong></span> <span class='ocrx_word' id='word_1_44' title='bbox 778 1956 983 2005; x_wconf 88' lang='lat' dir='ltr'><strong>Kalendis</strong></span> <span class='ocrx_word' id='word_1_45' title='bbox 1019 1956 1211 2016; x_wconf 84' lang='lat' dir='ltr'><strong>Martii,</strong></span> <span class='ocrx_word' id='word_1_46' title='bbox 1248 1959 1371 2003; x_wconf 85' lang='lat' dir='ltr'><strong>Luna</strong></span> <span class='ocrx_word' id='word_1_47' title='bbox 1407 1955 1582 2006; x_wconf 87' lang='lat' dir='ltr'><strong>decima</strong></span> <span class='ocrx_word' id='word_1_48' title='bbox 1631 1960 1763 2007; x_wconf 84' lang='lat' dir='ltr'><strong>tertia</strong></span> <span class='ocrx_word' id='word_1_49' title='bbox 1788 1995 1801 2019; x_wconf 85' lang='lat'>‚</span> <span class='ocrx_word' id='word_1_50' title='bbox 1838 1975 1995 2025; x_wconf 83' lang='lat' dir='ltr'><strong>quarta</strong></span> <span class='ocrx_word' id='word_1_51' title='bbox 2034 1959 2099 2009; x_wconf 86' lang='lat' dir='ltr'><strong>fe-</strong></span> 
     </span>
     <span class='ocr_line' id='line_1_13' title="bbox 588 2003 2100 2094; baseline 0.005 -22"><span class='ocrx_word' id='word_1_52' title='bbox 588 2003 720 2071; x_wconf 42' lang='grc' dir='ltr'><strong>ἏἫ</strong></span> <span class='ocrx_word' id='word_1_53' title='bbox 776 2027 840 2074; x_wconf 83' lang='lat' dir='ltr'><strong>ria</strong></span> <span class='ocrx_word' id='word_1_54' title='bbox 875 2063 887 2086; x_wconf 90' lang='lat'>,</span> <span class='ocrx_word' id='word_1_55' title='bbox 937 2023 1186 2094; x_wconf 75' lang='lat' dir='ltr'><strong>praesidente</strong></span> <span class='ocrx_word' id='word_1_56' title='bbox 1236 2026 1455 2093; x_wconf 85' lang='lat' dir='ltr'><strong>Stephano</strong></span> <span class='ocrx_word' id='word_1_57' title='bbox 1492 2028 1738 2078; x_wconf 84' lang='lat' dir='ltr'><strong>Catholicae</strong></span> <span class='ocrx_word' id='word_1_58' title='bbox 1788 2029 1905 2077; x_wconf 88' lang='lat' dir='ltr'><strong>urbis</strong></span> <span class='ocrx_word' id='word_1_59' title='bbox 1942 2034 2100 2080; x_wconf 84' lang='lat' dir='ltr'><strong>Romae</strong></span> 
     </span>
    </p>

    <p class='ocr_par' dir='ltr' id='par_1_10' title="bbox 633 2086 2100 2172">
     <span class='ocr_line' id='line_1_14' title="bbox 633 2086 2100 2172; baseline 0.003 -27"><span class='ocrx_word' id='word_1_60' title='bbox 633 2086 721 2172; x_wconf 45' lang='lat' dir='ltr'><strong>aessg‘</strong></span> <span class='ocrx_word' id='word_1_61' title='bbox 777 2095 1007 2145; x_wconf 84' lang='lat' dir='ltr'><strong>Cardinali</strong></span> <span class='ocrx_word' id='word_1_62' title='bbox 1042 2094 1311 2162; x_wconf 87' lang='lat' dir='ltr'>Presbytero</span> <span class='ocrx_word' id='word_1_63' title='bbox 1346 2132 1358 2155; x_wconf 83' lang='lat'>‚</span> <span class='ocrx_word' id='word_1_64' title='bbox 1408 2102 1451 2145; x_wconf 75' lang='grc' dir='ltr'><strong>δε</strong></span> <span class='ocrx_word' id='word_1_65' title='bbox 1487 2099 1754 2165; x_wconf 88' lang='lat' dir='ltr'><strong>Apostolicae</strong></span> <span class='ocrx_word' id='word_1_66' title='bbox 1801 2098 1923 2148; x_wconf 87' lang='lat' dir='ltr'><strong>Sedis</strong></span> <span class='ocrx_word' id='word_1_67' title='bbox 1962 2104 2100 2150; x_wconf 84' lang='lat' dir='ltr'><strong>Vica-</strong></span> 
     </span>
    </p>

    <p class='ocr_par' dir='ltr' id='par_1_11' title="bbox 581 2163 2096 2234">
     <span class='ocr_line' id='line_1_15' title="bbox 581 2163 2096 2234; baseline 0.007 -27"><span class='ocrx_word' id='word_1_68' title='bbox 581 2211 587 2218; x_wconf 65' lang='grc'><strong><em>,</em></strong></span> <span class='ocrx_word' id='word_1_69' title='bbox 654 2163 723 2228; x_wconf 43' lang='lat'><strong>{2442</strong></span> <span class='ocrx_word' id='word_1_70' title='bbox 778 2169 869 2223; x_wconf 84' lang='lat' dir='ltr'><strong>rio,</strong></span> <span class='ocrx_word' id='word_1_71' title='bbox 908 2168 955 2211; x_wconf 89' lang='lat' dir='ltr'><strong>in</strong></span> <span class='ocrx_word' id='word_1_72' title='bbox 991 2165 1175 2212; x_wconf 79' lang='lat' dir='ltr'><strong>Basilica</strong></span> <span class='ocrx_word' id='word_1_73' title='bbox 1201 2167 1341 2212; x_wconf 59' lang='lat' dir='ltr'><strong>Sancti</strong></span> <span class='ocrx_word' id='word_1_74' title='bbox 1378 2169 1605 2225; x_wconf 82' lang='lat' dir='ltr'><strong>Mauritii‚</strong></span> <span class='ocrx_word' id='word_1_75' title='bbox 1643 2171 1954 2234; x_wconf 74' lang='lat' dir='ltr'><strong>sociorumque</strong></span> <span class='ocrx_word' id='word_1_76' title='bbox 1979 2175 2096 2234; x_wconf 76' lang='lat' dir='ltr'><strong>ejus,</strong></span> 
     </span>
    </p>

    <p class='ocr_par' dir='ltr' id='par_1_12' title="bbox 248 2231 2096 2729">
     <span class='ocr_line' id='line_1_16' title="bbox 779 2231 2095 2301; baseline 0.006 -20.442"><span class='ocrx_word' id='word_1_77' title='bbox 779 2231 919 2281; x_wconf 54' lang='lat' dir='ltr'><strong>sancta</strong></span> <span class='ocrx_word' id='word_1_78' title='bbox 957 2231 1161 2301; x_wconf 87' lang='lat' dir='ltr'><strong>Synodus</strong></span> <span class='ocrx_word' id='word_1_79' title='bbox 1196 2270 1209 2293; x_wconf 85' lang='grc'>,</span> <span class='ocrx_word' id='word_1_80' title='bbox 1245 2251 1349 2299; x_wconf 83' lang='lat' dir='ltr'><strong>quae,</strong></span> <span class='ocrx_word' id='word_1_81' title='bbox 1379 2252 1434 2282; x_wconf 85' lang='lat' dir='ltr'><strong>ex</strong></span> <span class='ocrx_word' id='word_1_82' title='bbox 1471 2239 1699 2301; x_wconf 86' lang='lat' dir='ltr'><strong>Praecepto</strong></span> <span class='ocrx_word' id='word_1_83' title='bbox 1736 2240 1921 2285; x_wconf 88' lang='lat' dir='ltr'>Domini</span> <span class='ocrx_word' id='word_1_84' title='bbox 1959 2240 2095 2290; x_wconf 88' lang='lat' dir='ltr'>nostri</span> 
     </span>
     <span class='ocr_line' id='line_1_17' title="bbox 772 2302 2096 2376; baseline 0.007 -26"><span class='ocrx_word' id='word_1_85' title='bbox 772 2302 1003 2355; x_wconf 79' lang='lat' dir='ltr'><strong>beatissimi</strong></span> <span class='ocrx_word' id='word_1_86' title='bbox 1054 2306 1219 2352; x_wconf 88' lang='lat' dir='ltr'><strong>Summi</strong></span> <span class='ocrx_word' id='word_1_87' title='bbox 1256 2303 1483 2352; x_wconf 84' lang='lat' dir='ltr'><strong>Pontificis</strong></span> <span class='ocrx_word' id='word_1_88' title='bbox 1519 2341 1532 2366; x_wconf 84' lang='lat'>‚</span> <span class='ocrx_word' id='word_1_89' title='bbox 1588 2308 1631 2352; x_wconf 87' lang='lat'>&amp;</span> <span class='ocrx_word' id='word_1_90' title='bbox 1667 2306 1919 2355; x_wconf 86' lang='lat' dir='ltr'><strong>universalis</strong></span> <span class='ocrx_word' id='word_1_91' title='bbox 1963 2313 2096 2376; x_wconf 80' lang='lat' dir='ltr'>Papae</span> 
     </span>
     <span class='ocr_line' id='line_1_18' title="bbox 248 2372 2093 2446; baseline 0.001 -18"><span class='ocrx_word' id='word_1_92' title='bbox 248 2378 430 2429; x_wconf 81' lang='lat' dir='ltr'><strong>Nicolai</strong></span> <span class='ocrx_word' id='word_1_93' title='bbox 466 2414 479 2438; x_wconf 85' lang='grc'>,</span> <span class='ocrx_word' id='word_1_94' title='bbox 516 2376 710 2427; x_wconf 88' lang='lat' dir='ltr'><strong>Turonis</strong></span> <span class='ocrx_word' id='word_1_95' title='bbox 735 2411 748 2434; x_wconf 83' lang='lat'>‚</span> <span class='ocrx_word' id='word_1_96' title='bbox 783 2390 881 2440; x_wconf 83' lang='lat' dir='ltr'><strong>quae</strong></span> <span class='ocrx_word' id='word_1_97' title='bbox 916 2372 976 2421; x_wconf 88' lang='lat' dir='ltr'><strong>est</strong></span> <span class='ocrx_word' id='word_1_98' title='bbox 1011 2374 1275 2440; x_wconf 83' lang='lat' dir='ltr'>Metropolis</span> <span class='ocrx_word' id='word_1_99' title='bbox 1312 2375 1473 2423; x_wconf 83' lang='lat' dir='ltr'><strong>Galliae</strong></span> <span class='ocrx_word' id='word_1_100' title='bbox 1511 2411 1524 2435; x_wconf 83' lang='lat'>‚</span> <span class='ocrx_word' id='word_1_101' title='bbox 1570 2378 1778 2425; x_wconf 88' lang='lat' dir='ltr'><strong>convenit</strong></span> <span class='ocrx_word' id='word_1_102' title='bbox 1810 2414 1824 2437; x_wconf 85' lang='lat'>‚</span> <span class='ocrx_word' id='word_1_103' title='bbox 1860 2380 2093 2446; x_wconf 77' lang='lat' dir='ltr'><strong>propositis</strong></span> 
     </span>
     <span class='ocr_line' id='line_1_19' title="bbox 248 2443 2091 2516; baseline 0 -18"><span class='ocrx_word' id='word_1_104' title='bbox 248 2447 530 2498; x_wconf 71' lang='lat' dir='ltr'><strong>Sacrosanffis</strong></span> <span class='ocrx_word' id='word_1_105' title='bbox 566 2443 817 2508; x_wconf 76' lang='lat' dir='ltr'><strong>Evangeliis</strong></span> <span class='ocrx_word' id='word_1_106' title='bbox 855 2480 868 2503; x_wconf 85' lang='grc'>,</span> <span class='ocrx_word' id='word_1_107' title='bbox 906 2449 948 2492; x_wconf 86' lang='lat'>&amp;</span> <span class='ocrx_word' id='word_1_108' title='bbox 994 2444 1210 2511; x_wconf 86' lang='lat' dir='ltr'><strong>praemiffis</strong></span> <span class='ocrx_word' id='word_1_109' title='bbox 1258 2443 1313 2492; x_wconf 85' lang='lat' dir='ltr'><strong>ad</strong></span> <span class='ocrx_word' id='word_1_110' title='bbox 1351 2450 1499 2494; x_wconf 87' lang='lat' dir='ltr'><strong>Deum</strong></span> <span class='ocrx_word' id='word_1_111' title='bbox 1536 2446 1820 2503; x_wconf 72' lang='lat' dir='ltr'><strong>intentiffime</strong></span> <span class='ocrx_word' id='word_1_112' title='bbox 1859 2449 2091 2516; x_wconf 81' lang='lat' dir='ltr'>precibus,</span> 
     </span>
     <span class='ocr_line' id='line_1_20' title="bbox 248 2515 2091 2583; baseline 0.001 -15"><span class='ocrx_word' id='word_1_113' title='bbox 248 2519 451 2583; x_wconf 85' lang='lat' dir='ltr'><strong>diligenti</strong></span> <span class='ocrx_word' id='word_1_114' title='bbox 489 2515 832 2568; x_wconf 80' lang='lat' dir='ltr'><strong>consideratione</strong></span> <span class='ocrx_word' id='word_1_115' title='bbox 868 2518 1109 2564; x_wconf 63' lang='lat' dir='ltr'><strong>retractatis</strong></span> <span class='ocrx_word' id='word_1_116' title='bbox 1145 2518 1228 2576; x_wconf 84' lang='lat' dir='ltr'><strong>iis,</strong></span> <span class='ocrx_word' id='word_1_117' title='bbox 1267 2517 1313 2563; x_wconf 90' lang='lat' dir='ltr'><strong>in</strong></span> <span class='ocrx_word' id='word_1_118' title='bbox 1349 2515 1510 2582; x_wconf 87' lang='lat' dir='ltr'><strong>quibus</strong></span> <span class='ocrx_word' id='word_1_119' title='bbox 1546 2517 1832 2566; x_wconf 86' lang='lat' dir='ltr'><strong>Ecclefiarum</strong></span> <span class='ocrx_word' id='word_1_120' title='bbox 1871 2518 2004 2569; x_wconf 83' lang='lat' dir='ltr'><strong>status</strong></span> <span class='ocrx_word' id='word_1_121' title='bbox 2042 2523 2091 2570; x_wconf 90' lang='lat' dir='ltr'><strong>in</strong></span> 
     </span>
     <span class='ocr_line' id='line_1_21' title="bbox 249 2583 2089 2657; baseline 0 -18"><span class='ocrx_word' id='word_1_122' title='bbox 249 2605 349 2639; x_wconf 92' lang='lat' dir='ltr'><strong>toto</strong></span> <span class='ocrx_word' id='word_1_123' title='bbox 383 2583 495 2657; x_wconf 68' lang='lat' dir='ltr'><strong>pene</strong></span> <span class='ocrx_word' id='word_1_124' title='bbox 531 2587 636 2636; x_wconf 92' lang='lat' dir='ltr'><strong>orbe</strong></span> <span class='ocrx_word' id='word_1_125' title='bbox 663 2621 677 2646; x_wconf 82' lang='lat'>‚</span> <span class='ocrx_word' id='word_1_126' title='bbox 712 2590 756 2635; x_wconf 92' lang='lat'>&amp;</span> <span class='ocrx_word' id='word_1_127' title='bbox 792 2583 980 2634; x_wconf 70' lang='lat' dir='ltr'><strong>maxime</strong></span> <span class='ocrx_word' id='word_1_128' title='bbox 1018 2588 1063 2633; x_wconf 90' lang='lat' dir='ltr'><strong>in</strong></span> <span class='ocrx_word' id='word_1_129' title='bbox 1100 2588 1263 2635; x_wconf 86' lang='lat' dir='ltr'><strong>Galliis</strong></span> <span class='ocrx_word' id='word_1_130' title='bbox 1299 2588 1505 2637; x_wconf 85' lang='lat' dir='ltr'><strong>vacillare</strong></span> <span class='ocrx_word' id='word_1_131' title='bbox 1541 2592 1585 2638; x_wconf 74' lang='grc' dir='ltr'><strong>δε</strong></span> <span class='ocrx_word' id='word_1_132' title='bbox 1611 2586 1871 2655; x_wconf 78' lang='lat' dir='ltr'><strong>pessumdari</strong></span> <span class='ocrx_word' id='word_1_133' title='bbox 1908 2591 2089 2640; x_wconf 76' lang='lat' dir='ltr'><strong>videba-</strong></span> 
     </span>
     <span class='ocr_line' id='line_1_22' title="bbox 251 2653 2087 2729; baseline -0.001 -21"><span class='ocrx_word' id='word_1_134' title='bbox 251 2675 321 2708; x_wconf 87' lang='lat' dir='ltr'><strong>tur</strong></span> <span class='ocrx_word' id='word_1_135' title='bbox 356 2696 369 2721; x_wconf 86' lang='lat'>,</span> <span class='ocrx_word' id='word_1_136' title='bbox 417 2676 515 2729; x_wconf 87' lang='lat' dir='ltr'><strong>quae</strong></span> <span class='ocrx_word' id='word_1_137' title='bbox 549 2657 737 2711; x_wconf 87' lang='lat' dir='ltr'><strong>breviter</strong></span> <span class='ocrx_word' id='word_1_138' title='bbox 772 2653 885 2704; x_wconf 54' lang='lat' dir='ltr'><strong>infra</strong></span> <span class='ocrx_word' id='word_1_139' title='bbox 922 2657 1087 2724; x_wconf 85' lang='lat' dir='ltr'><strong>placuit</strong></span> <span class='ocrx_word' id='word_1_140' title='bbox 1124 2658 1293 2707; x_wconf 66' lang='lat' dir='ltr'><strong>annecti</strong></span> <span class='ocrx_word' id='word_1_141' title='bbox 1342 2656 1561 2722; x_wconf 85' lang='lat' dir='ltr'><strong>condigna</strong></span> <span class='ocrx_word' id='word_1_142' title='bbox 1597 2658 1892 2715; x_wconf 86' lang='lat' dir='ltr'><strong>sollicitudine</strong></span> <span class='ocrx_word' id='word_1_143' title='bbox 1930 2661 2087 2714; x_wconf 57' lang='lat' dir='ltr'><strong>defini„</strong></span> 
     </span>
    </p>
   </div>
   <div class='ocr_carea' id='block_1_10' title="bbox 251 2733 345 2780">
    <p class='ocr_par' dir='ltr' id='par_1_13' title="bbox 251 2733 345 2780">
     <span class='ocr_line' id='line_1_23' title="bbox 251 2733 345 2780; baseline -0.032 0"><span class='ocrx_word' id='word_1_144' title='bbox 251 2733 318 2780; x_wconf 87' lang='lat' dir='ltr'><strong>vit</strong></span> <span class='ocrx_word' id='word_1_145' title='bbox 333 2766 345 2777; x_wconf 89' lang='lat'><strong>.</strong></span> 
     </span>
    </p>
   </div>
   <div class='ocr_carea' id='block_1_11' title="bbox 241 1789 748 2305">
    <p class='ocr_par' dir='ltr' id='par_1_14' title="bbox 241 1789 748 2305">
     <span class='ocr_line' id='line_1_24' title="bbox 241 1789 748 2305; baseline 0 1451"><span class='ocrx_word' id='word_1_146' title='bbox 241 1789 748 2305; x_wconf 95' lang='lat' dir='ltr'><strong> </strong></span> 
     </span>
    </p>
   </div>
   <div class='ocr_carea' id='block_1_12' title="bbox 247 2951 2086 3498">
    <p class='ocr_par' dir='ltr' id='par_1_15' title="bbox 1203 2951 2086 2996">
     <span class='ocr_line' id='line_1_25' title="bbox 1203 2951 2086 2996; baseline 0.005 -12"><span class='ocrx_word' id='word_1_147' title='bbox 1203 2957 1298 2994; x_wconf 74' lang='lat' dir='ltr'><strong>inquit</strong></span> <span class='ocrx_word' id='word_1_148' title='bbox 1322 2952 1469 2995; x_wconf 78' lang='lat' dir='ltr'><strong>Apostolus</strong></span> <span class='ocrx_word' id='word_1_149' title='bbox 1490 2977 1501 2994; x_wconf 89' lang='lat'>‚</span> <span class='ocrx_word' id='word_1_150' title='bbox 1527 2963 1560 2986; x_wconf 87' lang='lat' dir='ltr'><strong>ut</strong></span> <span class='ocrx_word' id='word_1_151' title='bbox 1587 2959 1638 2996; x_wconf 78' lang='lat' dir='ltr'><strong>qui</strong></span> <span class='ocrx_word' id='word_1_152' title='bbox 1656 2953 1777 2995; x_wconf 69' lang='lat' dir='ltr'><strong>probati</strong></span> <span class='ocrx_word' id='word_1_153' title='bbox 1798 2951 1873 2996; x_wconf 84' lang='lat' dir='ltr'><strong>sunt</strong></span> <span class='ocrx_word' id='word_1_154' title='bbox 1898 2978 1908 2992; x_wconf 92' lang='lat'>,</span> <span class='ocrx_word' id='word_1_155' title='bbox 1935 2953 2086 2994; x_wconf 74' lang='lat' dir='ltr'><strong>mamfestl</strong></span> 
     </span>
    </p>

    <p class='ocr_par' dir='ltr' id='par_1_16' title="bbox 1196 3002 2086 3046">
     <span class='ocr_line' id='line_1_26' title="bbox 1196 3002 2086 3046; baseline 0.002 -12"><span class='ocrx_word' id='word_1_156' title='bbox 1196 3002 1276 3044; x_wconf 79' lang='lat' dir='ltr'><strong>fiant</strong></span> <span class='ocrx_word' id='word_1_157' title='bbox 1289 3028 1296 3035; x_wconf 85' lang='lat'><em>.</em></span> <span class='ocrx_word' id='word_1_158' title='bbox 1325 3006 1450 3037; x_wconf 85' lang='lat' dir='ltr'><em>Poenam</em></span> <span class='ocrx_word' id='word_1_159' title='bbox 1462 3009 1571 3038; x_wconf 77' lang='lat' dir='ltr'><strong>etenim</strong></span> <span class='ocrx_word' id='word_1_160' title='bbox 1577 3011 1690 3046; x_wconf 80' lang='lat' dir='ltr'><strong>peccati</strong></span> <span class='ocrx_word' id='word_1_161' title='bbox 1708 3006 1758 3046; x_wconf 85' lang='lat' dir='ltr'><strong>effe</strong></span> <span class='ocrx_word' id='word_1_162' title='bbox 1770 3002 1896 3044; x_wconf 81' lang='lat' dir='ltr'><em>haerefim</em></span> <span class='ocrx_word' id='word_1_163' title='bbox 1910 3026 1920 3042; x_wconf 92' lang='lat'><strong>,</strong></span> <span class='ocrx_word' id='word_1_164' title='bbox 1946 3008 2086 3036; x_wconf 70' lang='lat' dir='ltr'><strong>unanimi</strong></span> 
     </span>
    </p>

    <p class='ocr_par' dir='ltr' id='par_1_17' title="bbox 247 3048 2085 3498">
     <span class='ocr_line' id='line_1_27' title="bbox 363 3048 2085 3097; baseline 0.002 -14"><span class='ocrx_word' id='word_1_165' title='bbox 363 3048 439 3084; x_wconf 86' lang='lat' dir='ltr'><strong>Anc</strong></span> <span class='ocrx_word' id='word_1_166' title='bbox 467 3049 639 3092; x_wconf 87' lang='lat' dir='ltr'><strong>Synodum</strong></span> <span class='ocrx_word' id='word_1_167' title='bbox 666 3061 724 3095; x_wconf 88' lang='lat' dir='ltr'><strong>pro</strong></span> <span class='ocrx_word' id='word_1_168' title='bbox 750 3051 882 3087; x_wconf 82' lang='lat' dir='ltr'><strong>suorum</strong></span> <span class='ocrx_word' id='word_1_169' title='bbox 916 3052 1134 3087; x_wconf 85' lang='lat' dir='ltr'><strong>Decretorum</strong></span> <span class='ocrx_word' id='word_1_170' title='bbox 1197 3051 1371 3096; x_wconf 71' lang='lat' dir='ltr'><strong>consenfione</strong></span> <span class='ocrx_word' id='word_1_171' title='bbox 1391 3054 1519 3096; x_wconf 83' lang='lat' dir='ltr'><strong>afferunt</strong></span> <span class='ocrx_word' id='word_1_172' title='bbox 1536 3050 1635 3097; x_wconf 75' lang='lat' dir='ltr'><em>sam‘li</em></span> <span class='ocrx_word' id='word_1_173' title='bbox 1657 3058 1787 3087; x_wconf 85' lang='lat' dir='ltr'><strong>Patres.</strong></span> <span class='ocrx_word' id='word_1_174' title='bbox 1816 3056 1924 3085; x_wconf 82' lang='lat' dir='ltr'><strong>Tantis</strong></span> <span class='ocrx_word' id='word_1_175' title='bbox 1947 3054 2037 3086; x_wconf 82' lang='lat' dir='ltr'><strong>malts</strong></span> <span class='ocrx_word' id='word_1_176' title='bbox 2050 3062 2085 3087; x_wconf 84' lang='lat' dir='ltr'><strong>ut</strong></span> 
     </span>
     <span class='ocr_line' id='line_1_28' title="bbox 388 3099 2084 3147; baseline 0.002 -15"><span class='ocrx_word' id='word_1_177' title='bbox 388 3099 474 3143; x_wconf 88' lang='lat' dir='ltr'><strong>apud</strong></span> <span class='ocrx_word' id='word_1_178' title='bbox 501 3099 617 3134; x_wconf 87' lang='lat' dir='ltr'><strong>Gallos</strong></span> <span class='ocrx_word' id='word_1_179' title='bbox 648 3103 843 3137; x_wconf 85' lang='lat' dir='ltr'><strong>executione</strong></span> <span class='ocrx_word' id='word_1_180' title='bbox 875 3102 1027 3136; x_wconf 83' lang='lat' dir='ltr'><strong>celebrari</strong></span> <span class='ocrx_word' id='word_1_181' title='bbox 1049 3102 1133 3145; x_wconf 85' lang='lat' dir='ltr'><strong>juffit</strong></span> <span class='ocrx_word' id='word_1_182' title='bbox 1195 3113 1355 3137; x_wconf 82' lang='lat' dir='ltr'><strong>occurreret</strong></span> <span class='ocrx_word' id='word_1_183' title='bbox 1374 3103 1507 3147; x_wconf 89' lang='lat' dir='ltr'><strong>summus</strong></span> <span class='ocrx_word' id='word_1_184' title='bbox 1519 3103 1652 3145; x_wconf 82' lang='lat' dir='ltr'><strong>Ecclefiae</strong></span> <span class='ocrx_word' id='word_1_185' title='bbox 1678 3104 1779 3144; x_wconf 86' lang='lat' dir='ltr'><em>Pastor</em></span> <span class='ocrx_word' id='word_1_186' title='bbox 1794 3105 1953 3144; x_wconf 72' lang='lat' dir='ltr'><strong>Nic-olaus,</strong></span> <span class='ocrx_word' id='word_1_187' title='bbox 1984 3108 2084 3137; x_wconf 80' lang='lat' dir='ltr'><strong>Conci-</strong></span> 
     </span>
     <span class='ocr_line' id='line_1_29' title="bbox 252 3150 2083 3198; baseline 0 -13"><span class='ocrx_word' id='word_1_188' title='bbox 252 3150 413 3185; x_wconf 90' lang='lat' dir='ltr'><strong>Nicolaus</strong></span> <span class='ocrx_word' id='word_1_189' title='bbox 425 3150 581 3184; x_wconf 82' lang='lat' dir='ltr'><strong>Pontifex</strong></span> <span class='ocrx_word' id='word_1_190' title='bbox 595 3175 603 3184; x_wconf 86' lang='lat'><strong>.</strong></span> <span class='ocrx_word' id='word_1_191' title='bbox 632 3151 736 3194; x_wconf 84' lang='lat' dir='ltr'>Ipsam</span> <span class='ocrx_word' id='word_1_192' title='bbox 747 3163 822 3187; x_wconf 90' lang='lat' dir='ltr'><strong>cum</strong></span> <span class='ocrx_word' id='word_1_193' title='bbox 834 3153 940 3188; x_wconf 66' lang='lat' dir='ltr'><strong>Sancti</strong></span> <span class='ocrx_word' id='word_1_194' title='bbox 954 3153 1130 3188; x_wconf 81' lang='lat' dir='ltr'><strong>Lanfranci</strong></span> <span class='ocrx_word' id='word_1_195' title='bbox 1194 3152 1287 3192; x_wconf 80' lang='lat' dir='ltr'><strong>lium,</strong></span> <span class='ocrx_word' id='word_1_196' title='bbox 1314 3158 1393 3187; x_wconf 78' lang='lat' dir='ltr'><strong>vices</strong></span> <span class='ocrx_word' id='word_1_197' title='bbox 1408 3156 1491 3188; x_wconf 69' lang='lat' dir='ltr'><strong>illius</strong></span> <span class='ocrx_word' id='word_1_198' title='bbox 1497 3164 1619 3198; x_wconf 85' lang='lat' dir='ltr'><strong>gerente</strong></span> <span class='ocrx_word' id='word_1_199' title='bbox 1633 3161 1666 3187; x_wconf 82' lang='lat' dir='ltr'><strong>in</strong></span> <span class='ocrx_word' id='word_1_200' title='bbox 1678 3155 1791 3187; x_wconf 70' lang='lat' dir='ltr'><strong>Galliis</strong></span> <span class='ocrx_word' id='word_1_201' title='bbox 1811 3154 1961 3196; x_wconf 75' lang='lat' dir='ltr'><strong>stephano</strong></span> <span class='ocrx_word' id='word_1_202' title='bbox 1972 3155 2083 3186; x_wconf 78' lang='lat' dir='ltr'><strong>Cardi-</strong></span> 
     </span>
     <span class='ocr_line' id='line_1_30' title="bbox 252 3199 2083 3246; baseline 0.002 -12"><span class='ocrx_word' id='word_1_203' title='bbox 252 3201 321 3236; x_wconf 82' lang='lat' dir='ltr'><strong>vita</strong></span> <span class='ocrx_word' id='word_1_204' title='bbox 353 3201 387 3234; x_wconf 87' lang='lat'>&amp;</span> <span class='ocrx_word' id='word_1_205' title='bbox 409 3199 561 3242; x_wconf 85' lang='lat' dir='ltr'><strong>operibus</strong></span> <span class='ocrx_word' id='word_1_206' title='bbox 584 3200 765 3244; x_wconf 81' lang='lat' dir='ltr'><strong>publicavit</strong></span> <span class='ocrx_word' id='word_1_207' title='bbox 797 3203 1129 3246; x_wconf 31' lang='lat' dir='ltr'><strong>LucasffDacherius,</strong></span> <span class='ocrx_word' id='word_1_208' title='bbox 1197 3203 1283 3243; x_wconf 79' lang='lat' dir='ltr'><strong>nalt,</strong></span> <span class='ocrx_word' id='word_1_209' title='bbox 1308 3205 1405 3237; x_wconf 68' lang='lat' dir='ltr'><strong>voluit</strong></span> <span class='ocrx_word' id='word_1_210' title='bbox 1423 3204 1581 3239; x_wconf 81' lang='lat' dir='ltr'><strong>celebrari.</strong></span> <span class='ocrx_word' id='word_1_211' title='bbox 1610 3205 1751 3241; x_wconf 87' lang='lat' dir='ltr'><strong>Videtur</strong></span> <span class='ocrx_word' id='word_1_212' title='bbox 1772 3204 1932 3238; x_wconf 69' lang='lat' dir='ltr'><strong>indissum</strong></span> <span class='ocrx_word' id='word_1_213' title='bbox 1961 3203 1995 3236; x_wconf 88' lang='lat' dir='ltr'><strong>in</strong></span> <span class='ocrx_word' id='word_1_214' title='bbox 2006 3204 2083 3237; x_wconf 86' lang='lat' dir='ltr'><strong>Tu-</strong></span> 
     </span>
     <span class='ocr_line' id='line_1_31' title="bbox 253 3251 2082 3299; baseline 0.002 -14"><span class='ocrx_word' id='word_1_215' title='bbox 253 3251 442 3296; x_wconf 84' lang='lat' dir='ltr'><strong>Berengarii</strong></span> <span class='ocrx_word' id='word_1_216' title='bbox 465 3262 588 3284; x_wconf 87' lang='lat' dir='ltr'><strong>errores</strong></span> <span class='ocrx_word' id='word_1_217' title='bbox 609 3252 722 3292; x_wconf 84' lang='lat' dir='ltr'><strong>refert,</strong></span> <span class='ocrx_word' id='word_1_218' title='bbox 750 3263 846 3296; x_wconf 82' lang='lat' dir='ltr'><strong>atque</strong></span> <span class='ocrx_word' id='word_1_219' title='bbox 864 3253 1037 3298; x_wconf 84' lang='lat' dir='ltr'><strong>adjungit:</strong></span> <span class='ocrx_word' id='word_1_220' title='bbox 1064 3259 1131 3288; x_wconf 86' lang='lat' dir='ltr'><strong>Nec</strong></span> <span class='ocrx_word' id='word_1_221' title='bbox 1197 3253 1366 3288; x_wconf 86' lang='lat' dir='ltr'><strong>ronensem</strong></span> <span class='ocrx_word' id='word_1_222' title='bbox 1387 3255 1604 3299; x_wconf 86' lang='lat' dir='ltr'><strong>Metropolim</strong></span> <span class='ocrx_word' id='word_1_223' title='bbox 1629 3279 1640 3296; x_wconf 90' lang='lat'>‚</span> <span class='ocrx_word' id='word_1_224' title='bbox 1668 3255 1778 3289; x_wconf 68' lang='lat' dir='ltr'><strong>verum</strong></span> <span class='ocrx_word' id='word_1_225' title='bbox 1801 3255 1846 3289; x_wconf 91' lang='lat' dir='ltr'><strong>ob</strong></span> <span class='ocrx_word' id='word_1_226' title='bbox 1874 3252 2014 3288; x_wconf 86' lang='lat' dir='ltr'><strong>necdum</strong></span> <span class='ocrx_word' id='word_1_227' title='bbox 2038 3254 2082 3288; x_wconf 81' lang='lat' dir='ltr'><strong>se·</strong></span> 
     </span>
     <span class='ocr_line' id='line_1_32' title="bbox 253 3298 1133 3347; baseline 0.005 -13"><span class='ocrx_word' id='word_1_228' title='bbox 253 3307 363 3334; x_wconf 79' lang='lat' dir='ltr'><strong>mirum</strong></span> <span class='ocrx_word' id='word_1_229' title='bbox 368 3299 465 3344; x_wconf 54' lang='lat' dir='ltr'><strong>sane,</strong></span> <span class='ocrx_word' id='word_1_230' title='bbox 485 3299 513 3341; x_wconf 83' lang='lat' dir='ltr'><em>fi</em></span> <span class='ocrx_word' id='word_1_231' title='bbox 521 3300 575 3334; x_wconf 86' lang='lat' dir='ltr'><strong>hac</strong></span> <span class='ocrx_word' id='word_1_232' title='bbox 598 3298 663 3344; x_wconf 82' lang='lat' dir='ltr'><strong>ipsa</strong></span> <span class='ocrx_word' id='word_1_233' title='bbox 673 3303 838 3346; x_wconf 73' lang='lat' dir='ltr'><strong>tempestate</strong></span> <span class='ocrx_word' id='word_1_234' title='bbox 851 3305 924 3338; x_wconf 60' lang='lat' dir='ltr'><strong>ade&amp;</strong></span> <span class='ocrx_word' id='word_1_235' title='bbox 938 3305 1043 3347; x_wconf 82' lang='lat' dir='ltr'><strong>fatale</strong></span> <span class='ocrx_word' id='word_1_236' title='bbox 1054 3317 1133 3338; x_wconf 88' lang='lat' dir='ltr'><strong>mon-</strong></span> 
     </span>
     <span class='ocr_line' id='line_1_33' title="bbox 247 3349 1133 3397; baseline 0.006 -14"><span class='ocrx_word' id='word_1_237' title='bbox 247 3350 342 3391; x_wconf 77' lang='lat' dir='ltr'><strong>strum</strong></span> <span class='ocrx_word' id='word_1_238' title='bbox 363 3349 512 3394; x_wconf 67' lang='lat' dir='ltr'><strong>emerserit</strong></span> <span class='ocrx_word' id='word_1_239' title='bbox 525 3375 535 3391; x_wconf 93' lang='lat'><strong>,</strong></span> <span class='ocrx_word' id='word_1_240' title='bbox 559 3352 798 3394; x_wconf 76' lang='lat' dir='ltr'><strong>quandoquidem</strong></span> <span class='ocrx_word' id='word_1_241' title='bbox 820 3356 959 3388; x_wconf 82' lang='lat' dir='ltr'><strong>exularat</strong></span> <span class='ocrx_word' id='word_1_242' title='bbox 971 3354 1108 3397; x_wconf 80' lang='lat' dir='ltr'><strong>probitas</strong></span> <span class='ocrx_word' id='word_1_243' title='bbox 1123 3379 1133 3394; x_wconf 88' lang='lat'>‚</span> 
     </span>
     <span class='ocr_line' id='line_1_34' title="bbox 252 3401 1133 3445; baseline 0.005 -12"><span class='ocrx_word' id='word_1_244' title='bbox 252 3401 361 3443; x_wconf 79' lang='lat' dir='ltr'><strong>pessum</strong></span> <span class='ocrx_word' id='word_1_245' title='bbox 374 3403 482 3442; x_wconf 65' lang='lat' dir='ltr'><strong>‚ierant</strong></span> <span class='ocrx_word' id='word_1_246' title='bbox 502 3401 571 3435; x_wconf 83' lang='lat' dir='ltr'><em>bom·</em></span> <span class='ocrx_word' id='word_1_247' title='bbox 592 3412 686 3435; x_wconf 84' lang='lat' dir='ltr'><strong>mores</strong></span> <span class='ocrx_word' id='word_1_248' title='bbox 708 3427 718 3442; x_wconf 90' lang='lat'><strong>,</strong></span> <span class='ocrx_word' id='word_1_249' title='bbox 744 3404 778 3436; x_wconf 68' lang='lat'><strong>(9⁶</strong></span> <span class='ocrx_word' id='word_1_250' title='bbox 795 3406 939 3445; x_wconf 83' lang='lat' dir='ltr'><strong>pecudum</strong></span> <span class='ocrx_word' id='word_1_251' title='bbox 959 3417 1037 3439; x_wconf 86' lang='lat' dir='ltr'><strong>more</strong></span> <span class='ocrx_word' id='word_1_252' title='bbox 1057 3416 1133 3438; x_wconf 84' lang='lat' dir='ltr'><strong>coeno</strong></span> 
     </span>
     <span class='ocr_line' id='line_1_35' title="bbox 255 3451 1134 3498; baseline 0.007 -15"><span class='ocrx_word' id='word_1_253' title='bbox 255 3451 447 3494; x_wconf 81' lang='lat' dir='ltr'><strong>voluptatum</strong></span> <span class='ocrx_word' id='word_1_254' title='bbox 468 3463 568 3487; x_wconf 88' lang='lat' dir='ltr'><strong>omnes</strong></span> <span class='ocrx_word' id='word_1_255' title='bbox 603 3477 614 3494; x_wconf 89' lang='lat'>‚</span> <span class='ocrx_word' id='word_1_256' title='bbox 641 3451 824 3496; x_wconf 70' lang='lat' dir='ltr'><strong>Ecclefiastici</strong></span> <span class='ocrx_word' id='word_1_257' title='bbox 849 3455 1022 3498; x_wconf 64' lang='lat' dir='ltr'><strong>potiffimiaem</strong></span> <span class='ocrx_word' id='word_1_258' title='bbox 1048 3461 1110 3489; x_wconf 76' lang='lat' dir='ltr'><strong>virt</strong></span> <span class='ocrx_word' id='word_1_259' title='bbox 1124 3479 1134 3496; x_wconf 85' lang='lat'><em>‚</em></span> 
     </span>
    </p>
   </div>
   <div class='ocr_carea' id='block_1_13' title="bbox 450 2900 2091 3035">
    <p class='ocr_par' dir='ltr' id='par_1_18' title="bbox 450 2900 2091 3035">
     <span class='ocr_line' id='line_1_36' title="bbox 450 2900 2091 3035; baseline 0.001 -101"><span class='ocrx_word' id='word_1_260' title='bbox 450 2904 478 2949; x_wconf 76' lang='lat' dir='ltr'>S</span> <span class='ocrx_word' id='word_1_261' title='bbox 515 2918 544 2948; x_wconf 72' lang='lat' dir='ltr'><strong>c</strong></span> <span class='ocrx_word' id='word_1_262' title='bbox 580 2919 609 2948; x_wconf 76' lang='lat' dir='ltr'>H</span> <span class='ocrx_word' id='word_1_263' title='bbox 643 2918 675 2948; x_wconf 82' lang='grc' dir='ltr'>Ο</span> <span class='ocrx_word' id='word_1_264' title='bbox 710 2917 734 2947; x_wconf 72' lang='lat' dir='ltr'>L</span> <span class='ocrx_word' id='word_1_265' title='bbox 770 2919 786 2950; x_wconf 79' lang='lat'>1</span> <span class='ocrx_word' id='word_1_266' title='bbox 821 2920 853 2950; x_wconf 87' lang='lat'><em>0</em></span> <span class='ocrx_word' id='word_1_267' title='bbox 888 2921 938 2951; x_wconf 62' lang='lat' dir='ltr'><strong>N,</strong></span> <span class='ocrx_word' id='word_1_268' title='bbox 1178 2902 1472 3035; x_wconf 64' lang='lat' dir='ltr'><strong>Iconvolutabaneur</strong></span> <span class='ocrx_word' id='word_1_269' title='bbox 1492 2927 1500 2934; x_wconf 90' lang='lat'><strong>.</strong></span> <span class='ocrx_word' id='word_1_270' title='bbox 1529 2905 1624 2946; x_wconf 78' lang='lat' dir='ltr'><strong>Atque</strong></span> <span class='ocrx_word' id='word_1_271' title='bbox 1642 2903 1708 2937; x_wconf 61' lang='lat' dir='ltr'><strong>idea</strong></span> <span class='ocrx_word' id='word_1_272' title='bbox 1729 2910 1841 2945; x_wconf 82' lang='lat' dir='ltr'><strong>oportet</strong></span> <span class='ocrx_word' id='word_1_273' title='bbox 1866 2900 1990 2946; x_wconf 67' lang='lat' dir='ltr'><strong>hareses</strong></span> <span class='ocrx_word' id='word_1_274' title='bbox 2013 2903 2091 2947; x_wconf 68' lang='lat' dir='ltr'><strong>effi*‚&#39;</strong></span> 
     </span>
    </p>
   </div>
   <div class='ocr_carea' id='block_1_14' title="bbox 1196 3304 2080 3450">
    <p class='ocr_par' dir='ltr' id='par_1_19' title="bbox 1196 3304 2080 3450">
     <span class='ocr_line' id='line_1_37' title="bbox 1196 3304 2080 3350; baseline -0.002 -12"><span class='ocrx_word' id='word_1_275' title='bbox 1196 3315 1307 3338; x_wconf 80' lang='lat' dir='ltr'><strong>curam</strong></span> <span class='ocrx_word' id='word_1_276' title='bbox 1330 3304 1515 3350; x_wconf 82' lang='lat' dir='ltr'><strong>Berengarii</strong></span> <span class='ocrx_word' id='word_1_277' title='bbox 1528 3306 1658 3344; x_wconf 80' lang='lat' dir='ltr'><strong>causam</strong></span> <span class='ocrx_word' id='word_1_278' title='bbox 1669 3306 1762 3344; x_wconf 77' lang='lat' dir='ltr'><strong>fuisse</strong></span> <span class='ocrx_word' id='word_1_279' title='bbox 1781 3304 1972 3340; x_wconf 87' lang='lat' dir='ltr'><strong>translatum</strong></span> <span class='ocrx_word' id='word_1_280' title='bbox 1986 3304 2021 3337; x_wconf 88' lang='lat' dir='ltr'><strong>in</strong></span> <span class='ocrx_word' id='word_1_281' title='bbox 2035 3304 2080 3337; x_wconf 88' lang='lat' dir='ltr'><strong>ci-</strong></span> 
     </span>
     <span class='ocr_line' id='line_1_38' title="bbox 1199 3354 2080 3401; baseline 0 -15"><span class='ocrx_word' id='word_1_282' title='bbox 1199 3354 1329 3389; x_wconf 84' lang='lat' dir='ltr'><strong>vitatem</strong></span> <span class='ocrx_word' id='word_1_283' title='bbox 1344 3354 1616 3401; x_wconf 85' lang='lat' dir='ltr'><strong>Andegavensem</strong></span> <span class='ocrx_word' id='word_1_284' title='bbox 1627 3383 1634 3389; x_wconf 88' lang='lat'><strong>.</strong></span> <span class='ocrx_word' id='word_1_285' title='bbox 1662 3356 1706 3391; x_wconf 89' lang='lat' dir='ltr'><strong>Et</strong></span> <span class='ocrx_word' id='word_1_286' title='bbox 1719 3356 1793 3398; x_wconf 81' lang='lat' dir='ltr'><strong>quia</strong></span> <span class='ocrx_word' id='word_1_287' title='bbox 1807 3355 1923 3391; x_wconf 85' lang='lat' dir='ltr'><strong>erroris</strong></span> <span class='ocrx_word' id='word_1_288' title='bbox 1935 3366 2001 3388; x_wconf 86' lang='lat' dir='ltr'><strong>non</strong></span> <span class='ocrx_word' id='word_1_289' title='bbox 2014 3364 2080 3386; x_wconf 85' lang='lat' dir='ltr'><strong>me-</strong></span> 
     </span>
     <span class='ocr_line' id='line_1_39' title="bbox 1197 3400 2079 3450; baseline 0 -14"><span class='ocrx_word' id='word_1_290' title='bbox 1197 3400 1297 3437; x_wconf 85' lang='lat' dir='ltr'><strong>minit</strong></span> <span class='ocrx_word' id='word_1_291' title='bbox 1310 3428 1321 3444; x_wconf 92' lang='lat'>‚</span> <span class='ocrx_word' id='word_1_292' title='bbox 1346 3406 1488 3441; x_wconf 81' lang='lat' dir='ltr'><strong>creditur</strong></span> <span class='ocrx_word' id='word_1_293' title='bbox 1510 3406 1565 3441; x_wconf 88' lang='lat' dir='ltr'><strong>ille</strong></span> <span class='ocrx_word' id='word_1_294' title='bbox 1578 3407 1595 3440; x_wconf 75' lang='grc' dir='ltr'>ὲ</span> <span class='ocrx_word' id='word_1_295' title='bbox 1620 3409 1674 3441; x_wconf 80' lang='lat' dir='ltr'><strong>sua</strong></span> <span class='ocrx_word' id='word_1_296' title='bbox 1695 3407 1780 3450; x_wconf 81' lang='lat' dir='ltr'><strong>apud</strong></span> <span class='ocrx_word' id='word_1_297' title='bbox 1794 3406 1974 3440; x_wconf 84' lang='lat' dir='ltr'><strong>Nicolaum</strong></span> <span class='ocrx_word' id='word_1_298' title='bbox 1988 3403 2079 3436; x_wconf 88' lang='lat' dir='ltr'><strong>Pon-</strong></span> 
     </span>
    </p>
   </div>
   <div class='ocr_carea' id='block_1_15' title="bbox 1198 3452 2028 3538">
    <p class='ocr_par' dir='ltr' id='par_1_20' title="bbox 1198 3452 2028 3538">
     <span class='ocr_line' id='line_1_40' title="bbox 1198 3452 2027 3500; baseline 0.002 -11"><span class='ocrx_word' id='word_1_299' title='bbox 1198 3454 1320 3490; x_wconf 86' lang='lat' dir='ltr'><strong>tificem</strong></span> <span class='ocrx_word' id='word_1_300' title='bbox 1341 3457 1537 3500; x_wconf 81' lang='lat' dir='ltr'><strong>profeffione</strong></span> <span class='ocrx_word' id='word_1_301' title='bbox 1560 3459 1662 3499; x_wconf 90' lang='lat' dir='ltr'><strong>usque</strong></span> <span class='ocrx_word' id='word_1_302' title='bbox 1682 3466 1762 3493; x_wconf 84' lang='lat' dir='ltr'><strong>tunc</strong></span> <span class='ocrx_word' id='word_1_303' title='bbox 1776 3468 1844 3492; x_wconf 86' lang='lat' dir='ltr'><strong>non</strong></span> <span class='ocrx_word' id='word_1_304' title='bbox 1868 3452 2006 3487; x_wconf 68' lang='lat' dir='ltr'><strong>resiliisse</strong></span> <span class='ocrx_word' id='word_1_305' title='bbox 2019 3478 2027 3491; x_wconf 89' lang='lat'><strong>-.</strong></span> 
     </span>
     <span class='ocr_line' id='line_1_41' title="bbox 1853 3501 2028 3538; baseline 0 -2"><span class='ocrx_word' id='word_1_306' title='bbox 1853 3501 2028 3538; x_wconf 84' lang='lat' dir='ltr'>CANON</span> 
     </span>
    </p>
   </div>
   <div class='ocr_carea' id='block_1_16' title="bbox 1147 3295 1156 3527">
    <p class='ocr_par' dir='ltr' id='par_1_21' title="bbox 1147 3295 1156 3527">
     <span class='ocr_line' id='line_1_42' title="bbox 1147 3295 1156 3527; baseline 0 229"><span class='ocrx_word' id='word_1_307' title='bbox 1147 3295 1156 3527; x_wconf 95' lang='lat' dir='ltr'><strong> </strong></span> 
     </span>
    </p>
   </div>
  </div>
 </body>
</html>
