2366 3756
83 1366 171 1398 1207.
206 1366 226 1393 12.

78 1404 141 1440 pist.
169 1408 218 1438 46.

595 144 635 187 C
674 156 705 185 o
742 157 771 186 N
808 156 836 186 c
907 156 930 184 L
1002 152 1030 183 u
1068 157 1100 184 M

251 226 447 267 cumduxit,
476 226 510 260 δε
547 227 685 265 priscum
720 225 770 268 jus
806 225 943 258 restituit
985 224 1019 256 in
1057 225 1147 258 suam

253 277 499 317 austeritatem.
532 278 614 324 Qae
634 276 748 310 omnia
768 273 909 306 firmavit
924 285 927 287 ·
942 274 975 307 δε
1001 273 1148 316 Iustinia-

254 339 333 361 nns.
359 326 487 361 Verum
520 328 674 370 prossolo
686 323 848 358 Orientali
863 324 1025 365 Imperio.
1054 323 1147 357 Hinc

253 379 346 413 enim
369 377 426 420 qui
454 378 524 420 post
551 377 637 415 hanc
663 376 770 418 legem
799 374 836 406 in
862 374 1059 407 Occidentis
1085 374 1147 407 Im-

257 428 351 470 perio
378 427 523 461 vixit&
549 425 589 460 de
614 425 679 459 Dei
707 424 854 458 Civitate
877 424 979 458 iibros
1003 424 1147 467 scripsit,

257 479 391 511 Sanstus
410 477 615 522 Augustinus
641 473 826 509 constanter
853 475 991 508 affirmat
1019 474 1147 508 Conso-

257 527 429 561 brinorurn
455 526 588 570 nuptias
613 536 673 559 nec
698 525 795 558 licere
820 535 881 557 nec
904 525 1028 558 valere.
1067 524 1146 565 Eius

258 588 406 620 tempore
423 576 510 618 apud
538 576 753 610 Occidentem
779 573 909 618 vigebat
923 575 1146 608 laudataflo-

258 628 343 662 nerii
359 627 409 660 'ad
420 625 642 660 Theodorum
662 625 714 658 lex
726 650 736 665 ‚
765 625 1052 658 Consobrinorum
1066 636 1146 658 con-

256 677 346 720 jugia
368 677 529 710 damnans
549 700 560 716 ‚
597 675 786 719 permittens
809 685 916 708 tamen
938 676 956 708 a
994 675 1146 716 Principe

255 725 433 768 postulari.
459 725 631 760 Paternam
652 725 691 758 de
721 725 786 758 istis
813 725 919 769 legem
940 723 1006 758 haec
1033 724 1143 758 laudat

255 778 289 809 ὅ(
310 777 438 812 firmat:
469 776 510 809 Et
534 775 622 820 quod
637 775 696 810 illa
718 773 838 808 dictam
867 776 1142 818 supplicationem

257 838 326 859 non
350 826 553 859 interdixerit
574 849 583 864 ‚
610 825 708 868 ipsius
728 825 901 859 indultum,
920 826 1086 859 existimat
1112 825 1144 857 ei

255 888 325 909 non
353 876 530 909 adversari.
557 875 730 909 Paternam
753 875 861 918 iraque
889 876 1000 919 legem
1023 875 1057 909 δε
1085 874 1145 907 Ar·

254 926 366 959 cadius
389 925 423 959 δε
451 926 626 959 Honorius
638 926 858 959 communiter
869 927 1064 970 mitigarunt
1076 936 1144 969 quo

253 973 297 1008 ad
317 986 469 1017 poenarn,
498 976 591 1019 plene
615 974 823 1019 postmodum
836 977 968 1009 cassavit
981 975 1067 1008 solus
1083 975 1146 1008 Ar-

254 1024 388 1066 cadius,
415 1025 472 1058 ista
496 1026 649 1068 adjuniba
664 1026 767 1070 gratia
781 1026 868 1059 solus
878 1026 1053 1059 Honorius
1065 1035 1148 1058 tem·

253 1076 377 1117 peravit
400 1099 408 1108 .
450 1075 494 1109 Et
516 1074 582 1111 hoc
605 1075 672 1117 jure
697 1075 863 1110 Occidens
889 1075 1013 1110 dudum
1040 1076 1142 1109 vixit.

254 1126 391 1158 Etenim
416 1124 503 1169 apud
530 1125 702 1160 Aurelium
730 1126 960 1159 Cassiodorum
981 1126 1085 1159 exstat
1098 1127 1146 1159 so·

253 1174 373 1208 lemnis
398 1177 564 1216 formula,
592 1188 655 1220 qua
666 1176 861 1210 Occidentis
875 1177 1031 1219 Princeps
1042 1177 1143 1209 etiam

253 1235 334 1259 tunc
356 1225 479 1260 solebat
502 1226 720 1260 Consobrinis
747 1226 883 1260 ineundi
911 1227 1060 1271 conjugii
1103 1225 1146 1259 fa-

254 1274 409 1311 cultatem
437 1278 491 1308 seu
518 1275 791 1320 dispensationem
819 1276 984 1311 rescribere
1011 1289 1048 1310 ac
1085 1277 1146 1310 im-

256 1326 365 1367 pertiri
391 1350 398 1356 .
437 1325 607 1360 Domi-nus
628 1326 814 1360 Cardinalis
840 1327 946 1361 Caesar
985 1326 1147 1359 Batonius

254 1375 419 1408 existimat
442 1376 733 1409 Consobrinorum
750 1400 760 1414 ‚
799 1377 870 1408 imo
895 1378 928 1408 &
955 1376 1147 1408 ulteriorum

254 1426 415 1468 graduum
438 1424 594 1470 conjugia
620 1423 921 1458 fuisseChristianis
948 1423 1046 1468 longe
1059 1423 1144 1467 prius

256 1474 425 1508 interdicta
442 1498 454 1513 ‚
479 1474 620 1515 ideoque
631 1474 776 1507 laudatas
797 1473 883 1516 leges
896 1474 1034 1506 definire
1044 1474 1147 1507 deso-

254 1524 296 1555 lis
313 1522 478 1564 conjugiis
502 1522 690 1554 Gentilium
704 1545 711 1551 .
740 1520 867 1552 Verum
894 1519 960 1552 huc
981 1522 1081 1561 usque
1094 1520 1147 1552 ad-

253 1571 349 1606 dusta
372 1569 477 1604 lucide
501 1570 662 1604 evincunt
672 1567 783 1603 aliud.
812 1567 856 1601 Et
879 1567 1147 1611 horumimpedi—

252 1630 441 1655 mentorum
467 1619 660 1654 constitutio
682 1630 724 1653 ac>
742 1617 902 1652 relaxatio
926 1616 1052 1652 dudum
1083 1617 1148 1660 spe-

253 1672 382 1705 ssarunt
403 1670 444 1704 ad
469 1669 659 1713 Principem
685 1667 898 1713 Augustum.
926 1669 979 1701 Ex
1004 1667 1148 1701 bisinte-

253 1723 317 1755 rim
339 1720 429 1755 vides
450 1720 691 1755 Sacrosanaam
704 1717 943 1752 Tridentinam
956 1717 1148 1761 synodum,

255 1771 338 1805 dum
357 1771 453 1805 certis
472 1771 506 1804 in
528 1770 651 1804 cafibus
675 1769 813 1813 permisit
835 1768 1012 1811 dispensari
1037 1767 1148 1812 quoad

256 1821 435 1855 secundum
464 1821 634 1854 affinitatis
650 1831 706 1854 aut
726 1818 895 1864 sanguinis
921 1817 1060 1862 gradum
1081 1842 1093 1860 ‚
1130 1818 1149 1851 Ta

255 1870 390 1906 vetustis
412 1871 561 1904 Ecclefiae
583 1870 730 1905 moribus
751 1881 819 1904 non
845 1869 1024 1903 decessisse.

307 1921 395 1967 Qis
419 1919 515 1964 porro
538 1920 773 1963 impedimenta
802 1918 869 1953 haec
891 1920 991 1962 usque
1002 1917 1041 1952 ad
1055 1917 1148 1962 septi-

256 1981 349 2004 mum
372 1971 531 2014 gradum,
568 1971 639 2004 imo
660 1972 762 2013 usque
783 1969 825 2003 ad
850 1981 986 2003 omnem
1009 1969 1149 2012 conjun-

255 2021 298 2054 θεῖ
321 2021 488 2064 sanguinis
516 2020 670 2055 notitiam
697 2019 876 2055 extendere
898 2020 1034 2063 coeperit
1052 2044 1063 2060 ‚
1100 2018 1145 2052 est

255 2071 446 2105 involutum
459 2071 491 2104 δε
503 2070 691 2105 obscurum.
726 2070 802 2104 Esse
814 2070 1071 2113 antiquissimam
1086 2069 1147 2102 Re-

256 2121 391 2164 gulam,
417 2123 435 2154 a
461 2121 588 2162 Nicena
601 2120 741 2164 Synodo
755 2121 917 2154 firmatam
930 2119 1148 2162 potiusquam

257 2172 502 2208 introdustam,
529 2170 675 2212 adeoque
703 2169 939 2210 Apostolorum
967 2177 1022 2199 aut
1059 2169 1147 2208 Apo-

259 2220 450 2251 stolicorum
478 2218 614 2251 Patrum
640 2217 876 2257 traditionem,
903 2216 1040 2249 affirmat
1055 2215 1091 2248 in
1104 2216 1150 2248 su-

258 2267 474 2300 twa-adductis
508 2267 548 2300 ad
587 2267 752 2311 Magnum
791 2265 987 2309 Gregorium
1034 2265 1151 2298 litteris

258 2316 352 2349 Felix
381 2317 559 2358 Episcopus
586 2316 788 2349 Meffinenfis
823 2327 830 2346 z
869 2317 951 2358 Quae
976 2312 1150 2356 consuetudo

255 2367 371 2399 dudum
395 2365 456 2398 illis
483 2374 538 2397 aut
562 2363 624 2404 istis
650 2370 681 2396 in
713 2363 856 2405 partibus
880 2387 890 2402 ‚
929 2365 1048 2406 quando
1084 2367 1146 2396 unit

255 2415 406 2458 vobiscum
431 2415 470 2447 ab
497 2413 633 2455 infantia
659 2421 795 2447 nutritus
821 2423 911 2454 atque
937 2414 1052 2447 edoc‘lus
1070 2413 1146 2455 fui,

258 2477 318 2498 non
344 2475 410 2498 erat
430 2489 440 2505 ‚
482 2475 530 2497 nec
554 2470 586 2496 in
607 2465 674 2496 ullis
715 2463 952 2506 Praedecessorum
988 2463 1147 2504 vestrarum

260 2520 415 2554 Decretis,
442 2523 497 2546 aut
524 2514 701 2556 rellquorum
721 2515 896 2557 generaliter
923 2522 975 2546 aut
979 2512 1146 2556 specialiter

259 2568 388 2597 Parrum
414 2563 556 2603 institutis
583 2566 640 2607 legi
665 2589 676 2604 ‚
701 2573 755 2596 aut
776 2563 915 2596 haelenus
942 2564 981 2596 ab
1006 2565 1074 2596 ullis
1096 2562 1146 2606 sa-

256 2615 406 2655 pientibus
432 2617 482 2657 esJe
507 2614 658 2656 concessum
683 2615 799 2654 didici,
830 2612 889 2657 sed
913 2613 1028 2656 semper
1054 2613 1145 2655 usque

260 2667 302 2696 ard
320 2664 478 2706 septimum
498 2669 619 2708 originis
636 2664 703 2707 suae
718 2666 872 2707 gradum,
897 2664 960 2697 haec
982 2666 1002 2696 ὁ
1024 2654 1158 2696 saneltsl

262 2715 481 2757 Antecefforibus
503 2714 608 2754 vestris
621 2739 632 2754 ,
658 2716 692 2748 Θ
717 2721 831 2747 caeteris
846 2715 962 2746 Sanfflis
976 2696 1158 2756 Patribus‚l

260 2773 325 2796 tam
346 2771 379 2796 in
398 2768 519 2805 Nicfna
541 2766 647 2803 synodo
659 2789 670 2804 ‚
697 2777 789 2806 quam
812 2771 843 2796 in
855 2765 924 2797 allis
937 2765 1053 2797 Sant‘t'is
1065 2757 1158 2809 Con-i

261 2816 336 2848 ciliis
358 2820 539 2857 congregatis
552 2839 562 2853 ,
584 2813 707 2857 servari
728 2815 830 2847 debere
841 2821 938 2855 repert
955 2839 965 2854 ,
991 2813 1158 2849 &drec‘lel

261 2863 436 2896 viventibus
458 2875 494 2896 ac
514 2867 608 2896 Deum
629 2865 802 2898 timentibus
823 2864 955 2903 studiose
987 2859 1157 2907 provideri*

260 2920 381 2957 cognovi
404 2939 411 2945 .
458 2914 645 2947 Gentilium
683 2915 872 2959 Anglorum
912 2914 1068 2958 plurimos
1103 2916 1138 2948 in

261 2963 436 3006 prohibitis
459 2962 612 3008 gradibus
638 2965 830 3009 conjugatos
842 2975 996 3008 repererat
1009 2967 1142 3000 Sanetus

260 3014 467 3057 Augustinus
487 3013 664 3056 Apostolus
691 3039 701 3054 ‚
738 3017 771 3049 δε
812 3015 911 3049 multa
933 3027 973 3048 ex
997 3015 1140 3059 ipsorum

259 3064 405 3098 divortio
433 3064 580 3097 scandala
619 3076 655 3097 ac
692 3065 865 3110 Evangelii
904 3065 1138 3109 impedimenta

259 3122 409 3147 metuens
436 3112 580 3156 Magnus
606 3115 784 3159 Gregorius
804 3141 814 3156 ‚
841 3115 1070 3159 dispensatorie
1096 3118 1142 3149 in-

259 3162 398 3196 dulserat
420 3164 533 3197 omnia
555 3165 657 3206 quarti
679 3175 734 3198 aut
759 3166 922 3200 ulterioris
946 3165 1064 3210 gradus
1075 3178 1141 3200 ma-

259 3213 414 3246 trimonia
442 3224 643 3255 permanere.
674 3214 782 3258 Hujus
805 3217 1085 3259 gratiaeexcessum
1098 3228 1156 3278 ar·l

259 3263 330 3306 guit
353 3262 446 3296 Felix
462 3287 472 3302 ,
499 3263 660 3296 affirmans
672 3266 734 3298 esse
749 3265 959 3300 Ecclesiarum
972 3269 1141 3301 consuetu-

259 3313 350 3352 dini,
377 3312 471 3345 avitis
497 3312 631 3346 Parrum
658 3312 802 3357 legibus,
827 3328 865 3350 ac
888 3316 1024 3358 Nicenae
1036 3281 1155 3360 Syno-l

260 3363 304 3398 do
327 3361 509 3402 adversum,
543 3361 683 3404 ideoque
706 3365 1068 3407 &praevaricatorium.
1097 3368 1139 3400 Et

260 3413 372 3448 omnia
384 3413 451 3454 ejus
461 3413 598 3456 allegata
612 3413 790 3456 Gregorius
803 3417 1049 3462 comprobavit,
1077 3418 1140 3452 sese

357 3461 465 3504 Christ.
477 3466 555 3506 Lupi
567 3468 654 3507 Opcr.
666 3467 746 3498 Tom.
760 3469 795 3498 V.
1152 3465 1159 3490 Ι

1170 142 1638 191 ROMANUM.

1966 164 2031 202 ‚99

1211 236 1398 270 expurgans
1422 226 1512 269 quod
1540 239 1609 261 non
1632 228 1692 260 suo
1714 226 1838 270 judicio
1862 252 1873 269 ‚
1909 226 1962 261 sed
1988 240 2028 261 ex
2051 241 2099 263 to—

1213 275 1276 308 tius
1296 276 1385 309 urbis
1411 277 1601 311 testimonio
1627 278 1835 321 dispensasset
1852 289 1909 321 pro
1931 278 2007 312 solis
2021 284 2098 313 ante

1214 325 1308 358 fidem
1346 328 1520 360 contractis
1558 327 1816 370 Neophytorum
1856 328 2095 369 matrimoniis,

1213 375 1352 416 ideoque
1376 377 1490 408 omnia
1517 376 1738 411 contrahenda
1765 378 1804 411 ad
1831 378 2001 420 septimum
2027 389 2100 423 gra·

1211 424 1290 457 dum
1317 423 1458 459 omnino
1483 425 1646 469 obligari.
1674 427 1717 460 Et
1727 426 1822 461 hasce
1837 428 1954 461 Felicis
1967 439 2004 462 ac
2017 429 2102 463 Gre-

1209 476 1296 518 gorii
1321 475 1445 509 litteras
1464 473 1527 509 esse
1555 474 1762 509 authenticas
1774 477 2098 520 supponitcelebrata

1211 524 1266 557 sub
1299 525 1433 566 Joannis
1456 525 1562 557 octavi
1585 524 1712 567 Papatu
1737 525 1890 567 Synodus
1910 528 2098 563 Duziacen-

1209 574 1243 605 lis
1260 598 1267 605 .
1293 575 1468 608 Felicianae
1491 574 1642 617 Epistolae
1657 581 1778 617 partem
1801 574 1935 610 adducit
1957 603 1968 618 ‚
2004 577 2097 612 acin

1209 624 1275 665 ipsa
1303 623 1417 658 fundat
1438 625 1493 658 sua
1515 625 1694 670 adversum·
1708 624 1859 659 incoestas
1881 627 2009 668 nuptias
2030 628 2098 663 De⁴

1207 684 1312 707 creta.
1343 673 1444 720 Qod
1468 675 1572 717 ipsum
1599 676 1633 708 in
1656 673 1747 708 libris
1767 675 1808 710 de
1822 675 1949 709 Laicali
1970 677 2097 711 institu-

1207 724 1300 757 tione
1323 725 1402 758 sacit
1425 725 1523 767 Jonas
1546 724 1784 759 Aurelianensis
1809 725 1988 770 Episcopus
2007 751 2018 767 ‚
2053 739 2096 761 ex

1208 773 1270 808 isto
1290 774 1398 808 forsan
1425 775 1518 808 fonte
1540 776 1703 809 affirmans
1724 775 1852 818 septimi
1865 776 1982 820 gradus
1993 776 2097 811 obser-

1208 826 1354 858 vantiam
1378 825 1441 859 esse
1463 823 1690 868 Apostolicam
1704 850 1716 865 ‚
1752 835 1912 869 receptam
1933 826 1974 860 ab
2000 839 2094 862 omni

1209 875 1353 908 Ecclesia
1366 898 1377 913 ,
1403 875 1632 910 traditionem.
1663 875 1774 910 Etiam
1797 876 1832 909 in
1846 876 1954 909 Sancti
1970 876 2094 922 Grego-

1207 924 1247 958 rii
1271 926 1339 959 vita
1365 926 1509 968 Joannes
1539 927 1700 960 Romana:
1720 926 1868 960 Ecclesiae
1900 926 2094 968 Diaconus,

1206 975 1241 1008 ὅ(
1264 975 1298 1008 in
1323 977 1466 1009 Decreto
1487 978 1545 1010 suo
1568 977 1695 1011 easdem
1718 976 1880 1020 Epistolas
1898 976 2009 1011 laudat
2021 977 2096 1012 San·
2115 997 2173 1029 nb,
2197 1011 2223 1035 9·
2245 1003 2272 1030 c·-

1206 1027 1275 1059 &us
1298 1026 1360 1068 Jvo
1385 1026 1567 1069 Episcopus
1595 1028 1819 1061 Carnutensis.

2084 829 2093 835 .
2114 807 2216 837 L.z.c-
2234 809 2262 837 85

2118 1052 2166 1069 ιο·
2189 1048 2236 1075 55.

1256 1075 1456 1118 Respondeo
1481 1086 1591 1110 tamen
1613 1078 1726 1112 ambas
1739 1077 1904 1121 Epistolas
1917 1079 1978 1113 esse
1989 1078 2098 1122 spuria
2120 1084 2166 1116 56·

1207 1127 1364 1170 figmenta
1398 1151 1404 1158 .
1441 1126 1545 1159 Lucet
1566 1139 1607 1160 ex
1630 1128 1701 1170 ipso
1726 1127 1767 1161 ad
1794 1126 1880 1162 hanc
1915 1129 2098 1174 Augustini

1207 1176 1415 1219 quaestionem
1427 1201 1437 1216 ,
1462 1174 1557 1218 Usque
1580 1178 1623 1209 ad
1634 1186 1754 1218 quotam
1761 1184 1981 1221 generationem
1988 1180 2093 1222 fideles

1207 1227 1335 1260 debeant
1356 1238 1421 1259 cum
1439 1232 1619 1269 propinquis
1626 1226 1683 1268 fibi
1694 1229 1826 1270 conjugio
1836 1230 1965 1268 copulari
1983 1252 1993 1267 ,
2020 1229 2100 1262 Gre-

1207 1276 1294 1321 gorii
1317 1277 1512 1319 RescriPto:
1538 1278 1693 1320 ,Quaedam
1714 1285 1831 1310 terrena
1851 1278 1898 1310 lex
1919 1283 1951 1310 in
1961 1281 2098 1311 Romana

1208 1327 1369 1368 Republica
1387 1331 1540 1368 permittit
1553 1351 1564 1366 ,
1591 1335 1623 1359 ut
1638 1326 1702 1368 five
1719 1326 1836 1368 fratris
1850 1351 1860 1366 ,
1882 1326 1944 1368 five
1964 1326 2073 1371 sororis
2086 1353 2098 1369 ‚

1206 1374 1260 1416 seu
1283 1377 1406 1407 duorum
1410 1375 1551 1415 fratrum
1559 1387 1770 1418 germanorum
1782 1400 1792 1416 ‚
1821 1378 1874 1409 vel
1881 1377 2009 1410 duarum
2021 1377 2101 1420 sbro-

1210 1436 1278 1462 rum
1294 1425 1377 1466 filius
1390 1424 1496 1466 &filia
1507 1425 1705 1467 misceantur.
1732 1426 1790 1457 sed
1810 1432 2008 1467 experimento
2018 1429 2098 1461 didi·-

1209 1480 1303 1505 cimus
1322 1485 1360 1504 ει·
1372 1475 1428 1505 tall
1453 1475 1587 1515 conjugio
1606 1473 1733 1515 sobolem
1755 1486 1812 1506 non
1828 1474 2021 1518 succrescere.
2048 1482 2097 1512 Et

1206 1520 1295 1561 sacra
1314 1522 1362 1551 lex
1380 1519 1517 1560 prohibet
1539 1528 1721 1562 cognatlont's
1744 1525 1966 1562 turpitudinem
1987 1529 2105 1566 revela-

1210 1579 1259 1600 re.
1290 1569 1373 1600 Unde
1394 1569 1497 1610 necesse
1519 1568 1579 1610 est,
1605 1579 1637 1602 ut
1642 1573 1713 1611 jam
1723 1578 1814 1604 tertia
1839 1575 1892 1606 vel
1899 1584 2011 1616 quarta
2017 1588 2105 1619 gene-

1210 1623 1289 1651 ratio
1308 1617 1442 1659 fidelium
1455 1617 1511 1660 fibi
1538 1619 1658 1653 licenter
1673 1623 1765 1665 jungi
1797 1623 1903 1656 debeat
1917 1650 1924 1657 .
1954 1629 2039 1658 Nam
2061 1625 2107 1669 se-

1210 1669 1306 1701 cunda
1319 1693 1330 1708 ,
1357 1680 1449 1711 quam
1469 1670 1602 1703 diximus
1615 1695 1625 1711 ,
1647 1669 1681 1714 se
1705 1676 1823 1706 omnint)
1847 1674 1934 1708 debet
1944 1675 2103 1716 abstinere.

1211 1718 1250 1751 In
1264 1718 1398 1753 laudato
1413 1720 1519 1753 Sancti
1534 1721 1647 1763 Jvonis
1669 1721 1815 1757 Decreto
1838 1723 1943 1758 exstat
1968 1726 2106 1768 Joannis

1211 1767 1405 1803 Patriarchae
1427 1770 1791 1815 constantinopolitani
1806 1773 1846 1808 ad
1859 1775 2004 1810 Felicem
2019 1777 2109 1812 Mes-

1210 1819 1366 1853 finensem
1380 1818 1575 1854 Antistitem
1601 1821 1769 1864 Epistola,
1800 1821 1868 1858 haec
1895 1826 2001 1860 Sancti
2027 1827 2107 1861 Gre-

1210 1870 1296 1913 gorii
1310 1869 1405 1904 verba
1418 1870 1556 1907 referens
1570 1871 1604 1904 in
1622 1868 1711 1906 hunc
1722 1873 1860 1907 modum
1877 1887 1884 1906 :
1905 1877 1989 1908 Unde
2003 1879 2106 1920 necesse

1210 1919 1248 1957 est
1260 1945 1270 1960 ,
1296 1929 1328 1952 ut
1334 1922 1405 1960 jam
1418 1930 1527 1962 quarta
1541 1922 1594 1955 vel
1613 1928 1720 1964 quinta
1737 1930 1893 1967 generatio
1908 1925 2049 1967 fidelium
2072 1930 2109 1961 li-

1210 1979 1310 2003 center
1313 1969 1370 2011 fib}
1375 1972 1548 2014 jungantur
1561 1998 1568 2004 .
1596 1972 1726 2017 Nempe
1737 1973 1880 2017 ejusdem
1892 1987 1968 2010 cum
1986 1978 2105 2012 Felicis

1210 2020 1251 2054 ad
1275 2020 1473 2065 Gregorium
1488 2045 1498 2061 ‚
1519 2024 1554 2057 &
1577 2024 1731 2068 Gregorii
1756 2024 1796 2058 ad
1818 2026 1962 2061 Felicem
1989 2028 2105 2062 litteris

1210 2070 1318 2104 farinae
1342 2072 1376 2105 ὃς
1398 2074 1538 2106 austeris
1559 2074 1603 2108 est
1630 2074 1687 2109 ista
1700 2075 1871 2119 Epistola.
1901 2076 1954 2111 Ut
1971 2078 2099 2123 Grego-

1211 2121 1296 2153 rium
1318 2132 1385 2154 non
1411 2122 1578 2162 intertio,
1606 2125 1659 2158 sed
1673 2126 1706 2158 in
1719 2137 1838 2168 quarto
1849 2127 2020 2162 dumtaxat
2033 2140 2103 2174 gra-

1210 2168 1256 2201 du
1268 2169 1459 2210 dispensasse
1475 2172 1679 2212 persuadeat,
1710 2176 1805 2207 ausus
1816 2177 1861 2209 est
1882 2178 1915 2209 in
1930 2189 2104 2221 germanas

1212 2218 1303 2251 illius
1324 2218 1446 2251 litteras
1466 2220 1511 2253 ita
1534 2222 1679 2264 grassari.
1707 2221 1812 2270 Qod
1837 2225 1953 2259 vitium
1980 2228 2104 2272 irrepsit

1211 2265 1332 2299 ibidem
1355 2267 1389 2299 in
1413 2268 1536 2301 litteras
1560 2270 1743 2305 Alexandri
1767 2274 1900 2308 secundi
1910 2275 1951 2309 ad
1965 2277 2102 2314 Clerum

1210 2315 1491 2359 Neapolitanum.
1518 2318 1671 2353 Tantum
1696 2321 1784 2356 abest
1807 2323 1826 2356 a
1847 2324 2014 2369 Gregorio
2025 2340 2102 2372 pro-

1210 2366 1284 2400 bare
1304 2366 1476 2400 Felicianae
1500 2367 1652 2411 Epistolae
1685 2370 1843 2415 figmenta
1867 2398 1879 2414 ,
1913 2385 1950 2409 ut
1987 2378 2096 2421 palam

1209 2415 1316 2451 edicat
1336 2428 1404 2450 non
1421 2417 1525 2451 solum
1545 2421 1651 2462 quarti
1669 2420 1789 2465 gradus
1811 2448 1822 2464 ‚
1850 2425 1901 2459 sed
1921 2427 2021 2462 etiarn
2048 2431 2097 2465 so-

1211 2466 1379 2503 brinorum
1416 2469 1625 2504 matrimonia
1655 2473 1798 2507 omnino
1824 2474 1922 2510 licere
1950 2503 1957 2509 .
1995 2479 2096 2515 Adeo

1210 2527 1268 2560 pro
1295 2527 1412 2561 quarto
1432 2528 1486 2552 aut
1503 2520 1622 2562 quinto
1645 2522 1747 2566 gradu
1770 2523 1875 2569 Angli
1909 2539 1976 2561 non
1999 2526 2093 2565 habe-

1209 2568 1288 2600 bant
1309 2578 1392 2609 opus
1409 2567 1475 2603 ulla
1487 2569 1742 2613 dispensatione.
1772 2574 1901 2620 Nempe
1914 2579 2093 2615 secundum

1209 2617 1356 2657 Honor-ii
1377 2618 1517 2662 Augusti
1544 2620 1651 2665 legem
1677 2647 1688 2663 ‚
1714 2634 1784 2665 quae
1807 2627 2092 2665 Consobrinorum

1206 2669 1238 2701 ὃς
1252 2666 1378 2702 vetabat
1393 2668 1428 2701 &
1439 2669 1612 2714 Rescripto
1627 2673 1783 2715 postulari
1797 2677 2002 2717 permittebat
2016 2691 2092 2714 con-

1205 2718 1294 2762 jugia
1309 2741 1319 2757 ,
1345 2718 1497 2752 Romana
1512 2732 1590 2754 tunc
1603 2722 1739 2757 Ecclesia
1751 2724 1858 2759 adhuc
1872 2728 2017 2763 vivebat.
2047 2731 2097 2764 E-

1206 2767 1255 2810 jus
1276 2768 1378 2802 solam
1402 2770 1611 2812 posteriorem
1639 2783 1761 2816 partem
1781 2775 1943 2819 improbat
1966 2781 2091 2825 Grego-

1205 2818 1295 2858 rius,
1321 2819 1459 2862 ideoque
1484 2821 1567 2863 apud
1588 2824 2026 2867 exemptosaRomanorum
2050 2832 2090 2864 le-

1204 2867 1300 2912 gibus
1320 2867 1452 2912 Anglos
1475 2871 1542 2905 sola
1555 2872 1760 2908 sobrinorum
1772 2876 1927 2923 conjugia
1939 2881 2008 2913 vuit
2022 2893 2090 2924 per-

1205 2918 1291 2953 mitti
1311 2944 1317 2951 .
1361 2919 1468 2954 Verba
1509 2920 1577 2956 haec
1600 2948 1611 2964 ,
1650 2927 1869 2967 Experimento
1905 2931 2087 2972 didicimus,

1203 2969 1380 3003 ostendunt
1404 2971 1688 3007 Consobrinorum
1717 2986 1770 3018 per
1793 2977 2000 3021 Rescriptum
2011 2992 2090 3014 con-

1201 3018 1290 3063 jugia
1313 3031 1393 3054 tunc
1415 3019 1523 3055 adhuc
1536 3022 1619 3065 apud
1633 3024 1805 3058 Romanos
1815 3029 1956 3063 omnino
1968 3030 2089 3074 viguis-

1204 3070 1235 3102 se
1256 3095 1262 3101 .
1293 3070 1335 3103 Et
1356 3072 1527 3112 quomodo
1566 3074 1658 3106 Felix
1679 3074 1880 3111 Meffinenfis
1904 3079 2084 3123 Episcopus

1204 3118 1383 3154 credidisset
1408 3122 1489 3164 quid
1504 3123 1683 3157 istiusmodi
1707 3123 1864 3161 staturum
1880 3128 1920 3162 ab
1933 3131 2088 3165 omnibus

1204 3167 1352 3203 Patribus
1364 3182 1402 3204 ac
1415 3171 1558 3214 Synodis
1569 3198 1579 3213 ,
1605 3175 1706 3207 etiam
1719 3174 1874 3218 Nicena?
1902 3179 2086 3225 Qomodo

1204 3218 1388 3255 credidisset
1411 3222 1505 3255 nullo
1528 3234 1685 3266 umquam
1709 3225 1844 3260 Parrum
1871 3239 1925 3261 aut
1950 3229 2090 3264 Pontifi-

1203 3279 1279 3301 cum
1304 3270 1431 3304 Statuto
1445 3273 1550 3315 quarti
1573 3273 1691 3318 gradus
1710 3276 1903 3320 conjugium
1928 3278 2019 3312 fuisse
2043 3282 2088 3314 in-

1203 3319 1354 3352 dultum?
1379 3322 1590 3368 Qapropter
1602 3324 1815 3367 posteriorum
1834 3328 2020 3362 saeculoruiu
2033 3330 2087 3363 foe-

1203 3379 1253 3401 tus
1267 3369 1341 3401 sunt
1361 3370 1424 3403 istae
1436 3372 1588 3414 Epistolae
1603 3398 1613 3413 ,
1639 3374 1657 3407 ’.ἶι
1673 3376 1862 3419 nescioquo
1885 3380 1939 3420 pio
1952 3377 2088 3413 homine

1204 3418 1243 3453 ad
1270 3419 1316 3453 sui
1338 3423 1493 3464 temporis
1517 3423 1722 3466 disciplinam
1747 3425 1897 3461 adversus
1918 3428 2091 3470 impugna-

1641 3474 1656 3506 1
1706 3485 1728 3509 2
1954 3486 2039 3511 tores

2118 2308 2191 2346 Cap.
2225 2312 2251 2338 6.
