2366 3756
411 183 474 230 82
530 180 943 226 N1co-1A1·

343 272 464 310 memb
487 268 594 312 quinti
608 281 631 301 ε·
643 273 728 314 ,Quia
748 270 906 309 nonnulli,
927 277 1019 311 prout
1038 276 1221 313 accepimus,

339 331 442 358 contra
462 319 627 353 dour-inam
646 319 805 361 Apostoli,

1007 182 1395 229 sccu'an

1467 183 2026 234 P‘0N0r1r1cls

1286 283 1354 306 non
1378 272 1442 305 fuit
1452 273 1511 305 usu
1529 282 1712 317 receptum.
1740 272 1846 306 Lucet
1865 286 1906 308 ex
1918 274 2166 320 Gregoriiduoae

831 317 898 362 suae
915 321 1238 364 prudentiae,qu1n·
1285 321 1405 356 decimi
1428 346 1439 361 ‚
1465 321 1550 366 apud
1571 320 1824 361 Theodoricurn
1844 323 1864 356 ὲ
1886 325 1987 358 Niem
2011 324 2165 361 exstanti-

336 370 434 412 potius
455 371 667 411 imprudentia
689 374 876 411 innitentes,
899 381 936 403 ac
958 369 1113 414 disputare
1129 370 1219 415 [ηραν
1287 372 1369 412 bus,
1394 371 1436 406 ad
1458 371 1592 414 Petrum
1614 373 1656 407 de
1676 373 1771 406 Luna
1795 373 1996 418 Antipapam
2020 375 2162 410 litteris:

339 419 409 460 bis,
435 422 472 454 de
483 419 588 462 quibus
598 423 643 452 eis
661 430 719 451 non
728 421 870 461 expedit,
894 418 1069 464 satagentes
1084 446 1094 462 ,
1119 423 1219 465 affere-

329 481 370 505 .re
389 481 446 502 non
468 477 609 502 verentur
621 492 631 508 ‚
659 470 742 510 quad
761 471 1055 513 SummusPontiftx
1076 471 1218 515 antesuae

325 524 543 554 ⁴Coronati'om's
554 516 678 562 infigm‘a
685 518 718 562 se
729 531 787 552 non
795 520 883 554 debet
900 526 1095 555 intromittere
1105 524 1142 555 de
1149 531 1218 564 pro-

336 567 493 610 visionibus
515 587 535 609 ,⁴
552 567 804 611 reservationibus
826 595 836 610 ‚
862 569 1131 614 dispensationibus
1146 597 1156 612 ‚
1183 574 1216 606 (εν

335 621 406 653 aliis
423 624 530 662 gratiis
543 618 698 660 faciendis
714 644 724 660 ,
751 631 802 653 nec
817 619 896 663 sein
914 623 1025 655 litteris
1039 621 1215 665 Episcopum

328 668 500 713 ffirtpliciter
521 693 531 707 ,
552 666 610 711 secl
630 670 752 703 eleHum
773 669 951 714 Episcopum
974 670 1102 714 scribere
1127 698 1137 712 ,
1165 685 1216 706 nec

335 726 426 753 etiam
446 725 491 751 uti
513 720 608 752 Bulla
621 744 632 759 ,
658 725 690 752 in
701 731 760 762 qua
782 733 884 754 nomen
903 728 1092 764 exprimatur
1108 722 1213 764 ipfius.

335 774 402 802 Nos
424 769 531 802 talium
540 774 724 803 temeritates
748 769 920 814 compescere
928 779 1098 814 cupientes,
1118 772 1215 816 fingu-

331 820 396 859 ios,
422 825 473 861 qui
494 819 665 862 hujusmodi
688 820 823 861 occasione
842 824 961 864 aliquas
973 824 1089 855 litteras
1101 822 1213 864 nostras

328 867 418 912 super
430 874 557 913 negotiis
578 871 667 913 quibu
665 869 805 914 fiamque
815 872 965 915 confecffas
975 896 986 912 ‚
1011 885 1082 915 quae
1095 874 1115 905 ἃ
1128 873 1212 906 nobis

323 929 404 953 -ante
426 922 631 953 coronationis
653 921 756 961 nostrae
779 921 905 966 infignia
929 934 1093 956 manarunt
1118 947 1128 964 ,
1155 922 1218 965 aust

322 968 448 1014 fuerint
473 975 650 1015 impugnare
672 996 682 1014 ,
720 978 1031 1006 excommunicationis
1063 973 1212 1017 ‚sententia

323 1020 508 1054 *innodamus
531 1046 538 1053 .
569 1020 699 1065 Nempe
719 1032 855 1066 uterque
881 1033 953 1058 mos
977 1024 1048 1058 suas
1070 1024 1212 1058 rationes

329 1067 445 1105 habuit
458 1096 470 1112 ,
496 1071 531 1105 &
543 1071 679 1116 quisque
693 1072 752 1106 suo
764 1074 905 1115 tempori
918 1074 951 1106 se
972 1071 1069 1108 debet
1086 1086 1212 1108 accom-

328 1119 465 1159 modare
477 1145 486 1153 .
514 1119 616 1168 Quod
627 1132 738 1162 tamen
759 1122 802 1166 de
816 1122 912 1166 Bulla
925 1123 1081 1167 Clemens
1093 1125 1185 1166 addit
1200 1149 1211 1173 2

1284 426 1329 458 De
1349 396 1421 462 boc,
1450 424 1531 464 quod
1550 425 1643 457 Bulla
1657 422 1720 465 fine
1739 424 1915 464 impreffione
1935 424 2020 464 nostri
2034 430 2162 459 nominis

1284 472 1322 513 est
1344 471 1478 515 appensa
1491 472 1692 517 praesentibus
1710 497 1720 513 ‚
1745 473 1842 506 nullus
1867 474 1972 507 debeat
1997 476 2163 510 admirari.

1284 527 1370 555 Nam
1391 531 1462 555 ante
1485 523 1587 564 nostrae
1610 528 1817 557 Coronationis
1843 522 1968 566 insignia
1992 523 2162 567 hujusmodi

1279 572 1453 614 imperfhbi‘a
1480 575 1570 607 Bulla
1591 573 1701 618 absque
1722 571 1806 615 ipsius
1832 575 2004 615 impreffione
2029 579 2160 608 nominis

1280 621 1404 659 babetur
1425 648 1432 655 .
1463 625 1650 666 Antiquum
1670 622 1749 668 ergo
1773 634 1899 658 morem
1922 626 2068 668 praesenti
2092 623 2239 665 hoelLa.
2260 641 2286 663 c.

1280 674 1424 706 Decreto
1446 674 1655 708 confirmavit
1674 674 1835 708 Nicolaus
1864 676 2043 715 secundus,
2070 675 2158 709 exci-

1282 723 1372 766 piens
1392 734 1502 758 tamen
1527 725 1656 766 casum,
1682 736 1750 769 quo
1772 723 1901 757 Electus
1923 735 1978 767 per
2001 724 2158 759 bellicam

1281 774 1523 817 tempestatem,
1550 775 1741 809 aemulorum
1766 774 1949 814 malitiam,
1975 784 2032 808 aut
2053 774 2157 808 alium

1279 823 1312 857 id
1332 835 1436 868 genus
1459 824 1640 860 violentum
1660 823 1791 861 obicem
1803 825 1897 860 fuerit
1916 824 1957 858 ab
1967 823 2158 868 accipienda

1279 874 1537 909 consecratione
1559 876 1734 919 impeditus
1755 900 1762 907 .
1791 874 1895 920 Quod
1920 874 1966 909 ob
1989 875 2158 919 grassantis

1281 925 1470 967 pestilentiae
1492 926 1712 961 necessitatem
1735 925 1882 969 Magnus
1903 925 2082 969 Gregorius
2097 924 2156 959 ¹ad-

1277 975 1505 1009 ministraverit
1515 987 1592 1011 ante
1602 975 1884 1011 consecrationem
1894 1001 1904 1017 ,
1920 974 2054 1009 testatur
2066 975 2161 1017 Joanv-

1279 1036 1336 1059 nes
1359 1025 1533 1060 Diaconus
1556 1040 1567 1060 ;
1593 1027 1703 1070 ipsum
1731 1025 1865 1059 interit'n
1890 1025 2011 1066 affiduc
2038 1035 2161 1069 vocat,

1278 1086 1345 1111 non
1359 1075 1576 1122 Pontificem,
1606 1078 1658 1112 sed
1674 1075 1842 1117 Levitam2

973 1275 1753 1290 -ωρ-η--ς-ι-ςς--Ὗ-ς--Υ--Μφ-
1796 1276 2140 1289 Γ-ν-ύΔ-νψ-τ-υι-Α

544 1280 1129 1446 CAN

317 1539 426 1674 L

328 1678 604 1733 reserventur
639 1682 819 1746 integrae
833 1716 845 1733 ,

510 1824 1018 1874 5,(ῑΗοιιοΝ.

394 1969 617 2005 Aracenorum
638 1982 694 2006 aut
717 1973 902 2008 Turcarum
924 1974 1076 2017 Principe
1097 1973 1209 2008 defun·

418 2022 470 2054 ἂο
483 2046 493 2061 ,
520 2021 684 2056 Palatium
705 2024 739 2058 δε
753 2024 863 2058 Castra
875 2025 1072 2058 consuevisse
1085 2035 1138 2068 per
1149 2024 1210 2067 ple-

331 2068 408 2106 bem
418 2070 541 2114 diripi,
569 2072 706 2107 testatur
729 2074 763 2108 in
779 2073 865 2108 Sacri
887 2073 969 2107 Belli
983 2072 1117 2108 historia
1132 2073 1212 2107 Gui-

330 2118 461 2157 lielmus
482 2121 700 2164 Metropolita
728 2123 912 2164 Tyriorum
936 2147 942 2154 .
972 2124 1111 2156 Barbara
1135 2136 1221 2157 con·

317 2170 471 2204 *suetudo
492 2168 619 2202 dudum
640 2172 773 2204 vexavit
784 2172 884 2204 etiam
898 2173 1087 2204 Romanam
1101 2172 1213 2205 Eccle-

153 2228 310 2260 L-18.c.‚17.
327 2218 421 2250 fiam.
451 2217 527 2249 Cum
538 2221 688 2261 Romani,
715 2219 823 2264 inquit
846 2219 1007 2255 Ludo-vici
1032 2221 1084 2254 Pii
1106 2221 1206 2265 Impe-

320 2267 443 2301 ratoris
456 2267 654 2313 Astrologus
666 2292 676 2308 ,
704 2272 829 2303 Leonem
849 2270 982 2302 tertium
996 2273 1115 2311 Papam
1126 2276 1212 2314 ‹egri-

327 2318 431 2359 tudine
442 2316 600 2360 decubuisse
607 2319 754 2351 viderent
766 2343 777 2358 ‚
803 2320 910 2352 collata
920 2330 1011 2352 manu
1023 2326 1120 2351 omnia
1127 2329 1208 2362 prae-

328 2368 385 2401 dia
391 2391 403 2408 ,
429 2378 495 2409 quae
507 2366 722 2411 infingularum
733 2373 908 2402 Civitatum
918 2370 1080 2403 ditionibus
1093 2376 1208 2403 noviter

328 2417 537 2459 exstruxerat,
559 2419 658 2460 primo
678 2419 854 2461 diripiunt,
881 2421 990 2454 deind&
1013 2420 1131 2464 immiffli
1145 2426 1208 2463 igne

155 2486 212 2522 ΛΠ
231 2487 256 2516 3
268 2492 292 2521 5
328 2477 494 2507 cremant,
519 2478 582 2501 tum
603 2472 728 2501 Romam
754 2475 796 2502 ire
812 2469 950 2510 statuunt
975 2494 986 2510 ,
1013 2472 1046 2504 (5
1069 2482 1136 2513 quae
1153 2469 1209 2512 sbi

327 2527 430 2560 erepta
465 2518 663 2562 querebantur
689 2542 700 2558 ‚
735 2521 879 2553 violenter
917 2520 1035 2562 auferre
1058 2545 1065 2552 .
1106 2521 1206 2567 Qod

330 2569 466 2613 ipsum
458 2581 494 2602 m
508 2569 571 2603 suis
582 2569 769 2603 Anna¹1bus
784 2570 891 2605 scribit
903 2570 1110 2614 Eginardus
1140 2572 1207 2603 Du·

328 2619 413 2654 ravit
436 2619 553 2653 abusus
581 2621 681 2664 usque
707 2620 749 2654 ad
773 2617 970 2657 Lothariurn
999 2619 1207 2665 Augustum,

329 2669 421 2712 cujus
433 2667 536 2703 hocce
551 2669 703 2714 Eugenio
713 2669 857 2704 secundo
877 2670 989 2704 datum
1002 2671 1206 2715 privilegium

332 2729 434 2762 nuper
455 2720 602 2763 vulgavit
613 2719 843 2754 Illustriffimus
863 2720 970 2754 Lucas
994 2720 1208 2755 Holstenius:

330 2774 368 2803 Ut
378 2771 619 2811 depraedationes
632 2794 642 2808 ‚
668 2780 735 2811 quae
745 2769 964 2812 haclenusfieri
972 2768 1106 2812 silebant
1119 2796 1128 2811 ‚
1146 2771 1208 2803 md·

331 2821 358 2853 lo
382 2820 466 2853 modo
485 2819 585 2862 fiant3
612 2830 703 2861 neque
726 2826 851 2854 vivente
873 2819 1035 2863 Pontifice,
1061 2833 1153 2863 neque
1163 2822 1208 2853 de·

327 2869 451 2912 funHo.
480 2872 512 2902 si
525 2875 591 2912 quis
611 2872 680 2902 vero
704 2870 826 2902 ulterius
848 2868 900 2903 boc
914 2869 1024 2912 fecerit
1047 2894 1058 2910 ‚
1079 2869 1155 2913 sciat
1175 2869 1210 2914 se

331 2921 421 2964 legali
436 2919 589 2964 sententia
621 2920 876 2953 condemnandum
898 2945 905 2951 .
932 2922 1013 2963 ,ραι
1036 2923 1106 2953 verb
1133 2923 1209 2954 retro

327 2970 423 3010 fadiae
440 2969 538 3013 sunt,
564 2971 699 3014 legaliter
719 2971 930 3003 emendentur.
960 2969 1074 3003 Exstat
1089 2971 1164 3004 item
1177 2971 1210 3003 in

334 3019 634 3063 Longobardorum
656 3018 780 3064 legibus
800 3021 840 3054 ad
860 3019 948 3054 tertii
966 3019 1057 3054 Libri
1080 3022 1209 3054 undeci-

334 3078 425 3102 mum
437 3069 588 3103 titulum.
619 3071 743 3104 Verum
756 3071 825 3113 post
839 3078 960 3114 patrata
970 3069 1005 3103 in
1018 3071 1209 3104 Formosum

334 3118 531 3153 Pontificem
555 3120 701 3154 scandala
723 3120 846 3154 malum
868 3118 1014 3154 revixit.
1042 3120 1145 3155 Lucet
1167 3133 1208 3155 ex

335 3167 487 3202 Romana
500 3169 635 3217 Synodc
649 3171 783 3214 joannis
801 3170 903 3204 noni.-
932 3171 1016 3212 ‚Quia
1026 3169 1209 3212 scelestiffima

336 3216 508 3260 consuetudo
528 3222 669 3261 inolevit,
695 3231 728 3254 ut
740 3220 858 3254 obeunte
872 3218 987 3263 sanc‘Iae
999 3223 1140 3255 Romanae
1153 3225 1210 3254 Ec-

338 3265 421 3308 clefiae
445 3271 526 3304 Sedis
547 3246 709 3313 Pontific'e,
734 3270 830 3313 ipsum
856 3269 1074 3303 patriarchium
1094 3273 1205 3312 deprae·

337 3318 407 3349 dari
413 3316 505 3359 soleat
515 3343 525 3358 ,
551 3322 585 3354 (ἓν
597 3332 651 3353 non
659 3318 753 3362 solum
766 3326 798 3352 in
808 3319 869 3363 ipfh
878 3320 985 3352 sanc‘io
1000 3320 1186 3354 Patriarchio
1197 3346 1207 3362 ‚

333 3364 390 3408 sed
407 3374 498 3401 etiam
514 3378 570 3411 per
591 3378 684 3403 totam
706 3374 875 3402 Civitatem
903 3371 1013 3410 &eius
1032 3369 1208 3413 suburbana

338 3418 411 3449 talis
430 3418 626 3453 debacchatur
643 3418 861 3461 praesumptio,
887 3430 938 3452 nec
960 3431 1017 3452 non
1032 3425 1101 3463 quia
1119 3422 1153 3455 (⁶5
1175 3422 1210 3452 id

339 3466 464 3503 inultum
484 3468 625 3504 haerentes
637 3468 792 3518 neglellum
814 3469 872 3512 est,
898 3470 970 3503 adei
979 3479 1012 3503 ut
1021 3476 1119 3505 omnia
1130 3474 1207 3513 Ept-

1247 1328 1626 1446 ON

472 1539 516 1587 T
553 1539 766 1587 moriente
801 1543 1005 1589 Romano
1042 1530 1283 1601 Pontifice,
1320 1542 1391 1590 vel
1419 1540 1728 1608 cujuscumque
1761 1543 1981 1602 civitatis3
2017 1544 2161 1599 nullus

508 1607 732 1675 praesumat
771 1608 1001 1665 facultates
1037 1628 1184 1665 eorum
1223 1611 1428 1664 invadere
1464 1649 1477 1676 2
1536 1610 1607 1665 sed
1659 1610 1974 1665 Succefforibus
2008 1631 2160 1665 eorum

1739 1338 1852 1443 II.

1264 1823 1376 1869 lscopia
1393 1829 1555 1867 patiantur
1577 1827 1702 1866 eadem,
1728 1811 1951 1869 uniuscujusque
1962 1822 2093 1866 Ecclefiae
2111 1823 2161 1858 ob

1263 1870 1367 1924 'eunte
1380 1875 1542 1918 Pontifice,
1568 1877 1691 1919 quodne
1710 1876 1835 1910 ulterius
1851 1873 2075 1918 prasumatur,
2100 1885 2159 1907 om-

1255 2077 1265 2513 f

1281 1927 1407 1958 nimedis
1426 1928 1649 1960 interdicimus.
1682 1926 1778 1969 ,Quod
1797 1937 1846 1967 qut
1842 1925 1957 1967 facere
1964 1922 2161 1967 praesumpse

1277 1980 1319 2007 rit
1331 1998 1341 2014 ‚
1368 1985 1425 2007 non
1441 1974 1534 2018 solum
1547 1975 1741 2019 Ecclefiastica
1762 1973 1909 2017 censura,
1931 1972 1988 2016 sed
1995 1979 2089 2007 etiam
2099 1978 2162 2006 Im·

1273 2026 1383 2066 periali
1405 2027 1612 2069 indignatione
1616 2026 1789 2065 feriatur
1777 2050 1784 2057 .
1813 2023 2046 2069 Largiffimos,
2072 2034 2159 2067 quos

1277 2074 1470 2117 adjuvandis
1492 2075 1685 2121 pauperibus
1713 2084 1904 2119 aggregarat
1913 2073 2087 2108 Honorius
2096 2073 2161 2116 pri-

1278 2135 1371 2165 mus,
1397 2125 1467 2160 auri
1490 2126 1525 2159 δι
1538 2126 1664 2170 argenti
1685 2123 1848 2160 thesauros
1869 2124 1962 2158 fuisse
1981 2123 2022 2157 ab
2033 2123 2159 2158 Isaacio

1277 2173 1379 2206 ltaliae
1401 2172 1556 2207 Exarcho
1578 2199 1588 2214 ,
1614 2175 1835 2216 Romanaque
1857 2174 1977 2208 militia
2007 2174 2042 2208 δε
2064 2172 2159 2215 plebe

1280 2222 1446 2265 direptos,
1472 2221 1658 2265 &ipsor'um
1681 2233 1804 2267 partem
1823 2222 2042 2272 transmiflam
2055 2222 2160 2266 Hera·

1275 2273 1342 2306 clio
1363 2271 1577 2312 Imperatori,
1604 2272 1697 2307 late
1689 2286 1723 2307 in
1735 2273 1882 2322 Severini
1895 2266 2084 2319 Pontii-,icis
2084 2271 2160 2311 vita,

1275 2322 1369 2354 refert
1391 2320 1577 2354 cardinalis
1599 2320 1806 2361 Anastasius,
1832 2332 1930 2371 atque
1955 2321 2000 2354 ita
2013 2320 2159 2355 ostendit

1274 2370 1362 2404 hunc
1383 2369 1546 2410 abusum,
1572 2369 1650 2404 licet
1673 2380 1739 2403 non
1762 2370 1795 2403 in
1821 2368 1960 2414 cujusvis
1981 2369 2161 2405 Pontificio

1277 2430 1385 2454 morte
1407 2420 1530 2462 semper
1553 2430 1776 2460 attentatum,
1802 2422 1864 2455 effe
1875 2420 2156 2463 antiquiffimum.

1279 2469 1495 2504 Ecclefiastici
1521 2468 1661 2504 thesauri
1685 2471 1739 2504 seu
1752 2481 1825 2504 vera
1848 2471 1902 2504 seu
1913 2469 2055 2504 mendax
2066 2469 2156 2505 fama

1274 2522 1458 2563 frequenter
1471 2519 1519 2552 illi
1531 2520 1622 2553 dedit
1635 2521 1744 2553 ansam
1770 2520 1804 2553 δε
1817 2521 1982 2554 fomenta.
2133 2544 2135 2546 f

1324 2569 1425 2614 Apud
1447 2570 1526 2603 alias
1548 2569 1704 2603 Ecclefias
1726 2569 1850 2603 malum
1868 2568 1924 2603 -est
1949 2567 2048 2613 longe
2068 2569 2156 2604 anti-

1273 2619 1386 2663 quius.
1411 2619 1517 2652 Lucet
1537 2631 1579 2652 ex
1591 2619 1731 2653 Canone
1755 2616 2051 2653 Chalcedonensis:
2079 2624 2157 2655 Non

1272 2672 1357 2703 licere
1380 2670 1501 2702 clericis
1520 2668 1583 2710 post
1606 2669 1716 2702 obitum
1732 2667 1779 2711 sui
1791 2667 1930 2712 Episcopi
1952 2681 2003 2703 res
2022 2670 2067 2701 ad
2087 2681 2154 2703 eum

1268 2725 1453 2762 pertinentes
1465 2720 1595 2761 diripere
1602 2744 1613 2759 ‚
1632 2719 1706 2760 ficut
1717 2724 1848 2761 antiquis
1859 2730 1970 2762 quoque
1980 2719 2154 2754 Canonibus

1272 2769 1310 2810 est
1321 2769 1526 2809 constitutum.
1549 2768 1630 2813 Agit
1641 2768 1682 2802 de
1692 2768 1767 2802 solis
1780 2768 1874 2802 reb'us
1894 2769 1935 2803 ad
1949 2769 2153 2814 Episcopum
2167 2763 2202 2794 C·
2217 2772 2264 2801 ²1·

1273 2820 1405 2863 proprio
1429 2819 1497 2862 jure
1519 2818 1774 2863 pertinentibus.
1804 2818 1891 2862 Ipsas
1914 2831 1970 2863 per
1981 2819 2154 2866 testamen-

1273 2880 1345 2904 tum
1363 2869 1557 2913 &quamvis
1568 2869 1719 2902 ultimam
1743 2867 1946 2904 voluntatem
1958 2869 2152 2905 distribuere

1274 2920 1455 2963 Episcopus
1476 2929 1603 2963 poterat
1616 2942 1628 2959 ,
1653 2920 1687 2953 ἃ
1700 2919 1739 2953 ad
1757 2919 1825 2962 ejus
1839 2919 1983 2953 intestati
2011 2918 2155 2955 haeredes

1271 2968 1465 3005 devolvebat
1484 2969 1638 3013 antiquus
1660 2970 1778 3003 Canon
1792 2994 1803 3010 ‚
1833 2969 2000 3013 ideoquea
2013 2969 2154 3006 Clericis

1270 3018 1420 3063 deinceps
1442 3018 1539 3062 diripi
1567 3030 1688 3064 magna
1711 3018 1778 3053 haec
1796 3020 1950 3063 Synodus
1961 3019 2159 3054 interdixit..

1271 3071 1314 3103 Et
1326 3069 1404 3104 hinc
1425 3070 1467 3104 de
1480 3069 1525 3107 sui
1540 3069 1630 3103 Cleri
1651 3070 1685 3103 ὃ(
1698 3070 1810 3113 populi
1825 3095 1835 3111 ,
1860 3070 1879 3103 ὲ
1893 3070 2011 3114 quibus
2027 3069 2151 3112 ejeiius

1269 3120 1393 3161 fuerat,
1419 3119 1455 3153 in
1477 3119 1508 3152 se
1520 3119 1686 3153 violentiis
1707 3120 1824 3162 scripfit
1847 3121 1879 3154 in
1894 3118 2087 3163 supplicibus
2108 3117 2150 3152 ad

1269 3170 1470 3203 Mattianum
1499 3168 1689 3213 Augustum
1727 3170 1760 3203 ὅ(
1783 3168 1948 3204 laudatam
1974 3167 2149 3210 synodum

1269 3219 1387 3253 libellis
1400 3219 1566 3253 Baffianus
1577 3218 1853 3263 Archiepiscopus
1866 3217 2065 3261 Ephefinus:
2083 3217 2150 3258 Post

1269 3270 1333 3303 baec
1351 3270 1548 3313 quaſsumque
1572 3281 1620 3302 res
1635 3269 1818 3310 habueram,
1845 3268 1962 3300 mobiles
1987 3269 2039 3301 vel
2050 3274 2151 3300 immo-

1270 3320 1340 3354 biles
1353 3345 1364 3361 ‚
1388 3318 1568 3359 abstulerunt
1581 3343 1591 3358 ‚
1617 3322 1651 3353 (Ὗ
1666 3319 1741 3361 ficut
1768 3320 1920 3352 voluerunt
1933 3343 1943 3358 ,
1962 3316 2019 3359 fibi
2036 3321 2148 3358 partiti

1266 3369 1355 3413 sunt.
1386 3368 1569 3412 Expulsurn
1594 3369 1793 3413 Episcopum
1817 3367 1866 3401 uti
1890 3367 2078 3401 defunchirn
2089 3377 2149 3401 tra-

1271 3422 1434 3454 &averunt
1447 3444 1454 3450 .
1482 3419 1644 3462 Loquitur
1655 3420 1711 3452 ille
1724 3419 1829 3461 palam
1841 3417 1882 3450 de
1895 3418 1958 3451 suis
1970 3417 2065 3451 rebus
2077 3427 2150 3460 pro·

1272 3471 1366 3514 priis.
1394 3469 1486 3506 Hinc
1505 3470 1598 3504 enim
1620 3470 1721 3508 etiam
1744 3478 1799 3512 per
1809 3467 1983 3511 Synodum
2002 3468 2154 3510 exaucto·¹

2017 3527 2103 3552 ratus
