2366 3756
27 459 77 490 Lib
107 463 133 489 6.

26 500 110 539 Epist.
117 509 165 537 30,

24 1835 59 1862 L.
84 1844 128 1874 'i‘

867 140 1346 188 DicTATus.

200 228 300 263 xitad
313 237 436 261 novum
464 224 642 269 Regnum.
668 220 1019 264 ExstantApostolicae
1046 222 1087 255 ad

198 280 352 312 Sanetum
366 276 593 313 Lanfrancum
620 272 890 315 Cantuariensem
917 271 1087 315 Archrepi-

200 330 335 371 scopum
360 326 395 359 ὃς
415 325 456 360 ad
470 324 659 368 Hubertum
673 323 833 360 Romane
857 322 1005 356 Ecclefiae
1028 323 1088 356 Le·

199 387 313 422 garum
336 377 474 417 litterae,
500 364 620 419 quibus
642 362 749 407 noster
761 371 942 420 Gregorius
965 371 1087 405 dicium

200 429 330 477 Regem
342 426 516 461 admoneri
529 425 615 468 juffit
637 422 679 463 de
689 431 777 456 tanta
801 423 835 456 in
858 421 1086 465 Apostolicam

200 473 318 513 Sedem
341 477 479 520 injuria,
506 476 540 509 &
564 474 605 522 ab
630 474 695 519 ipsa
715 474 850 507 cessare
877 471 988 506 Etiam
1001 472 1086 515 apud

200 526 399 573 Burgundos
418 524 574 567 Gothos,
600 525 781 567 Hungaros
816 547 826 563 ,
852 522 997 570 aliosque
1020 522 1088 555 Ro-

202 579 292 611 mani
314 579 349 612 in
361 575 548 611 Occidente
578 574 708 621 Imperii
730 572 888 607 Barbaros
899 572 1087 606 laceratores

203 639 331 672 Viguit
321 626 381 661 ista
394 624 623 670 consuetudo,
650 623 791 665 ideoque
814 622 848 655 in
871 623 971 665 ipsam
993 621 1011 655 a
1026 622 1088 665 pri-

204 689 260 710 mo
287 702 298 717 ‚
335 687 373 711 ac
400 663 570 720 praesertim
608 672 750 708 secundo
777 664 970 716 Anglorum
995 672 1088 716 Rege

203 728 356 761 Henrico
383 727 601 769 resuscitatam
622 723 813 769 depugnans
828 721 1088 771 gloriosusMar-

203 788 256 819 tyr
278 774 431 811 Thomas
452 774 692 813 Cantuariensrs
715 772 796 806 reite
821 773 906 806 dixit
932 771 995 807 ess'e
1019 782 1086 807 non

204 825 328 861 Christi
364 825 509 860 Domini
538 826 697 873 Legem,
723 821 777 856 sed
813 820 1087 857 consuetudinem

203 875 439 910 Barbarorum.
469 875 552 908 Eam
566 884 700 911 ornnem
715 872 778 907 hoc
798 873 933 907 Dictatu
962 865 1086 916 Grego-

202 926 267 959 rius
278 925 428 969 septimus
438 947 450 965 ,
478 936 515 959 ac
527 925 636 968 postea
657 923 756 959 etiam
768 922 955 973 Alexander
973 924 1088 956 tertius

203 975 374 1019 damnavi

277 1289 573 1348 Examiiaantnr.
616 1282 786 1349 quaedam
821 1298 1020 1345 recentiora⁴

532 1360 729 1421 Dogmata

284 1477 299 1495 β

255 1526 483 1565 Llnstriffimus
494 1525 664 1562 Dominus
678 1526 795 1561 Petrus
805 1525 850 1562 de
870 1525 1005 1562 Marca,
1031 1521 1091 1564 Pet,

278 1568 453 1611 rifienfium
467 1565 775 1621 Archiepiscjopus,
799 1576 835 1610 in
848 1574 978 1610 erudito
989 1580 1088 1614 opere

203 1626 245 1659 de
264 1625 448 1664 sacerdotii
472 1628 507 1664 &
527 1627 660 1673 Imperii
672 1624 865 1663 Concordia
889 1621 991 1656 tradit
1002 1619 1091 1654 varia

203 1676 287 1709 circa
308 1673 479 1715 Romanas
491 1673 765 1730 Appellationes,
791 1683 862 1714 quae
886 1670 1019 1714 praesens
1031 1669 1078 1704 Di

203 1726 304 1759 &atus
332 1723 424 1781 jubet
443 1722 643 1764 examinari.
690 1722 729 1755 In
751 1724 847 1760 sexto
867 1720 951 1754 libro
979 1719 1090 1753 scribit

202 1773 242 1808 de
272 1774 418 1816 antiquis
440 1771 700 1813 provincialium
711 1770 925 1817 Synodorum
934 1767 1087 1815 judicus

198 1828 227 1873 J
232 1825 332 1858 udicia
344 1828 376 1856 in
386 1823 507 1865 Synodis
516 1823 641 1864 reddita
652 1822 751 1863 quoad
773 1818 986 1863 disciplinam,
1008 1818 1080 1863 sum

203 1886 260 1908 mae
271 1882 359 1910 erant
370 1873 583 1912 autqorimtis,
607 1879 641 1909 ue
654 1867 761 1911 constat
783 1882 824 1907 ex
844 1870 977 1905 Concilio
986 1873 1076 1902 Nicae

203 1937 264 1964 no,
289 1935 348 1961 non
366 1921 459 1965 fhlum
481 1922 582 1964 quoad
601 1921 801 1966 corret‘Jt’onem
827 1922 862 1956 6·
885 1917 1087 1961 depositionem

203 1973 461 2011 Pmbyterorum,
490 1972 672 2015 «thorumque
684 1971 836 2013 inferum
859 1971 974 2008 ordinis
995 1969 1087 2001 Cleri

201 2034 317 2062 corum,
337 2020 395 2067 s‘d.
414 2026 507 2062 etiam¹
515 2021 614 2065 quoad
634 2019 840 2065 depafitiqnem
850 2018 1084 2062 Episcoporum.

199 2078 305 2119 Itaque
323 2071 515 2116 appellationi
537 2071 613 2105 locus
637 2082 696 2104 non
722 2081 820 2110 erat,
865 2070 1006 2110 nullaque
1025 2069 1090 2105 alm

202 2124 371 2166 antiquitus
394 2127 472 2155 ratio
479 2118 662 2166 suppetebat
682 2120 861 2157 damnatis,
886 2119 978 2158 qucim
990 2124 1023 2148 ut
1033 2118 1089 2149 Re-

197 2172 312 2215 scripto
331 2174 484 2213 Principis
501 2173 653 2216 negotium
674 2165 902 2201 νιιναὲἶανειιιν.
916 2170 949 2204 in
979 2165 1087 2203 majori

201 2222 307 2258 synodo
319 2243 330 2259 ‚
356 2219 475 2261 quando
484 2217 629 2261 agebatur
640 2217 778 2255 videlicet
803 2215 932 2255 aliqu'us
948 2212 1113 2256 Episcopi

201 2268 312 2311 causa,
338 2278 392 2310 aut
416 2267 538 2313 aliquod
563 2271 705 2313 negotium
728 2270 831 2309 magni
856 2269 1014 2301 momenti.
1043 2267 1089 2295 Ei

203 2318 375 2354 audieritati
399 2324 669 2357 temperamentum
706 2321 739 2348 in
759 2315 916 2353 Occidente
948 2312 1085 2346 adhibuit

205 2364 381 2408 Sardicenfis
396 2367 522 2407 Synodus
535 2369 568 2397 in
578 2370 716 2409 gratiam
732 2363 939 2407 Episcoporum
949 2361 1005 2405 suo
1013 2374 1086 2406 gra-

202 2420 243 2453 du
265 2413 463 2458 dejedlqrum‚
494 2416 568 2452 data
596 2415 741 2454 nimirum
762 2415 883 2452 licentia
909 2413 1084 2455 appellandi

204 2468 391 2511 apostolicam
401 2467 526 2505 Sedem,
552 2466 743 2505 utiudicium
752 2472 947 2497 renovaretur
969 2467 1001 2495 in
1013 2464 1084 2495 Pro-

204 2524 330 2557 vincia,
349 2516 381 2559 s
386 2521 536 2551 Romanus
556 2513 722 2558 Episcopus
741 2512 920 2557 existimaret
941 2523 1086 2546 renovan-

204 2569 276 2603 dum
286 2567 353 2610 esse.
381 2567 493 2608 ,Quoad
514 2567 591 2606 ver6
598 2564 782 2604 Presbyteros
811 2565 847 2605 6*
869 2564 959 2596 laico:
973 2572 1086 2598 excom÷

206 2623 368 2659 manicatos
395 2614 473 2653 nibil
495 2621 674 2655 innovatum
692 2614 759 2659 fuit
779 2629 794 2654 ‚·
827 2617 966 2656 quoniam
990 2623 1086 2645 eorum

208 2665 302 2709 cqusae
313 2677 370 2699 non
381 2663 561 2706 erant-istius
575 2669 736 2705 momenti,
765 2671 798 2697 ut
812 2666 961 2696 Romanus
983 2665 1085 2701 Ponti-

202 2715 528 2759 fex‘appellaripoffet:
554 2714 633 2749 sicut
646 2719 739 2752 necin
752 2718 872 2754 Oriente
894 2712 1017 2755 conceffa
1043 2717 1084 2746 eis

209 2775 277 2807 erat
288 2765 449 2810 appellatio
466 2765 507 2796 ad
523 2762 739 2805 Patriarchas,
765 2771 798 2797 ut
806 2770 896 2805 patet
907 2773 944 2798 ex
958 2765 1085 2799 Canoni-

209 2817 266 2851 bus
282 2820 442 2855 Nicaenis,
470 2813 645 2855 Antiocheno
649 2811 757 2859 sexto,
785 2814 818 2855 6*
830 2823 903 2849 nono
923 2810 1086 2850 chalcedo-

210 2865 310 2907 nenfi.
331 2864 496 2903 Concilium
509 2886 520 2904 ,
546 2868 690 2910 inquam,
716 2853 885 2910 Sardicense
906 2860 985 2896 nibil
1001 2870 1085 2903 pror-

205 2915 258 2960 sus
272 2917 407 2951 detraxit
429 2915 467 2950 de
482 2911 623 2956 fitprema
636 2908 870 2949 Provincialium
893 2911 1084 2952 conciliorum

212 2965 387 3006 auHoritate
401 2964 500 3006 quoad
510 2962 710 3005 Presbyteros.
739 2963 829 3001 Etru
839 2961 973 3006 septimo
985 2960 1083 3001 libro:

212 3020 252 3048 Ut
273 3015 374 3054 melius
398 3014 557 3057 intelligere
564 3012 698 3054 possmus
719 3015 852 3056 ordinem
867 3010 1085 3055 jurisdie‘i'ionis

212 3063 398 3107 Episcopalt's
409 3086 421 3102 ,
446 3061 584 3105 necessum
592 3061 630 3109 est
641 3070 674 3098 ut
695 3068 727 3096 in
738 3063 908 3107 antecessum
922 3061 1085 3105 statuamus

211 3112 372 3156 Ecclesiam
392 3110 426 3156 se
443 3117 477 3152 in
500 3112 586 3146 initio
611 3113 655 3151 ad
676 3114 792 3153 civilem
817 3116 940 3149 Romani
966 3116 1086 3154 Imperii

212 3162 424 3208 dispofitionem
436 3162 678 3205 accommodasse,
704 3162 914 3207 Episcoposque
937 3165 1086 3205 praterea

212 3214 378 3257 constituisse
387 3218 421 3246 in
430 3211 646 3256 principalibus
660 3212 779 3248 urbibus
802 3211 1028 3257 uniuscujusque
1045 3224 1087 3247 re-

210 3269 306 3308 gionis
319 3289 330 3304 ,
352 3268 486 3306 primum
497 3265 569 3302 verb
589 3262 681 3295 locum
705 3263 846 3296 &rerum
870 3270 999 3303 emnium
1025 3273 1087 3296 con-

210 3314 407 3356 firmationem
418 3313 543 3355 tribuisse
563 3310 708 3356 Episcopo
718 3313 905 3354 Metropoloas
920 3310 1088 3356 Provinciae

214 3375 279 3398 cum
289 3362 396 3405 confilio
405 3363 588 3407 Collegarum
595 3356 716 3405 suorum
731 3387 738 3396 .
766 3364 977 3399 Ordinationes
991 3369 1088 3406 itaque

213 3412 424 3458 Epzftoporum
448 3413 603 3456 &judicia
615 3411 808 3462 Ecclefiassica
822 3412 938 3455 fiebant
950 3416 970 3449 ἃ
980 3414 1087 3453 synodo

1858 158 1952 196 299

1129 220 1236 283 quus
1232 233 1284 264 que
1309 225 1477 257 Provinciae
1500 235 1567 257 cum
1584 222 1760 257 auetoritate
1782 227 2025 268 Metropolitum,

1129 256 1227 333 {aden
1238 282 1269 304 ut
1284 283 1339 304 non
1351 275 1452 307 liceret
1458 282 1621 315 provocare
1633 287 1653 306 a
1641 275 1773 315 judicio
1782 277 1844 309 lato
1863 282 1896 310 in
1917 278 2027 317 synodo

1130 307 1339 356 Provinciae.

1200 366 1314 406 Primo
1335 373 1445 417 itaque
1466 373 1582 408 adserit
1602 374 1858 410 Provincialium
1872 378 2026 420 Synodo-

1151 433 1222 459 rum
1244 422 1362 469 judicia
1386 425 1447 459 effe
1471 435 1525 467 per
1537 423 1768 467 Apostolicum
1790 426 1961 462 Canonem
1974 430 2025 463 su-

1152 483 1257 514 prema
1285 484 1382 515 atque
1405 473 1644 517 inappellabilia
1662 500 1670 506 .
1707 475 1752 510 Et
1772 477 1904 519 quidem
1931 478 2021 521 quod

1151 521 1371 558 Ecclefiastica
1385 522 1578 558 Hierarchia
1589 524 1628 560 ad
1643 524 1801 559 Romanae
1822 527 2023 562 Monarchiae

1152 583 1299 605 normam
1313 573 1452 606 formata
1466 572 1504 608 fit
1514 596 1524 612 ‚
1543 572 1632 617 quod
1644 574 1715 608 solae
1726 575 1873 618 civitates
1885 576 2024 612 habeant

1152 622 1366 669 Episcopum,
1397 620 1484 666 quod
1503 623 1626 657 cunetis
1647 625 1744 659 unius
1756 625 1936 660 Provinciae
1947 627 2025 671 Epi-

1150 671 1253 715 scopis
1275 671 1374 714 praefit
1396 683 1480 706 unus
1507 673 1782 733 Metropolitanus
1807 701 1818 716 ,
1843 676 1969 720 aliaque
1991 676 2026 711 id

1150 733 1254 764 genus
1267 722 1352 755 varia
1369 722 1442 757 sunt
1453 722 1595 757 omnine>
1616 734 1656 757 ex
1671 724 1828 759 Instituto
1853 726 2028 770 Apostolo-

1150 783 1246 804 rum.
1276 770 1402 806 Verum
1422 766 1510 817 quod
1534 772 1792 808 provincialium
1817 773 2027 817 Synodorum

1150 821 1272 864 judicia
1299 822 1360 855 fint
1375 833 1417 857 ex
1437 823 1555 857 eodem
1582 823 1738 857 instituto
1763 824 2028 866 inappellabilia‚

1150 871 1194 903 est
1220 871 1407 907 fabulosum
1430 873 1616 918 infigniter,
1643 873 1802 908 Romanae
1825 873 2028 918 Reipublicae

1150 920 1348 963 adversum,
1370 934 1407 958 ac
1419 924 1542 958 Sanstis
1565 922 1736 967 Apostolis
1756 924 1950 968 injuriosum
1972 926 2033 969 fig·

1151 980 1317 1004 mentum.
1344 973 1429 1020 Qis
1450 973 1539 1008 enim
1551 974 1674 1008 nesciat
1696 973 1771 1010 data
1791 985 1847 1018 per
1858 974 2031 1009 Romanos

1153 1020 1378 1055 Romanarum
1390 1023 1638 1058 provinciarum
1650 1025 1805 1059 Restores
1814 1025 1936 1068 judicia
1955 1024 2032 1059 fuis-

1153 1071 1183 1104 se
1196 1071 1402 1113 appellabilia
1415 1074 1431 1104 ἓ
1459 1074 1544 1120 Qis
1567 1075 1686 1109 nesciat
1706 1074 1747 1109 ab
1762 1075 1828 1109 istis
1839 1074 2032 1109 Recioribus

1153 1121 1290 1163 potuisse
1310 1121 1463 1164 appellari
1487 1123 1527 1156 ad
1540 1123 1723 1159 Praefedium
1747 1125 1893 1162 Praetorii
1907 1149 1918 1164 ‚
1943 1125 1977 1159 &
1991 1124 2034 1159 ab

1154 1167 1282 1206 hoc'ad
1306 1170 1495 1216 Augustum
1519 1175 1635 1208 recurri
1660 1174 1875 1216 Principem?
1903 1175 2036 1208 Eodem

1154 1219 1255 1253 modo
1270 1218 1424 1265 Apostoli
1437 1223 1612 1256 sanxerunt
1634 1221 1651 1255 a
1664 1222 1887 1266 Metropolitae
1898 1223 2037 1256 Provin-

1153 1270 1227 1303 ciali
1251 1270 1389 1312 Synodo
1415 1282 1453 1306 ac
1465 1271 1628 1313 Synodali
1649 1271 1775 1315 judicio
1797 1271 1838 1307 ad
1849 1272 2038 1307 Dioeceseos

1156 1318 1340 1360 Exarchum
1365 1330 1422 1355 aut
1444 1319 1708 1362 patriarcham,
1734 1322 1767 1355 δε
1791 1321 1833 1355 ab
1859 1321 1924 1356 hoc
1949 1323 2039 1366 posse

1156 1370 1326 1413 provocari
1352 1371 1391 1404 ad
1403 1370 1547 1414 Papam.
1577 1371 1651 1411 Nec
1676 1371 1792 1405 desunt
1818 1372 2040 1413 antiquiffima

1154 1431 1190 1453 ac
1202 1420 1394 1454 lucidiffima
1405 1420 1560 1454 similium
1569 1407 1847 1466 {revocationum
1869 1422 2039 1466 exempla

1157 1469 1198 1503 Et
1225 1481 1312 1511 certe
1337 1469 1527 1513 fiApostoli
1554 1471 1613 1515 ista
1637 1470 1756 1512 judicia
1782 1471 1966 1507 sanxerint
1975 1472 2039 1506 effe

1154 1518 1396 1561 inappellabilia
1418 1515 1431 1556 ‚¹
1454 1518 1824 1560 industaepostmodum
1847 1521 2042 1564 appellatio-

1155 1578 1210 1600 nes
1232 1567 1436 1601 adversantur
1461 1566 1664 1610 Apostolicis
1692 1568 1903 1603 Canonibus'
1921 1593 1932 1609 ,
1959 1581 2042 1614 quos

1155 1615 1264 1658 cunsti
1290 1617 1481 1659 profitemur
1503 1617 1566 1651 effe
1577 1617 1700 1661 Spiritu
1724 1618 1791 1653 Der
1804 1618 1979 1660 conditos,
2005 1620 2043 1653 ὅτ.

1155 1667 1256 1700 totius
1278 1665 1393 1703 mundi
1418 1668 1594 1702 reverentia
1620 1668 1722 1711 usque
1744 1668 1786 1703 ad
1807 1669 1912 1703 saeculi
1938 1669 2043 1715 finem

1153 1714 1424 1755 consecrandos.
1462 1717 1531 1751 Cur
1557 1716 1659 1761 igitur
1685 1728 1746 1751 nec
1774 1717 1950 1760 Aeacius,
1978 1729 2040 1755 nec

1153 1765 1321 1808 Photius,
1347 1777 1408 1801 nec
1441 1767 1628 1801 cerularius
1655 1766 1803 1802 Michael
1825 1794 1837 1809 ,
1864 1781 1926 1803 nec
1952 1770 2041 1805 ullus

1153 1828 1299 1861 unquam
1309 1791 1477 1852 'Romanae
1492 1816 1720 1863 appellationis
1731 1816 1956 1854 schismaticus
1965 1822 2040 1855 osor

1152 1869 1345 1903 memoravit
1369 1867 1448 1902 istos
1471 1867 1647 1910 Ca'nones‚
1673 1869 1818 1907 clamans
1850 1869 2040 1906 Romanam

1151 1917 1329 1952 Ecclesiam
1340 1920 1402 1951 erre
1422 1920 1566 1962 ipsorum
1578 1919 1883 1963 praevaricatricem?
1910 1922 1979 1956 Cur
1991 1922 2040 1956 in·

1150 1965 1292 2008 terjestas
1303 1966 1321 1999 a
1335 1966 1594 2002 Provincialium
1608 1969 1819 2012 Synodorum
1842 1971 1972 2014 judiciis
1985 1984 2040 2016 ap-

1150 2017 1349 2059 pellationes
1361 2018 1469 2052 curisti
1483 2019 1604 2062 semper
1615 2017 1810 2054 Patriarchae
1821 2020 2038 2063 admiserunt,

1149 2064 1206 2098 Γώὶ
1236 2065 1423 2107 constanter
1447 2067 1680 2110 adseruerunt,
1706 2069 1796 2105 datas
1818 2070 1889 2105 istic
1913 2072 2040 2106 senten-

1151 2115 1213 2148 tias
1239 2116 1453 2156 retractarunt
1479 2139 1489 2155 ,
1514 2127 1551 2149 ac
1577 2118 1764 2159 frequenter
1791 2122 2036 2155 reformarunt?

1151 2162 1319 2198 Anistum
1342 2161 1577 2209 Apostolicum
1588 2165 1761 2200 Canonem
1782 2167 1933 2203 universa
1955 2172 2037 2204 sem-

1150 2222 1203 2268 per
1228 2212 1371 2255 Ecclesia
1399 2213 1559 2256 violavit,
1585 2225 1641 2249 aut
1657 2215 1853 2260 ignoravit?
1878 2219 2035 2253 Omnino

1149 2262 1338 2307 ignoravit.
1366 2262 1441 2296 Nec
1462 2264 1551 2300 enim
1577 2264 1623 2298 est
1647 2265 1863 2308 Apostolicus
1888 2268 2034 2313 Canon,

1149 2312 1202 2350 {ed
1216 2309 1556 2355 philippopolitanum
1570 2314 1760 2349 Eusebianae
1777 2316 1926 2351 factionis
1951 2320 2037 2354 som·

1149 2362 1258 2396 nium.
1286 2361 1366 2408 Qo
1379 2362 1434 2398 illa
1450 2363 1638 2404 Romanam
1658 2364 1776 2410 Magni
1792 2364 1959 2401 Athanasii
1982 2380 2037 2412 ap-

1149 2412 1383 2455 pellationem,
1410 2413 1443 2447 &
1459 2424 1517 2457 pro
1530 2414 1598 2457 ipso
1609 2413 1724 2450 datum
1737 2417 1754 2450 a
1766 2417 1882 2452 Sandio
1894 2408 2035 2453 Pontifi-

1149 2473 1187 2505 ce
1205 2461 1292 2505 Julio
1314 2461 1472 2504 judicium
1486 2463 1753 2520 'circumduceret
1779 2475 1877 2510 atque
1896 2478 2035 2504 evacua-

1149 2522 1219 2552 ret,
1246 2511 1401 2547 blaterare
1412 2513 1510 2556 coepit
1523 2514 1706 2556 orientalis
1717 2516 1865 2550 Ecclefiae
1885 2518 2033 2561 Synoda-

1150 2563 1195 2596 les
1210 2562 1383 2600 sententias
1394 2564 1456 2597 elie
1467 2562 1712 2607 inappellabiles
1724 2559 1765 2600 ad
1778 2567 2029 2603 Occidentalem

1151 2611 1324 2649 Ecclesiam
1338 2636 1350 2652 ,
1375 2623 1436 2647 nec
1448 2614 1614 2655 reformari
1641 2625 1698 2650 aut
1717 2618 1879 2661 retradlari
1901 2619 1989 2661 posse
2010 2618 2030 2652 ὲ

1149 2662 1301 2695 Romana
1328 2652 1514 2703 cathedra,
1542 2663 1589 2708 ita
1613 2665 1730 2699 sanciri
1756 2665 1797 2711 ab
1823 2666 2032 2713 Apostolicis

1148 2723 1185 2746 ac
1209 2712 1416 2756 Evangelicis
1437 2713 1577 2758 Regulis
1601 2737 1612 2754 ,
1639 2705 1779 2759 ideoque
1804 2716 1926 2765 Julium
1947 2726 2030 2755 tam-

1147 2773 1247 2806 quam
1256 2761 1394 2806 ipsarum
1407 2762 1683 2817 praevaricatorem
1705 2765 1844 2808 privavit
1864 2765 1965 2811 gradu
1993 2768 2028 2802 <Sc

1145 2812 1409 2847 communione.
1446 2812 1522 2855 Nec
1543 2815 1733 2859 quatumvis
1755 2814 2002 2852 provinciarum
2016 2841 2029 2858 ‚

1147 2862 1200 2896 sed
1223 2861 1304 2897 solas
1332 2862 1435 2899 totius
1450 2862 1651 2907 Orientalis,
1677 2874 1733 2899 aut
1760 2866 1845 2900 certe
1871 2865 2029 2910 cuiusque

1146 2910 1373 2955 Patriarchalis
1383 2905 1509 2956 Synodi
1529 2913 1651 2958 judicia
1662 2915 1795 2959 garrivit
1816 2915 2029 2962 inappellabi-

1147 2962 1211 2996 lia:
1239 2961 1425 3006 Adversum
1449 2963 1694 3000 Provinciarum
1715 2964 1836 3008 judicia
1851 2965 2026 3008 provocari

1145 3010 1184 3051 ad
1195 3011 1417 3054 Patriarcharn
1444 3024 1500 3049 aut
1510 3013 1698 3049 Exarchum
1719 3015 1839 3058 semper
1860 3015 2027 3058 permisit,

1148 3062 1252 3097 immo
1278 3063 1312 3105 ἀ
1334 3064 1463 3108 exegit.
1491 3063 1655 3107 Alioquin
1676 3075 1810 3099 omnem
1833 3063 2028 3107 Patriarchi-

1147 3123 1218 3146 cam
1240 3114 1432 3156 potestatem
1455 3114 1670 3158 prostravisset
1687 3139 1694 3146 .
1723 3113 1797 3148 Nec
1819 3115 1850 3149 se
1874 3115 2025 3159 fundavit

1148 3164 1182 3204 in
1208 3162 1327 3204 quinto
1347 3162 1488 3198 Nicaeno
1514 3164 1675 3206 Canone,
1701 3163 1752 3198 sed
1780 3164 1815 3197 in
1842 3165 1950 3198 sexto.
1979 3164 2025 3198 Et

1147 3211 1225 3256 quid
1239 3211 1280 3246 de
1294 3212 1353 3246 ista
1365 3213 1542 3256 petulantia
1555 3215 1677 3258 semper
1687 3213 1846 3249 censuerit
1867 3212 2026 3248 orthodo-

1147 3274 1187 3296 xa
1209 3262 1268 3296 sub
1290 3262 1373 3297 coelo
1387 3262 1640 3316 Christianitas,
1666 3265 1712 3302 est
1734 3263 1858 3299 cunctis
1879 3261 2026 3312 Eruditis

1147 3312 1376 3357 exploratum.

1198 3362 1410 3407 Figmentum
1428 3364 1514 3402 istud
1537 3364 1731 3401 Christianae
1749 3363 1899 3399 Ecclefiae
1921 3362 2025 3398 unita-

1149 3422 1215 3451 tem
1226 3413 1341 3448 evettit
1350 3439 1361 3457 ‚
1386 3414 1518 3459 ejusque
1532 3413 1760 3451 Hierarchiam
1782 3425 1824 3449 ex
1835 3412 2027 3449 Monarchi-

1939 3473 1978 3497 ca
