2366 3756
52 792 124 831 Cap-
138 797 182 826 ni

881 185 931 231 D
963 197 982 229 1
1015 197 1046 229 c
1080 198 1106 227 ‘r
1139 199 1168 228 A
1203 199 1230 228 ’r
1263 201 1291 228 u
1327 201 1371 230 s.

197 279 200 282 '
225 274 287 311 dus
295 271 344 309 fiii
355 270 507 307 ordinem
528 270 563 306 δέ
575 268 791 306 ordinationis
800 276 926 303 etatem
937 267 1044 302 sedere
1056 268 1101 302 fe—

226 326 273 360 cit
283 349 296 366 ,
322 321 568 367 quomodojam
578 323 768 358 consuetum
785 319 872 353 dixit
885 318 971 362 apud
987 317 1102 353 Gallos

224 383 324 418 atque
337 373 521 415 Hispanos.
546 371 596 409 Ira
608 372 755 407 laudatus
773 369 930 411 Hilarus,
957 369 1006 402 vir
1018 368 1102 403 Dio-

225 425 322 461 scoro
331 422 377 457 ob
387 421 572 466 Apostolici
585 421 718 465 pectoris
725 419 944 456 canstantiam
955 428 1103 453 metuen-

224 473 288 509 dus
315 496 326 514 ,
353 473 489 506 retrusus
513 471 559 505 est
586 472 621 506 in
646 470 797 508 ultimum
825 469 936 504 locum
962 494 969 502 .
995 468 1101 516 Quod

226 534 325 568 quare
336 533 450 558 contra
462 530 648 564 perpetuam
655 518 857 566 generalium
868 518 1078 562 synodorum
1091 542 1102 559 ,

226 575 263 609 ἃ
274 573 376 608 totius
386 571 565 608 Orientalis
586 571 729 605 Ecclefiae
739 569 903 614 Regulam
922 570 957 604 δε
968 570 1102 604 consue·

227 623 379 658 tudinem
396 622 564 655 attentarit
580 619 684 655 homo
699 619 905 664 AEgypdus,
930 619 1037 654 nolim
1050 618 1103 652 hie

223 672 432 708 examinare.
460 671 636 718 Qidquid
657 670 757 704 causae
778 669 875 704 fuerit
889 692 901 711 ,
925 669 1009 704 reste
1031 669 1101 703 scri-

228 721 279 757 bit
298 723 335 756 in
346 721 513 755 Breviario
526 721 692 757 Liberatus
715 718 980 764 Carthaginenfis
992 718 1103 754 Eccle-

225 773 277 807 fiae
303 769 571 806 Archidiaconus
596 784 604 804 :
629 769 762 812 Ecclefiae
787 774 932 805 Romanae
959 773 1103 809 Draconi,

227 828 310 857 vices
320 821 464 856 babentes
476 821 574 863 Papae
588 824 695 855 Leonts
705 844 716 860 ‚
739 820 858 861 affidere
863 821 936 862 paeffi
946 831 1004 854 non
1012 817 1102 862 sunt,

227 884 262 907 eo
271 872 354 915 quial
360 882 418 905 mn
423 869 526 911 fuerit*
543 869 767 913 dataeptaesffo
780 868 897 912 sanuae
907 871 978 904 Sed!
988 880 1086 904 mum
1096 891 1104 900 .

227 923 276 957 Et
297 920 380 956 infra
399 933 408 952 ι
434 919 581 955 Omnibus:
607 944 619 960 ,
643 932 713 963 quae
731 918 804 962 sunt
821 919 902 964 gesta
925 944 938 960 ‚
961 918 1107 954 contradi-

227 975 357 1007 ete'runr.
385 970 430 1003 Et
453 968 574 1012 inipso
595 969 703 1004 statim
716 968 993 1004 Chalcedonensis
1003 970 1107 1012 Syno·

226 1021 265 1057 ili
301 1020 443 1065 ingressu
478 1017 690 1062 proclamavit
717 1018 908 1062 Apostolica
942 1018 1108 1063 Legatio:

225 1069 404 1114 Dioscorus,
427 1068 492 1102 clam
503 1069 667 1109 judicandi
687 1069 741 1103 seu
754 1068 939 1113 praesidendi
949 1067 1110 1112 personam

226 1131 288 1154 non
297 1119 418 1156 baberet
430 1143 441 1160 ‚
460 1116 647 1162 praesumpfit
667 1120 701 1153 ὦ*
711 1120 853 1158 ⁵{svnw‘um
875 1117 964 1161 ausus
985 1118 1123 1160 estsere-s

223 1181 262 1203 -re
274 1168 339 1209 fine
360 1169 559 1210 audetisne,
582 1171 638 1203 seu
651 1169 848 1212 praesidentia
869 1169 955 1204 sedis
979 1167 1111 1210 Apostoli-

227 1231 296 1262 cae‚·
320 1220 403 1263 quod
418 1226 579 1263 mquam
600 1221 704 1260 licuit,
730 1229 893 1262 numquam
910 1217 1033 1260 fadum
1051 1216 1106 1259 est.

229 1269 332 1315 Qod
344 1268 464 1304 dictum
473 1270 584 1303 omnis
593 1269 751 1311 synodus
759 1267 990 1313 comprobavit
1002 1294 1011 1302 .

226 1337 231 1350 ,ι
279 1319 423 1353 Hosium
446 1317 991 1365 Iulii*Pontificisrulfespraesedifl'e
1011 1317 1115 1353 Sardi-

228 1369 317 1405 eenfi
331 1368 479 1411 ‘Synodo
499 1391 510 1409 ‚
537 1367 817 1404 abundem-suo
836 1368 913 1402 loco
932 1368 1095 1404 ostensum
1107 1391 1114 1398 .

230 1420 356 1462 Neque
373 1419 470 1454 refert
490 1416 582 1462 quod
603 1419 643 1452 in'
659 1417 894 1462 subscriptione
919 1430 988 1453 non
1003 1417 1114 1452 fecerit

231 1470 296 1505 suae
306 1468 500 1513 Legationis
518 1468 728 1503 memoriam.
758 1468 892 1502 Etenim
914 1469 1014 1504 etiam
1037 1469 1116 1502 San-

225 1520 302 1558 ‚etus
321 1517 468 1560 Cyrinus
477 1517 688 1556 Alexandria»,
708 1516 919 1557 partriarcha,
945 1517 1113 1551 liceeSan-

230 1569 272 1601 ffl
286 1567 451 1606 Caelestjni
470 1564 646 1601 Pontificis
659 1567 801 1612 Legatus
811 1592 824 1608 ,
848 1566 1014 1610 Ephefino
1026 1563 1115 1598 Con-

229 1617 311 1650 cilio
332 1617 609 1659 huncfimplicem
632 1617 666 1649 in
681 1617 817 1651 modum
831 1616 1009 1658 subscripsit
1022 1628 1034 1647 .-
1061 1618 1115 1652 Cy-

228 1667 314 1699 rillus
341 1663 504 1709 Episcopus
539 1666 735 1699 Alexandria·
755 1690 762 1696 .
793 1665 905 1699 Etiam
932 1665 1112 1700 Flavianus

228 1714 493 1759 Philippensium
513 1714 751 1758 Metropolim,
777 1715 852 1749 licet
876 1715 957 1749 Rufi
982 1712 1119 1751 Thessa·

230 1764 406 1799 lonicenfis
439 1763 689 1808 Archiepiscopi
727 1764 762 1798 ὅ(
787 1765 889 1799 totius
923 1763 1117 1808 Illyricianae

230 1815 423 1849 Dioeceseos
435 1814 579 1859 Legatus
592 1837 603 1854 ,
620 1814 805 1858 simpliciter
817 1814 1013 1858 subscripsit:
1044 1814 1116 1847 Fla·

232 1870 344 1898 manus
374 1863 540 1906 Epiftopus
565 1861 797 1906 Pbfflc'ppenfium
822 1891 829 1899 .
859 1865 984 1900 Verum
1011 1865 1046 1898 in
1068 1862 1116 1897 sui

231 1914 371 1948 exordio
399 1912 500 1957 longe
525 1913 622 1948 aliter
646 1913 768 1948 habent
801 1915 885 1949 Aera
911 1912 1090 1958 Synodalia
1107 1926 1118 1946 .-

230 1964 358 2003 Cyrinus
381 1964 575 1996 Alexandria
609 1962 774 2006 Episcopus
797 1989 808 2005 ,
834 1971 885 2006 qui
911 1966 946 1999 t&
969 1962 1118 2003 caelesttm

228 2023 365 2056 quoque,
385 2010 558 2055 sanr‘liffimi
578 2011 800 2055 &sacratzffimi
824 2018 968 2047 Romame
980 2011 1115 2054 Ecclefiae

231 2060 468 2104 Arcblepiscopi‚
494 2062 586 2095 locum
606 2062 760 2096 obtinebat
773 2088 780 2094 .
809 2064 981 2097 Flavianus
1004 2061 1119 2103 Philip-

231 2111 360 2155 penfium
380 2109 549 2153 Episcopus
563 2136 575 2152 ,
601 2117 653 2153 qui
663 2112 737 2153 Rufi
755 2124 869 2155 quoque
880 2112 1118 2149 Reverendiffimi

233 2160 517 2204 Thessalonicenfium
539 2159 678 2201 Episcopi
691 2161 927 2202 locumgerebat.
956 2160 1049 2192 Ante
1061 2159 1119 2200 Sy-

234 2211 318 2244 nodi
339 2209 515 2252 ingressum
539 2209 656 2252 Legati
668 2208 844 2251 legationis
868 2208 929 2241 suae
955 2207 1118 2241 debebant

235 2256 548 2297 exhiberelitteras,
574 2257 741 2300 potestatis
767 2257 830 2291 suae
842 2256 1094 2300 amplitudinem
1108 2279 1119 2295 ‚

236 2306 377 2342 modum
397 2317 436 2340 ac
447 2306 585 2340 limitem
607 2304 797 2346 ostendere,
825 2306 969 2349 itemque
983 2306 1119 2340 titulum

237 2369 279 2392 ex
292 2367 358 2401 quo
370 2353 459 2389 hunc
473 2355 523 2389 vel
536 2355 633 2389 istum
650 2365 850 2399 occuparent
864 2355 976 2390 locum
988 2380 995 2387 .
1023 2354 1120 2389 Hinc

237 2409 272 2442 in
286 2408 391 2450 primo
402 2406 547 2440 consessu
558 2406 759 2450 legationem
774 2406 865 2440 suam
880 2406 1005 2448 semper
1018 2404 1121 2448 expri-

237 2456 374 2491 mebant
385 2481 392 2488 .
419 2454 547 2490 Verum
560 2466 629 2490 non
640 2455 685 2489 ita
699 2457 823 2498 semper
843 2456 876 2489 in
888 2455 979 2489 finali
990 2455 1120 2489 subscri-

238 2505 370 2549 ptione.
391 2504 568 2539 Praesertim
580 2504 698 2549 Legati
712 2505 864 2548 Episcopi
879 2529 886 2536 .
914 2505 1019 2551 Qod
1031 2505 1120 2538 enim

238 2557 300 2589 suo
311 2555 380 2597 jure
395 2555 571 2597 spestarent
591 2555 631 2588 ad
645 2554 816 2597 Synodum
830 2578 840 2594 ‚
867 2554 1039 2588 admissum
1056 2554 1120 2597 jam

238 2603 455 2639 &notorium
475 2602 593 2648 Legati
618 2603 751 2637 titulum
772 2603 970 2647 quandoque
993 2604 1123 2638 omitte·

239 2653 340 2689 bant.
368 2652 416 2686 At
436 2653 515 2687 vero
538 2652 719 2695 Presbyteri
741 2663 796 2687 aut
811 2653 957 2688 Diaconi
980 2654 1120 2699 Legati,

241 2702 332 2748 quod
354 2703 460 2737 solum
469 2703 711 2747 Episcoporum
732 2703 767 2736 sit
780 2703 954 2746 synodus,
983 2704 1119 2749 legatio-

241 2764 318 2788 nem
331 2752 441 2791 suam,
466 2765 507 2786 ex
517 2763 580 2795 qua
593 2753 660 2786 sola
682 2752 788 2787 sedere
812 2753 1119 2798 &suffragariinter

242 2803 424 2847 Episcopos
434 2811 583 2845 poterant
593 2827 603 2843 ‚
630 2802 812 2837 debuerunt
826 2804 951 2847 semper
961 2801 1116 2847 exp‘rime-

241 2864 297 2887 re.
323 2851 481 2886 Praeterea
519 2850 672 2895 Papalem
694 2853 893 2899 legationem
933 2852 974 2888 ab
1011 2854 1116 2889 Hosio

241 2901 461 2937 subscribente
481 2901 574 2935 fuisse
595 2903 742 2937 omissam
767 2928 778 2944 ‚
803 2904 896 2938 nullo
918 2903 1019 2937 modo
1041 2915 1116 2938 con-

241 2953 306 2988 stat
327 2977 334 2985 .
372 2950 564 2986 Sardicensis
586 2952 703 2994 quippe
724 2953 850 2997 Synodi
865 2954 959 2997 plena
976 2955 1044 2988 asta
1064 2966 1115 2999 pe-

243 3002 390 3042 rierunt,
415 3001 525 3035 &sola
548 3001 689 3045 ipsorum
712 3002 903 3047 compendia
926 3003 1078 3038 habemus
1098 3006 1116 3039 a

243 3052 363 3086 Sancto
387 3049 590 3091 Athanasio,
617 3052 668 3085 cui
695 3051 818 3087 suffecit
838 3064 957 3089 meram
976 3054 1116 3089 suaeistic

244 3102 375 3146 peraffle
385 3102 486 3134 causae
499 3100 705 3135 substantiam
718 3097 868 3138 retulisse.

294 3149 456 3184 Arcadius
477 3149 684 3192 &Projecrus
703 3151 874 3197 Episcopi,
900 3155 933 3189 &
948 3152 1116 3198 Philippus

245 3200 419 3243 Presbyter
429 3222 439 3238 ‚
454 3211 520 3234 non
533 3200 574 3234 ad
585 3202 698 3234 omnia
712 3201 877 3245 Ephefinae
887 3205 1015 3248 Synodi
1029 3204 1116 3239 dein·

246 3262 321 3294 ceps
341 3250 488 3294 agenda,
513 3249 567 3283 sed
591 3250 631 3283 ad
654 3250 755 3284 solam
765 3252 898 3295 Joannis
912 3253 1115 3289 Antiocheni

247 3310 325 3334 cum
343 3298 474 3343 Cyrillo
493 3299 699 3334 Alexandriae
721 3300 924 3345 Patriarcha,
953 3304 1117 3349 Apostoli-

248 3359 293 3385 cae
301 3349 393 3384 Sedis
410 3357 542 3384 tenente
561 3350 666 3389 vices,
696 3351 751 3392 qui
764 3352 829 3387 sese
838 3364 954 3389 mutuo
964 3355 1116 3400 degrada.

251 3408 324 3433 rant
334 3409 429 3442 atque
451 3400 496 3433 ita
506 3399 673 3434 turbarant
684 3401 818 3442 omnia,
844 3404 1052 3446 quaestionem
1066 3415 1118 3438 co-

251 3449 470 3495 gnoscendam
492 3447 743 3493 &judicandam
761 3450 887 3486 fuerant
906 3453 924 3487 a
944 3453 1117 3488 Caelestino

353 3497 455 3541 Christ.
461 3502 539 3542 Lupi
549 3503 751 3543 oper.T0m.V.

1876 187 1965 234 181

1178 269 1343 304 Pontifice
1365 268 1500 314 Legati.
1526 271 1630 305 Omni
1655 268 1733 306 huic
1752 268 1875 314 judicio
1894 272 2045 318 praesede-

1181 330 1272 354 runt.
1301 318 1405 354 Porro
1424 319 1464 353 ab
1475 329 1635 354 attentato
1656 332 1711 364 per
1723 322 1883 365 joannem
1903 325 2052 360 convitio

1182 369 1367 404 absolutum
1379 369 1545 412 Cyrillum
1558 383 1625 405 non
1636 371 1766 406 tantum
1779 372 1814 406 in
1826 371 2052 418 Episcopum,

1183 419 1235 453 sed
1246 420 1346 454 etiam
1363 416 1398 453 id
1410 418 1609 461 Apostolicae
1631 421 1808 464 legationis
1831 433 1867 457 ac
1879 423 2059 466 Synodalis

1184 469 1383 512 praefidentiae
1406 469 1615 512 reposuerunt
1636 470 1798 513 gradum,
1821 483 1919 517 atque
1935 474 1979 508 ita
2003 473 2056 508 illi

1183 519 1292 552 locum
1311 520 1486 558 cesserunt,
1515 518 1622 552 sessuri
1635 518 1720 552 inter
1734 520 1783 552 sui
1794 522 1929 556 Ordinis
1943 523 2057 558 Colle-

1182 579 1258 613 gas.
1285 567 1442 604 Notanda
1464 567 1508 600 est
1520 567 1695 611 Synodalis
1716 580 1770 612 per
1782 569 1967 612 Eutychem
1977 573 2056 608 Dia-

1181 629 1305 652 conum
1328 618 1369 653 ad
1387 619 1616 660 Imperatorem
1636 615 1866 653 Theodosium
1878 622 2056 657 transmissa

1180 668 1295 703 relatio
1314 681 1322 700 ι
1349 667 1523 708 Caeleflinus
1530 666 1721 711 sanHiffimus
1739 680 1855 713 magnae
1867 673 1970 704 Romae
1981 674 2058 714 Epi-

1175 717 1280 761 scopus
1299 716 1375 759 mifit
1387 718 1507 751 litteras
1515 727 1572 759 per
1583 718 1743 751 Arcadium
1763 720 1798 752 θ
1812 719 2058 766 Projec‘lumsan-

1180 768 1309 808 bliffimos
1334 766 1494 810 Episcopus
1522 791 1533 807 ,
1560 769 1594 802 ὦ·
1617 767 1794 810 Philippum
1819 770 2059 813 Religiofiffimum

1183 818 1380 856 Presbyterum
1389 828 1507 860 magnae
1519 821 1624 851 Romae
1637 841 1648 857 ,
1676 822 1726 860 qui
1738 817 2064 861 Caeleflinisanblisfimi

1180 866 1318 911 Episcopi
1337 865 1534 911 praefhntiam
1554 866 1711 910 supplent.
1739 869 1826 911 ‚Quia
1845 879 1910 911 ergo
1932 874 1994 902 viri
2015 870 2060 902 illi

1179 924 1231 959 qu}
1253 926 1402 953 venerunt
1429 941 1441 958 ,
1478 923 1569 950 torius
1594 919 1793 952 occidentalis
1814 916 1931 961 samqae
1957 920 2061 957 synodi

1174 966 1357 1011 sententiam
1383 967 1484 1008 nostrae
1511 967 1576 1000 huic
1594 967 1712 1011 safflae
1735 969 1843 1007 synodo
1862 977 1919 1011 per
1940 970 2062 1002 littera-s

1179 1015 1372 1060 exposuerunt
1392 1040 1404 1056 ,
1428 1019 1487 1051 &a
1515 1016 1713 1053 Habuerunt
1735 1018 1938 1063 legationem
1958 1017 2062 1062 dupli-

1179 1078 1251 1102 cem
1264 1080 1275 1100 .·
1302 1066 1348 1102 Et
1360 1065 1522 1103 Caelestini
1534 1067 1709 1103 Pontificis
1723 1092 1735 1108 ,
1761 1069 1793 1104 &
1804 1068 1906 1103 totius
1925 1066 2062 1103 Patriar·

1179 1116 1282 1152 chalis
1309 1116 1470 1151 Romanae
1503 1117 1656 1159 Synodi.
1689 1116 1804 1152 Primae
1837 1118 2063 1162 praefidentia,

1180 1166 1326 1202 secundae
1354 1165 1513 1211 legationi
1536 1166 1714 1201 debebatur
1737 1168 1829 1202 locus
1839 1168 2035 1202 honoratior
2050 1181 2064 1201 .·

1178 1217 1271 1253 Hinc
1295 1217 1366 1260 post
1389 1217 1480 1250 illam
1515 1214 1694 1260 depofitam
1720 1216 1883 1251 Arcadius
1909 1217 2064 1260 Cyrillo,

1181 1267 1344 1311 Projeaus
1363 1265 1511 1310 Juvenali
1534 1290 1546 1306 ,
1572 1265 1745 1310 Philippus
1766 1266 1927 1302 Flaviano
1949 1265 2063 1301 assedit

1180 1318 1347 1362 proximus
1367 1326 1444 1351 ante
1467 1327 1583 1350 omnes
1602 1316 1836 1360 Metropolitas
1858 1328 1895 1351 ac
1919 1315 2065 1352 Autoce·

1181 1366 1296 1411 phalos
1321 1365 1480 1399 Primates
1502 1391 1508 1397 .
1535 1364 1702 1400 Posterior
1726 1366 1817 1401 enirn
1843 1366 1970 1411 legatio
1994 1374 2065 1400 erat

1179 1417 1270 1453 firma
1293 1417 1394 1459 usque
1415 1414 1457 1449 ad
1469 1414 1596 1458 Synodi
1608 1415 1727 1450 finem.
1756 1415 1887 1461 Exque
1907 1415 1995 1451 lucet
2007 1414 2066 1450 fal·

1181 1467 1227 1507 li,
1253 1466 1312 1510 qui
1332 1463 1605 1508 duplicemjhanc
1617 1465 1778 1499 Romanae
1800 1464 1978 1510 legationis
1998 1466 2069 1509 spe*

1179 1517 1265 1549 ciem
1290 1513 1480 1548 existimant
1506 1515 1604 1556 nsque
1637 1513 1678 1547 ad
1706 1514 1834 1549 sextum
1870 1513 2066 1551 Concilium

1181 1563 1275 1596 fuisse
1302 1562 1453 1606 ignotam
1480 1585 1488 1593 .
1516 1561 1575 1597 Ad
1601 1563 1726 1597 sextam
1753 1571 1861 1597 tamen
1890 1563 2069 1607 Synodum

1181 1613 1315 1649 Sanetus
1335 1610 1423 1655 Papa
1435 1610 1576 1656 Agatho
1598 1622 1653 1647 eas
1680 1624 1751 1647 non
1765 1613 1836 1648 solo
1849 1614 1983 1655 officio,
2011 1610 2072 1648 sed

1181 1664 1280 1698 etiam
1293 1663 1438 1708 personis
1459 1661 1634 1696 distinxit:
1663 1663 1736 1697 Suae
1755 1664 1895 1708 personae
1905 1661 2073 1698 Theodo*

1180 1725 1216 1748 ro
1241 1726 1280 1748 ac
1291 1713 1441 1758 Georgio
1461 1711 1663 1755 presbyteris
1685 1724 1724 1747 ac
1747 1712 1868 1755 Ioanni
1883 1714 2070 1755 macone,

1182 1765 1240 1798 suae
1261 1772 1372 1798 autem
1395 1762 1523 1806 Synodi
1536 1762 1621 1796 vices
1633 1762 1725 1796 dedit
1738 1762 1857 1805 Joanni
1871 1761 2039 1797 portuensi
2050 1784 2071 1803 „

1182 1812 1300 1848 Basilio
1331 1812 1531 1856 Gortynenfi
1557 1837 1568 1852 ‚
1596 1810 1814 1850 Abundantio
1847 1812 2074 1856 Tempsano,

1183 1875 1220 1897 ac
1230 1863 1348 1906 Ioanni
1362 1861 1536 1906 Rhegienfi
1553 1861 1744 1907 Episcopis,
1772 1862 1828 1906 qui
1843 1862 1983 1906 proinde
1995 1874 2069 1898 non

1183 1913 1323 1956 primum
1351 1936 1362 1952 ‚
1401 1913 1454 1946 sed
1481 1910 1727 1947 honoratiorem
1753 1912 1925 1947 dumtaxat
1951 1912 2069 1949 locum

1183 1962 1299 1996 merito
1324 1960 1505 1996 habuerunt
1530 1987 1536 1993 .
1564 1962 1669 1997 Porro
1696 1963 1836 2006 Joannes
1857 1961 2076 1997 Thessaloni—

1183 2012 1284 2047 cenfis
1308 2012 1489 2055 Episcopus
1509 2022 1578 2046 non
1603 2012 1644 2047 ad
1667 2013 1864 2056 Synodum,
1889 2012 1942 2046 sed
1957 2024 2011 2057 per
2023 2012 2072 2046 11-

1183 2062 1277 2106 lyrici
1300 2061 1473 2096 Dioecesim
1501 2062 1564 2095 fuit
1583 2061 1781 2106 Apostolicae
1807 2062 1901 2097 Sedis
1920 2062 2066 2108 Legat-us

1182 2111 1234 2142 seu
1255 2109 1410 2143 Vicarius
1432 2135 1439 2141 .
1469 2111 1578 2144 Etiam
1602 2111 1785 2153 Stephanus
1807 2112 1964 2146 Corinthi
1988 2113 2067 2156 Epi-
2118 2126 2122 2134 ¹

1183 2159 1319 2200 scopus,
1344 2158 1560 2200 Metropolita
1582 2156 1731 2200 Achajre.
1759 2160 1829 2193 Hic
1851 2163 1940 2194 enim
1960 2160 2068 2196 Thes-

1184 2206 1373 2241 salonicenfi
1402 2216 1510 2249 parere
1536 2208 1683 2240 recusans
1705 2232 1716 2249 ,
1743 2207 1951 2251 Apostolicas
1976 2210 2070 2245 vices

1183 2254 1321 2290 habebat
1343 2255 1377 2288 in
1402 2256 1456 2288 sua
1480 2255 1656 2290 Provincia
1672 2281 1682 2296 ,
1709 2266 1765 2290 aut
1790 2257 1846 2291 fibi
1869 2259 2042 2303 arrogabat
2059 2286 2072 2294 ,

1183 2305 1289 2339 Tanti
1302 2306 1426 2347 semper
1436 2304 1592 2348 ponderis
1609 2305 1694 2348 apud
1707 2305 1867 2342 Primates
1877 2309 1975 2343 etiam
1990 2309 2070 2354 Epi-

1184 2356 1297 2397 scopos
1309 2355 1439 2388 fuerunt
1451 2354 1611 2388 Romanae
1621 2355 1707 2390 vices
1722 2381 1730 2388 .

1235 2405 1302 2438 Cur
1328 2403 1521 2448 Legationis
1548 2405 1608 2438 suae
1632 2406 1725 2440 causa
1752 2406 1899 2448 Julianus
1925 2408 2065 2444 Coenfis

1185 2453 1363 2497 Episcopus
1375 2452 1634 2489 Chalcedonenfi
1646 2455 1782 2498 Synodo
1806 2469 1875 2492 non
1887 2460 2068 2502 praesederit

1183 2515 1256 2537 cum
1277 2504 1347 2537 aliis
1373 2503 1524 2549 Legatis‚
1553 2504 1654 2539 edicit
1674 2507 1808 2541 Sanctus
1828 2508 1898 2543 Leo
1919 2509 2068 2555 Magnus

1184 2555 1217 2587 in
1234 2552 1348 2587 litteris
1369 2553 1409 2587 ad
1431 2553 1671 2597 Imperatricem
1698 2555 1905 2592 Pulcheriam
1923 2572 1931 2592 :
1957 2563 2070 2594 Fratri
2086 2565 2136 2602 Ep.
2151 2568 2198 2601 ςε-

1183 2606 1216 2638 (et
1238 2602 1408 2645 Coepiscopo
1426 2614 1495 2637 mea
1503 2606 1639 2649 Juliano
1654 2604 1885 2649 J'ollicitudmem
1913 2621 2010 2644 meam
2033 2617 2067 2644 in

1181 2652 1267 2696 causa
1289 2653 1360 2696 fidei
1381 2654 1534 2697 delegavi.
1564 2655 1607 2689 Et
1623 2656 1657 2688 in
1669 2656 1785 2691 litteris
1798 2656 1953 2701 adipsum
1968 2660 2066 2703 Julia-

1184 2715 1282 2737 num:
1309 2705 1453 2745 specular}
1474 2705 1511 2738 de
1522 2705 1855 2748 Constantinopolitanae
1865 2709 1948 2742 urbis
1962 2718 2065 2752 oppor-

1180 2759 1308 2786 tunitate
1330 2764 1387 2786 non
1410 2753 1524 2796 definas
1547 2779 1555 2786 .
1581 2754 1671 2790 Audi
1698 2757 1860 2791 rationem
1887 2771 1895 2791 ε
1922 2761 2007 2803 ,Quia
2029 2765 2062 2794 in

1183 2803 1314 2836 Anatolio
1324 2802 1468 2846 Episcopo
1492 2804 1813 2848 Constantinopolitano
1829 2806 2001 2843 catholicus
2013 2815 2062 2843 vi-

1174 2866 1229 2898 gor
1251 2864 1308 2887 nen
1330 2852 1386 2894 est.
1417 2854 1498 2888 Non
1520 2855 1601 2899 ergo
1610 2854 1651 2890 ad
1666 2856 1837 2899 Synodum
1850 2881 1861 2898 ,
1888 2858 1941 2893 sed
1961 2858 2002 2894 ad
2014 2861 2063 2894 so-

1181 2907 1242 2937 lam
1267 2905 1300 2937 in
1321 2904 1485 2939 Orientali
1502 2928 1514 2945 ‚
1541 2905 1913 2951 Constantinopolitana
1939 2910 2062 2953 praeser·

1179 2954 1237 2987 tim
1248 2978 1259 2994 ‚
1289 2953 1427 2989 Ecclesia
1439 2965 1494 2999 per
1506 2954 1697 2990 Nestorium
1710 2968 1748 2991 ac
1761 2957 1979 2999 Eutychetem
1992 2959 2061 2993 vtrl-

1180 3014 1291 3038 neratae
1301 3004 1375 3038 fidei
1387 3004 1568 3040 custodiam
1582 3030 1594 3046 ,
1620 3007 1654 3040 δι
1671 3006 1712 3041 de
1724 3007 1789 3050 ipsa
1798 3005 1960 3042 faciendas
1971 3007 2063 3044 Pon?

1178 3054 1256 3087 tifici
1279 3055 1451 3089 relationes
1471 3065 1539 3090 erat
1562 3056 1726 3099 Legatus,
1752 3055 1892 3102 ideoque
1909 3057 1949 3092 ad
1963 3058 2059 3103 praefi-

1178 3104 1322 3137 dentiam
1346 3115 1402 3137 aut
1422 3104 1668 3148 praecedentiam
1690 3104 1777 3140 nihil
1798 3105 1936 3142 habebat
1956 3109 2058 3151 juris.

1182 3151 1302 3186 Eadem
1325 3152 1371 3186 est
1396 3155 1478 3189 ratio
1489 3155 1634 3188 Faustini
1654 3154 1827 3193 Potentini
1848 3157 2001 3200 Episcopi
2019 3157 2057 3190 in

1179 3202 1315 3245 Synodo
1337 3202 1583 3249 Carthaginensi
1613 3218 1625 3238 :
1650 3205 1732 3240 Non
1760 3206 1799 3241 ad
1827 3206 2057 3250 praefidendum

1178 3263 1232 3287 aut
1241 3251 1466 3288 celebrandam
1479 3252 1649 3297 Synodum
1665 3279 1676 3296 ,
1703 3255 1756 3290 sed
1777 3256 1817 3290 ad
1830 3256 1955 3299 Apiarii
1968 3255 2056 3290 Pres-

1180 3302 1284 3346 byteri
1297 3301 1411 3337 fastam
1421 3304 1440 3337 a
1452 3303 1616 3339 Pontifice
1626 3306 1865 3340 restitutionem
1877 3306 2058 3349 exsequem

1178 3351 1272 3392 dam,
1298 3353 1432 3387 &Afris
1452 3355 1741 3390 demonstrandum
1767 3355 1926 3390 Romanae
1948 3353 2052 3397 appel-

1181 3402 1311 3437 lationis
1333 3402 1383 3444 jus
1401 3414 1469 3438 erat
1489 3404 1632 3450 Legatus
1659 3429 1670 3445 ‚
1696 3405 1837 3448 ideoque
1857 3416 1926 3439 non
1947 3403 2056 3446 praese·

1179 3453 1227 3487 dit
1239 3476 1247 3486 .
1275 3453 1452 3498 Ansegisus
1472 3455 1641 3490 Senonum
1663 3453 1876 3498 Metropolim
1895 3454 1913 3487 a
1925 3453 2052 3495 Ioanne

1666 3502 1720 3552 Q,
1918 3502 2004 3540 octa-
