2366 3756
63 958 150 1001 Epist,
170 964 216 997 65·

56 1305 145 1345 Epist.
166 1312 210 1343 66.

476 146 1013 193 Cone-ittam
1081 139 1718 193 TuotosANuM.

238 240 240 243 ·
285 225 398 262 Etiam
408 225 493 271 apud
515 225 668 263 Britones
692 225 825 270 grassata
850 223 915 261 fuit
939 221 1115 273 iniquitas·

237 278 372 316 Etenim
398 278 540 321 ipsorum
566 277 695 314 Ducem
730 274 959 313 Nomenoium
979 297 992 313 ‚
1026 271 1114 318 quod

237 325 392 365 Nobilium
407 327 596 363 haereditates
605 324 737 367 auferret
745 347 758 369 ‚
771 324 879 369 arguit
899 323 1114 361 Landrannus

236 378 512 422 :archiepiscopus
537 375 759 414 Turonensis,
783 374 818 413 ὃς
844 386 922 409 cum
947 374 1016 418 ipso
1032 373 1115 408 cele·

235 428 328 464 brata
348 428 471 466 ibidem
489 434 598 471 quarta
625 424 795 467 Synodus.
821 423 917 464 Istius
942 423 1021 461 item
1046 425 1115 458 suc-

235 479 390 515 cessorem
415 479 450 514 &
475 475 580 513 filium
607 474 819 512 Salomonem
846 486 901 518 per
921 474 1016 518 ipsius
1028 473 1114 517 Epis·

233 539 339 572 copos
358 529 398 563 de
421 527 516 563 variis
534 524 710 563 excessibus
724 524 897 561 admoneri
916 523 1003 567 juffit
1026 523 1114 562 Tul-

235 579 332 613 lenfis
353 575 438 626 apud
459 575 650 619 Saponarias
669 575 846 618 Synodus,
873 585 956 618 quos
976 575 1062 609 inter
1079 574 1113 613 &

234 628 292 663 hic
310 628 393 665 fuit:
420 630 458 658 Ut
473 632 669 669 proprietates
680 623 883 667 aparentibus
896 624 1016 659 relidas
1031 648 1042 665 ,
1064 624 1116 660 vel

238 678 366 720 quolibet
386 678 468 709 modo
489 675 704 712 rationabiliter
713 675 889 718 acqutffias,
909 674 1004 717 justos
1012 672 1113 721 paffefi

229 726 311 778 som
333 726 439 763 habere
457 733 615 768 permittat
629 750 637 758 .
665 724 778 762 Aliam
802 725 910 763 adhuc
931 724 1113 769 rapacitatis

233 776 373 821 speciem
396 776 490 810 fuisse
511 776 581 810 istic
601 776 770 820 grassatam
792 777 888 810 refert
900 776 935 809 in
949 774 1060 809 litteris
1071 773 1112 811 ad

234 827 428 861 Honorium
450 826 626 864 secundum
656 826 788 862 Sanstus
815 825 1028 864 Hildebertus
1054 825 1113 858 Ar-

233 875 456 919 ehiepiscopus
475 875 694 910 Turonensis:
722 873 817 918 Usque
837 882 870 913 in
883 875 1112 911 Namnetensis

234 925 380 964 Concilii
403 927 483 958 diem
503 925 670 969 huiusmodi
688 924 862 968 consuetudo
883 931 916 962 in
927 935 1008 959 terra
1019 928 1114 958 Comi-

233 981 278 1013 tis
297 975 466 1016 exstiterat,
492 985 524 1009 ut
547 977 702 1010 decedente
725 982 831 1010 marito
851 977 903 1009 vel
913 987 1024 1016 uxore,
1050 979 1101 1007 uni

231 1024 324 1068 versa
344 1026 509 1059 decedentis
531 1026 648 1062 mobilia
667 1031 700 1062 tn
716 1031 932 1068 proprietatem
954 1025 1111 1065 Potestatis

231 1074 409 1116 transtrent‚
436 1076 583 1114 Potestas
605 1075 690 1119 apud
718 1075 870 1113 Britoues
896 1076 931 1115 ὃς
956 1076 1112 1119 quosdam

229 1125 376 1160 Francos
397 1125 441 1160 est
456 1125 749 1170 oppidipraefectus
759 1136 815 1160 aut
836 1125 932 1171 pagi.
963 1126 1113 1164 Abusum

229 1174 386 1209 exstinxit
399 1176 611 1210 Hildebertus
624 1176 657 1210 in
681 1175 816 1214 laudato
841 1176 1022 1216 Concilio,
1049 1177 1112 1211 Co-

231 1225 426 1268 mes&ejus
454 1225 606 1261 Proceres
632 1226 820 1264 solemniter
844 1225 1051 1270 abjurarunt,
1079 1227 1113 1265 ἀ,

229 1276 343 1309 omnia
363 1274 511 1310 laudatus
536 1276 693 1314 Pontifex
715 1275 908 1319 Apostolica
921 1277 1114 1311 auctoritate

227 1326 453 1362 confirmavit.
481 1326 598 1371 Longe
609 1326 726 1363 foedior
737 1327 802 1366 fuit
813 1327 1030 1371 quorumdam
1046 1338 1116 1370 praee

227 1375 339 1412 sertim
361 1375 601 1410 Germanorum
622 1376 826 1411 consuetudo
850 1400 861 1414 ,
896 1389 966 1420 qua‘.
997 1377 1112 1410 cuneta

225 1434 326 1467 penes
362 1425 554 1459 defunctum
590 1422 794 1468 peregrinum
820 1435 942 1467 reperta
978 1424 1116 1459 mobilia

226 1471 460 1508 transcribebant
486 1473 521 1507 in
558 1472 754 1514 potestatem
791 1473 964 1512 Cauponis
985 1497 992 1504 .
1030 1475 1115 1506 Eam

225 1518 397 1555 damnavit
423 1519 598 1554 Honorius
624 1519 738 1556 tertius
762 1518 944 1559 Pontifex,
968 1519 1116 1562 &lmpeq

227 1575 314 1602 rator
334 1567 522 1601 Fredericus
545 1565 703 1602 secundus
720 1593 727 1605 -.

274 1617 424 1655 Eandem
445 1617 655 1663 iniquitatem
675 1617 810 1662 viguisse
834 1617 867 1650 in
883 1615 1031 1662 Anglia,
1057 1617 1114 1652 do·

223 1676 298 1705 cent
314 1667 401 1711 apud
429 1668 589 1711 Joannem
612 1668 857 1710 Bromptonum
869 1666 1034 1702 Abbatem
1046 1668 1113 1711 Jor-

170 1746 174 1749 ,
222 1718 390 1756 nolensem
415 1717 504 1761 leges
529 1717 652 1751 Canuti
678 1717 802 1762 Regis:
828 1720 928 1760 Siquis
948 1730 987 1752 ex
999 1717 1056 1752 bac
1066 1724 1110 1752 vi·

46 2181 83 2213 C·
119 2190 183 2218 loo.

222 1778 259 1804 ta
282 1769 408 1802 decedat
422 1766 483 1809 fine
505 1766 702 1809 distributione
714 1779 811 1805 rerum
824 1766 946 1815 suarum
958 1792 970 1809 ‚
996 1769 1046 1801 vel
1052 1776 1112 1810 per

222 1817 435 1859 incustodiam,
460 1818 513 1855 vel
516 1826 570 1859 per
584 1825 705 1852 mortem
717 1816 934 1861 improvisam,
959 1829 1018 1851 non
1028 1817 1112 1861 usur-

218 1876 273 1913 pet
284 1866 341 1909 fibi
355 1870 497 1902 Dominus
506 1870 570 1908 ejus
583 1870 620 1901 de
629 1873 759 1911 pecunia
783 1866 841 1915 sua
851 1893 862 1909 ‚
889 1867 946 1912 m‘fi
963 1877 1110 1910 quantum

222 1918 268 1953 ad
278 1917 389 1959 justam
400 1919 609 1956 relevationem
625 1923 782 1960 pertinet,
809 1929 878 1961 quae
899 1919 1019 1966 Angla?
1037 1919 1112 1952 dicl-

221 1976 271 2001 tur
290 1969 458 2011 ffleregelt,
479 1966 539 2011 sed
554 1966 594 2010 fit
607 1967 772 2012 secundum
793 1968 951 2003 dictionem
963 1970 1029 2010 ejus
1041 1966 1109 2011 ipsa

216 2022 346 2060 pecunia
371 2017 448 2051 velie
474 2016 576 2060 divisa
595 2043 606 2060 ‚
634 2024 720 2055 uxori
742 2043 753 2059 ,
774 2023 904 2060 pueris,
930 2019 965 2052 er
984 2023 1108 2060 propin-

219 2072 290 2114 quis
302 2091 313 2107 ‚
337 2072 490 2111 unicuique
505 2066 667 2110 secundum
676 2069 795 2102 modum
808 2092 819 2111 ‚
845 2074 894 2111 qui
905 2069 950 2101 ad
961 2079 1026 2102 eum
1042 2077 1110 2111 per-

222 2121 318 2149 tinet.
347 2117 515 2152 Faciendae
543 2129 599 2161 per
625 2117 784 2152 heredem
810 2118 1021 2155 relevationis
1048 2119 1111 2151 im·

220 2167 332 2209 pensas
358 2166 517 2210 praefigit,
544 2178 583 2201 ac
610 2169 736 2212 pergit:
765 2166 922 2208 Perfhlvat
947 2172 1041 2198 omnis
1061 2172 1108 2198 vi-

218 2216 283 2249 dua
299 2215 510 2247 relevationem
525 2215 615 2256 suam
636 2215 720 2255 infra
745 2215 894 2247 duodecim
916 2213 1027 2256 menses
1044 2212 1107 2254 fine

214 2261 416 2305 forisfao‘lura
428 2286 438 2303 ,
456 2262 486 2303 fi
504 2273 563 2297 non
578 2264 662 2305 pofflt
682 2265 794 2297 antei,
821 2261 1103 2299 GuilielmiLam-

222 2311 311 2346 bardi
330 2310 431 2344 versio
453 2311 499 2344 est
511 2312 653 2346 clarior:
679 2313 787 2352 siquis
799 2315 933 2349 incuria,
951 2309 1019 2351 five
1028 2322 1102 2343 mor-

219 2370 249 2395 te
269 2365 424 2402 repentina
437 2359 539 2400 fuerit
558 2357 696 2399 intesta&
716 2366 848 2393 mortuus
861 2384 871 2400 ,
899 2361 1045 2393 Dominus
1058 2367 1104 2392 ta-

218 2419 286 2444 men
306 2409 418 2442 nuliam
438 2419 535 2446 rerum
559 2407 686 2451 suarum
705 2417 828 2452 partem
849 2434 860 2451 ,
894 2417 1010 2451 praeter
1037 2421 1103 2443 eam

219 2471 287 2503 quae
300 2459 371 2499 J‘ure
391 2458 514 2494 debetur·
539 2462 668 2493 Haereoti
690 2464 806 2493 nomine
825 2484 836 2499 ‚
869 2458 928 2500 fibi
949 2463 1102 2502 aJJumito,

219 2509 324 2543 verum
341 2518 395 2544 eac
408 2506 522 2549 judicio
538 2505 589 2553 fi‘0
600 2513 685 2541 uxori
702 2533 713 2548 ,
736 2507 838 2545 liberis
848 2532 859 2548 ‚
887 2510 922 2543 ό·
935 2514 1103 2553 cognatione

215 2562 364 2602 proximis
383 2582 395 2599 ,
417 2565 475 2599 pro.
487 2555 542 2601 suo
569 2562 671 2601 cuique
681 2559 756 2598 jure
775 2582 786 2599 ,
818 2557 896 2603 juste
916 2557 1101 2598 distribuito.

219 2608 332 2652 ltaque
355 2608 456 2650 usque
476 2606 517 2643 ad
535 2606 723 2651 undecimi,
750 2619 819 2653 quo
836 2609 984 2655 regnavit
994 2609 1101 2643 Canu-

219 2665 292 2698 tus‚
311 2657 416 2694 saeculi
436 2656 607 2697 exordium
625 2657 701 2692 Rex
723 2667 780 2695 aut
792 2657 874 2692 alius
882 2658 1022 2695 directus
1033 2660 1102 2694 Do·

219 2707 330 2742 minus
349 2708 464 2744 cunita
484 2706 626 2744 defuneti
648 2718 704 2753 pet
726 2707 966 2758 negligentiam
990 2718 1046 2743 aut
1059 2718 1101 2743 re-

187 2760 188 2763 ’
220 2757 394 2800 pentinam
417 2766 559 2794 mortem
582 2758 650 2791 fine
671 2757 863 2794 testamento
883 2757 1008 2794 Vasalli
1031 2769 1101 2793 mo-

45 2975 82 3006 C·
107 2977 153 3007 66.

47 3368 81 3398 L.
100 3376 128 3402 ⁷·

48 3408 78 3438 L.
101 3417 129 3438 ι.
142 3414 169 3438 c-
178 3413 204 3445 1.

221 2806 303 2840 bilia
323 2806 498 2842 invadebat
512 2831 524 2847 ,
546 2806 725 2846 excludens
743 2808 845 2843 etiam
865 2818 1003 2842 uxorem
1017 2809 1099 2843 &li-

221 2855 331 2892 beros.
361 2855 455 2891 Hinc
476 2857 565 2891 enim
587 2858 734 2902 praefatur
744 2856 890 2894 laudatus
903 2857 1001 2892 Rex:
1026 2864 1101 2894 Haec

219 2905 259 2949 est
278 2906 429 2939 alleviatio
439 2931 450 2947 ,
473 2918 564 2950 quam
575 2908 763 2951 omnipopulo
771 2919 833 2943 meo
839 2909 1000 2950 providere
1012 2909 1078 2942 volo
1089 2932 1099 2949 ‚

222 2961 257 2990 in
277 2955 385 2999 quibus
408 2959 524 2992 omnino
549 2962 639 2992 nimis
656 2957 786 3003 fuerant
805 2963 953 3003 gravati,
983 2957 1027 2993 Et
1051 2959 1097 2993 est

220 3003 290 3039 haec
312 3002 453 3040 omnino
464 3005 640 3052 iniquitas,
665 3007 814 3043 adversus
824 3018 922 3052 quam
931 3007 967 3041 in
988 3008 1099 3044 Gallia

220 3055 415 3101 grassantem
436 3053 543 3091 statuit
569 3057 646 3092 Rex
672 3055 862 3094 clotharius
881 3083 892 3100 ‚
928 3058 964 3095 &
996 3056 1098 3098 decla-

220 3103 326 3143 mavit
347 3103 561 3147 Metropolim
587 3107 808 3143 Hincmarus.

269 3152 442 3191 Guilielmi
463 3153 543 3191 Rufi
558 3155 593 3191 in
617 3157 743 3202 Anglia
756 3157 856 3204 Regis
867 3157 1023 3204 iniquitas
1035 3157 1097 3194 fuit

220 3201 322 3250 longe
342 3202 445 3249 major
467 3227 479 3244 ,
505 3203 546 3239 de
566 3216 628 3250 qua
647 3206 814 3244 Henricus
834 3208 1098 3244 Archidiaconus

220 3252 543 3301 Huntindoniensis:
585 3256 758 3292 Guilielmus
777 3263 907 3294 omnium
927 3259 1022 3294 baer'es
1047 3260 1099 3304 effe

216 3300 354 3347 studebat
362 3326 369 3334 .
394 3303 496 3353 Qod
508 3303 613 3350 ipsum
623 3305 735 3343 iisdem
746 3308 849 3346 verbis
860 3309 994 3345 testatur
1006 3310 1096 3344 Hen-

221 3353 306 3390 ricus
325 3353 570 3398 Cnyghtonus.
598 3354 676 3401 Ejus
693 3358 831 3395 stater&
843 3360 1099 3397 succefforHen·

224 3403 308 3442 ficus
330 3403 453 3446 primus
472 3404 691 3440 circumduxit
709 3406 775 3451 ejus
796 3409 968 3446 violentiae
984 3431 999 3452 ,
1033 3410 1094 3446 Re·

321 3451 514 3497 chrismam
526 3458 732 3499 oper-TomJ'.

1175 235 1307 269 gnoque
1317 223 1457 260 reddidit
1466 224 1567 260 avitas
1578 223 1740 260 libertates
1749 248 1761 266 ,
1785 225 1870 261 inter
1879 236 1960 271 quas
1969 230 2058 272 apud

1179 273 1379 313 Richardum
1400 272 1672 320 Hugustaldensis
1694 275 1887 311 Monasterii
1905 277 2056 315 Priorem

1176 326 1210 358 in
1230 325 1316 359 libro
1335 324 1377 358 de
1401 325 1497 363 Bello
1521 322 1733 360 standardico
1751 323 1913 362 habentur
1932 325 1969 365 hi
1981 329 2058 368 arti-

1175 374 1263 409 culi:
1287 376 1320 406 ,ἢ
1340 373 1450 419 aliquis
1473 377 1628 409 Baronum
1649 386 1795 415 meorum,
1821 378 1875 413 vel
1887 380 2057 420 Comitum,

1169 424 1234 470 five
1253 425 1377 459 aliorum
1387 428 1438 466 qui
1460 424 1498 456 de
1508 434 1555 456 me
1572 432 1692 464 tenent,
1717 433 1847 463 mortuus
1850 425 1951 467 fuerit
1962 452 1973 468 ‚
1994 428 2057 462 hae.

1175 486 1224 508 res
1242 471 1316 518 suus
1340 485 1398 506 non
1417 472 1546 507 redimat
1567 481 1681 508 terram
1697 472 1782 514 suam
1800 498 1810 513 ,
1830 475 1904 518 ficut
1916 475 2056 517 faciebat

1175 531 1303 566 tempore
1314 522 1430 565 fratris
1450 528 1509 556 mei
1532 545 1543 563 ‚
1564 520 1624 565 sed
1637 524 1773 566 legitima
1794 524 1828 555 (ν
1841 526 1925 565 justa
1942 527 2058 562 releva.

1174 580 1252 611 tione
1274 572 1422 607 relevabit
1441 584 1508 608 eam
1530 596 1538 604 .
1569 573 1711 605 similiter
1747 571 1880 608 homines
1902 578 2058 616 ,Baranam

1174 634 1301 658 meorum
1321 624 1453 667 legitima
1474 623 1508 656 Θ·
1518 622 1602 667 justa
1626 623 1805 659 relevatione
1817 623 1991 658 relevabunt
2001 638 2057 666 ter-
2073 641 2098 680 >A

1166 686 1226 711 ‚ras
1244 672 1318 717 suas
1340 674 1378 709 de
1401 675 1533 707 Dominis
1552 671 1636 716 suis.
1669 670 2060 712 Plureshabetistiusmo.
2102 665 2113 682 ⁹

1174 723 1207 761 di
1219 722 1396 761 articulos,
1419 722 1653 761 &concludit:
1677 724 1710 757 si
1724 729 1791 765 quis
1797 733 1855 766 pro
1876 722 2059 765 baereditate

1170 774 1229 819 sua
1239 774 1356 817 aliquid
1362 779 1479 817 pepigit
1492 798 1502 814 ‚
1522 775 1599 811 illud
1617 774 1743 806 condono
1758 797 1769 813 ,
1793 777 1935 808 &omnes
1946 777 2063 811 releva-

1174 832 1288 867 tiones,
1306 835 1374 866 quae
1380 831 1437 869 pro
1447 831 1524 860 ratis
1535 822 1758 860 baereditatibus
1777 824 1969 865 padaeerant
1981 851 1988 859 .
2012 829 2061 866 Εἰ·

1169 875 1269 919 siquis
1283 877 1433 910 Baronum
1445 876 1499 908 vel
1512 874 1660 910 hominum
1685 885 1813 907 meorum
1837 875 2060 920 infirmabitur,

1169 925 1241 971 ficut
1251 923 1313 967 ipse
1324 923 1410 957 dabit
1425 927 1476 958 vel
1483 925 1557 958 dare
1571 923 1705 967 disponet
1713 929 1873 966 pecuniam
1879 923 1968 968 suam
1979 949 1990 966 ,
2015 929 2061 960 ita

1175 977 1282 1012 datam
1293 974 1345 1017 effe
1354 975 1473 1007 concedo
1485 999 1492 1006 .
1517 973 1645 1018 ‚Quodfi
1650 972 1711 1017 ipse
1718 978 1895 1016 pra-ventus
1906 976 1958 1009 vel
1965 981 2062 1010 armis

1175 1027 1228 1063 vel
1243 1023 1416 1066 infirmitate
1437 1049 1448 1065 ,
1468 1031 1622 1066 pecuniam
1640 1022 1726 1066 suam
1748 1037 1807 1058 non
1827 1027 1943 1060 dederit
1966 1050 1978 1067 ,
2009 1027 2064 1064 vel

1174 1076 1247 1109 dare
1262 1072 1439 1117 disposuerit
1449 1098 1460 1114 ,
1483 1086 1555 1108 uxor
1561 1074 1620 1118 fica
1629 1095 1641 1112 ,
1650 1073 1716 1115 five
1729 1075 1838 1116 liberi,
1858 1084 2062 1118 autparentes

1175 1128 1210 1162 s&
1229 1127 1355 1169 legitimi
1377 1123 1508 1157 homines
1530 1126 1595 1165 ejus
1618 1136 1684 1159 eam
1703 1133 1760 1166 pro
1774 1131 1877 1160 amma
1898 1128 1966 1168 ejus
1979 1128 2064 1161 divi·

1175 1177 1275 1215 dant,
1289 1173 1363 1217 ficut
1381 1175 1484 1208 melius
1507 1181 1548 1208 eis
1571 1172 1670 1217 visum
1686 1174 1786 1215 fuerit
1809 1200 1816 1207 .
1843 1177 1967 1211 Eadem
1989 1177 2062 1210 scri·

1177 1226 1222 1261 bit
1246 1223 1419 1260 Matthaeus
1440 1224 1623 1259 Parifienfis
1644 1247 1656 1264 ‚
1680 1224 1712 1258 &
1735 1226 1776 1259 ad
1806 1225 1871 1267 ipsa
1895 1227 2061 1269 praefatur:

1175 1279 1314 1313 Henricus
1329 1273 1462 1318 promisit
1484 1275 1718 1312 emendationem
1737 1276 1835 1319 legum
1855 1299 1865 1315 ,
1894 1276 2002 1318 quibus
2012 1283 2065 1318 op-

1172 1327 1268 1374 preffa
1282 1325 1387 1369 fuerat
1414 1327 1520 1369 Anglia
1542 1333 1673 1367 tempore
1690 1331 1794 1368 patris
1816 1324 1867 1368 sui
1881 1350 1891 1366 ,
1909 1325 2065 1368 &fratris

1177 1385 1269 1417 nuper
1290 1374 1442 1415 defundi.
1466 1376 1543 1411 Hac
1566 1385 1634 1408 arte
1655 1376 1815 1412 seniorem
1828 1376 1960 1413 fiatrem
1970 1377 2066 1413 suum
2085 1403 2111 1434 Δ

1177 1424 1382 1464 Robenum,
1406 1423 1440 1457 in
1464 1432 1545 1457 terra
1567 1424 1681 1460 Sansta
1706 1423 1926 1463 militantem,
1958 1423 2067 1459 exclu-
2102 1410 2216 1438 ‘³¹⁹⁰'

1175 1475 1212 1506 sit
1231 1474 1249 1505 a
1273 1473 1397 1513 Regno
1418 1494 1426 1506 .,
1449 1471 1616 1515 Quocirca
1642 1482 1710 1503 non
1734 1472 1839 1508 solum
1863 1473 2066 1509 Guilielmus

1176 1520 1284 1552 Rufus
1298 1542 1309 1558 ‚
1332 1517 1386 1551 sed
1407 1517 1506 1552 etiam
1529 1518 1625 1561 ipsius
1646 1517 1744 1552 Pater
1764 1519 1965 1555 Guilielmus
1975 1521 2068 1556 Con-

1174 1569 1313 1611 quaeslor
1335 1567 1565 1602 decedentium
1591 1568 1725 1606 suorum
1756 1568 1951 1604 vasallorum
1975 1571 2067 1606 inva-

1174 1619 1213 1656 fit
1232 1617 1390 1656 mobilia,
1427 1616 1523 1652 feuda
1554 1628 1623 1651 non
1645 1619 1779 1652 relevari
1803 1618 1932 1653 tantum
1958 1620 2065 1664 jussit,

1175 1669 1229 1702 sed
1250 1668 1292 1702 de
1309 1679 1408 1702 manu
1432 1668 1486 1702 sua
1508 1668 1608 1703 etiam
1634 1668 1777 1708 redimi,
1797 1670 1830 1704 ὅτ.
1855 1670 1941 1714 quasi
1953 1669 1995 1705 de
2005 1682 2066 1707 no·

1174 1730 1217 1752 vo
1240 1718 1358 1752 vendi.
1393 1719 1540 1752 Omnem
1550 1718 1764 1762 antiquorum
1779 1718 1912 1764 Regum
1928 1745 1938 1760 ‚
1963 1732 2064 1765 quam

1174 1768 1325 1803 Canutus
1347 1767 1422 1801 Rex
1445 1779 1626 1805 correxerat
1639 1793 1650 1809 ‚
1672 1769 1706 1802 in
1718 1770 1849 1803 suorum
1864 1769 2065 1807 Feudalium

1173 1817 1392 1852 haereditatem
1422 1828 1460 1851 ac
1492 1818 1688 1855 testamenta
1721 1819 1914 1852 violentiam
1945 1822 2065 1855 resum-

1173 1869 1321 1910 pserunt.
1344 1867 1515 1913 ipsamque
1542 1866 1653 1902 denuo
1677 1869 1821 1903 correxit
1844 1869 1878 1902 &
1900 1869 2064 1913 abjuravit

1171 1917 1338 1953 Henrieus
1362 1918 1504 1963 primus,
1526 1916 1664 1955 reddens
1684 1919 1791 1964 legem
1814 1919 1917 1964 Regis
1942 1920 2063 1957 Eduar-

1169 1967 1228 2008 di,
1247 1966 1281 2001 id
1304 1968 1350 2002 est
1364 1992 1374 2007 ,
1398 1967 1506 2012 legem
1525 1968 1650 2005 laudati
1663 1968 1787 2004 Canuti
1799 1969 1971 2005 noviffime
1984 1982 2064 2005 con-

1169 2017 1328 2052 firmatam
1346 2019 1468 2063 aRege
1495 2016 1668 2057 Eduardo.
1695 2018 1828 2064 Nempe
1860 2019 2064 2056 Guilielmus

1170 2068 1388 2112 Conquaestor
1410 2068 1601 2113 Anglorum
1622 2069 1777 2104 Proceres
1799 2068 1941 2106 habebat
1961 2072 2065 2115 suspe-

1168 2120 1237 2152 ἂος
1260 2130 1268 2149 :
1300 2118 1396 2152 Hinc
1426 2119 1496 2152 sero
1513 2119 1575 2153 isto
1594 2119 1677 2164 jugo
1702 2121 1832 2156 censuit
1857 2119 2065 2157 domandos.

1169 2166 1375 2199 Violentiam
1400 2168 1567 2211 resumpsit
1586 2168 1656 2208 ejus
1666 2179 1707 2200 ex
1717 2170 1786 2201 filia
1798 2181 1920 2212 nepos,
1944 2173 1978 2205 &
1991 2170 2065 2214 post

1172 2213 1300 2258 Regem
1311 2211 1515 2256 Stephanum
1536 2215 1695 2252 successor
1708 2216 1874 2251 Henricus
1884 2218 2063 2256 secundus,-

1168 2262 1302 2295 Etenim
1326 2262 1414 2295 inter
1430 2262 1553 2304 septem
1577 2263 1734 2301 articulos
1758 2287 1769 2303 ,
1798 2276 1882 2308 quos
1904 2266 1939 2300 in
1964 2267 2066 2311 ipsius

1172 2310 1331 2355 regimine
1351 2310 1567 2354 corrigendos
1587 2311 1682 2346 suasit
1703 2313 1827 2351 nobilis
1848 2313 1882 2347 in
1895 2314 2066 2352 Norman-

1170 2360 1225 2394 dia
1246 2359 1339 2394 miles
1362 2359 1535 2404 Philippus
1554 2360 1596 2396 de
1627 2361 1779 2404 Estrebi,
1801 2366 2012 2409 ,Quartusflait
2023 2368 2064 2403 de
2082 2350 2219 2393 3-1192·

1169 2409 1281 2443 ablatis
1310 2409 1542 2448 haereditatibus
1575 2410 1762 2452 restituendis
1781 2438 1790 2447 .
1819 2414 1937 2450 Exstat
1973 2417 2061 2462 apud

1170 2459 1330 2503 Joannem
1352 2460 1614 2504 Bromptonutn.
1996 2464 2000 2466 ’

1217 2509 1309 2544 Idem
1331 2509 1475 2554 Scriptor
1493 2511 1590 2546 refert
1611 2523 1650 2548 ac
1671 2512 1784 2549 laudat
1803 2513 1846 2549 ab
1871 2515 1960 2551 illius
1983 2516 2058 2556 filio

1167 2560 1202 2595 ἀ
1223 2558 1399 2594 successore
1419 2558 1591 2597 Richardo
1603 2586 1616 2602 ‚
1638 2562 1718 2599 dum
1737 2562 1778 2599 ad
1790 2564 1913 2601 sacrum
1926 2566 2059 2606 Bellum

1167 2611 1439 2654 proficisceretur,
1454 2621 1513 2654 pro
1525 2613 1579 2646 sua
1591 2612 1625 2647 &
1638 2624 1809 2657 parentum
1823 2617 1955 2651 suorum
1971 2626 2061 2652 aeter·

2125 655 2208 684 ¹135·

1168 2671 1209 2695 na
1230 2659 1331 2694 salute
1347 2660 1509 2696 remissam
1531 2663 1698 2706 antiquam
1710 2665 1895 2704 servitutem
1910 2690 1924 2706 ‚
1947 2667 1984 2703 ἀ
1997 2666 2058 2704 sta·

1166 2718 1274 2747 tutum
1295 2710 1408 2745 fuisse:
1435 2712 1532 2757 ,Quod
1540 2718 1636 2747 omnis
1646 2714 1837 2758 naufragus,
1863 2720 1916 2756 qui
1940 2715 1984 2748 ad
1996 2725 2058 2750 ter·

1165 2772 1231 2793 ram
1247 2764 1338 2794 vivus
1354 2767 1530 2803 pervenerit
1539 2784 1551 2802 ‚
1576 2771 1677 2797 omnes
1689 2774 1739 2799 res
1757 2759 1833 2806 suas
1843 2763 1933 2801 libere
1946 2763 2057 2798 babeat

1163 2811 1197 2844 <tt
1217 2812 1312 2852 quiete*
1331 2822 1340 2854 ;
1359 2810 1391 2853 fi
1409 2819 1507 2844 autem
1528 2814 1562 2843 in
1581 2817 1658 2847 navi
1680 2821 1813 2849 mortuus
1827 2812 1927 2859 fuerit
1955 2838 1967 2855 ,
1998 2814 2056 2857 filii

1164 2860 1217 2893 vel
1243 2860 1318 2904 filiae
1339 2884 1351 2901 ,
1384 2859 1504 2905 fratres
1535 2868 1589 2896 aut
1605 2859 1721 2905 sorores
1744 2865 1810 2906 ejus
1833 2874 1881 2901 res
1900 2863 1974 2907 suas
1998 2863 2052 2900 ha.

1162 2908 1252 2946 beant
1263 2934 1275 2951 ,
1296 2909 1456 2953 secundum
1476 2912 1557 2954 quod
1572 2910 1717 2952 fflendere
1731 2920 1872 2955 poterunt
1878 2912 1912 2956 se
1924 2915 1978 2957 effe
1984 2922 2055 2958 pro·

1158 2965 1328 3002 pinquiores
1352 2958 1487 2995 haeredes
1509 2962 1610 2996 illius.
1637 2965 1683 2996 Et
1698 2962 1731 3007 fi
1741 2962 1984 3007 defundusfilioi·
2003 2964 2056 2998 vel

1157 3008 1240 3051 filias
1259 3034 1271 3051 ,
1300 3010 1422 3053 fratres
1445 3017 1498 3045 aut
1511 3010 1626 3055 sorores
1650 3023 1706 3046 non
1729 3012 1868 3050 babuerit
1891 3037 1903 3053 ‚
1941 3012 2052 3051 habeat

1160 3061 1226 3093 ,Rex
1243 3061 1369 3094 Catella
1380 3085 1388 3096 .
1415 3058 1525 3096 Antea
1542 3062 1645 3106 igitur
1654 3063 1728 3097 Rex
1741 3061 1936 3098 excludebat
1948 3063 2051 3101 etiam

1161 3108 1248 3144 filios
1265 3110 1301 3145 ὅτ.
1321 3110 1454 3145 fratres.
1480 3110 1579 3150 Certe
1601 3112 1696 3148 nullo
1717 3111 1844 3159 justitiae
1854 3113 2048 3149 fundamen·

1162 3168 1216 3193 to.
1243 3158 1316 3195 Nee
1335 3159 1436 3197 etiam
1449 3170 1604 3205 nepeta,
1631 3161 1865 3205 consobrinos,
1890 3174 1948 3199 aut
1964 3164 2050 3200 alios

1161 3209 1422 3257 consanguineos
1446 3210 1579 3249 excludi
1609 3213 1753 3260 permisit
1776 3213 1920 3260 justitia,
1946 3223 2049 3259 atque

1161 3259 1207 3293 ita
1229 3258 1414 3297 Richardus
1433 3262 1508 3300 Rex
1528 3261 1658 3307 plenam
1681 3275 1749 3301 non
1760 3263 1878 3299 meruit
1895 3262 2025 3301 laudem
2037 3288 2046 3298 .

1162 3308 1275 3346 Exstat
1297 3310 1420 3350 ibidem
1440 3311 1504 3346 alia
1526 3312 1670 3356 ejusdem
1691 3325 1823 3351 necnon
1844 3313 1880 3351 &
1901 3313 2048 3352 Ludovi·

1161 3359 1192 3394 ci
1213 3360 1411 3397 Francorum
1433 3362 1536 3408 Regis
1557 3362 1601 3401 de
1638 3364 1809 3402 Sacrorum
1832 3363 1979 3398 militum
1997 3372 2044 3395 te·

1161 3408 1325 3446 sternentis
1341 3411 1535 3448 constitutio
1555 3426 1568 3447 .·
1605 3416 1701 3459 Reges
1726 3413 1897 3459 sanxerunt
1915 3436 1928 3452 ‚
1960 3410 2044 3453 quod

1535 3462 1573 3496 D
1622 3473 1644 3508 3
1890 3470 1992 3498 omnes

2072 2997 2106 3028 Δι’
2116 2996 2202 3034 1190'·
