2366 3756
96 284 127 319 1.ss
158 300 185 325 4·
212 295 235 318 C.

102 338 146 359 10.

84 988 123 1019 C·
142 999 186 1025 ²7·
199 993 243 1022 28.

350 165 929 213 rro'·N1cor„A1

277 251 464 293 ri'ponuntur
478 244 579 288 '‚‘'post
598 244 842 290 consecrationem
864 256 884 276 n
939 242 1036 287 solam
1058 246 1164 277 sacra-

276 309 406 333 mentum
423 322 434 337 ‚
455 295 514 340 sed
546 301 637 330 etiam
664 307 769 329 verum
791 297 850 326 Cor

275 348 384 387 christi
405 346 458 390 effe
468 370 492 388 ,.
509 348 544 381 (9
563 344 737 389 [ἓηῘιιαΙίΐεν
749 342 906 388 ηοηῙοΙιὶνη
918 346 1140 378 sacramentum
1153 369 1163 385 ,

269 397 327 441 sed
346 402 439 431 etiam
460 402 589 433 veritate
610 395 747 428 manibus
773 397 964 429 sacerdotum
986 395 1113 428 trac‘lari
1129 397 1164 429 (tr

265 447 395 495 frangi,
422 444 608 486 &fidelium
623 445 765 481 dentibus
785 451 895 479 atteri.
926 445 969 479 Et
991 445 1082 480 hunc
1110 447 1159 479 lo-

271 497 394 542 quendi
411 495 551 532 modum
570 496 744 532 confirmat
762 497 953 532 auctoritate
973 496 1081 532 Sancti
1094 496 1163 529 Au·

270 546 413 592 gustini.
439 545 536 593 Qin
560 544 712 589 &ipsum
737 546 880 582 Domini
895 548 1052 590 Corpus&
1067 547 1162 580 nobis

268 599 304 630 in
328 593 529 633 Eucharistia
550 596 643 640 tangi
665 596 783 630 nostris
798 597 951 634 manibus
964 621 975 636 ,
1002 598 1161 641 atterique

268 648 324 682 seu
345 646 477 692 pressius
499 647 594 690 tangi
615 647 753 683 affirmat
774 658 861 683 unus
883 659 926 681 ex
952 646 1045 690 hujus
1059 649 1161 692 Syno-

265 697 301 732 di
325 696 478 730 Patribus
488 696 621 731 Sanctus
631 697 880 735 Guitmundus.
910 698 1072 740 Loquitur
1083 710 1158 732 cum

264 746 482 792 Mystagogia
514 747 623 785 Sansti
656 747 815 783 Germani
843 747 1037 783 Patriarchae
1070 748 1159 782 Con-

260 796 551 841 ‹stantinopolitani
571 811 582 835 .-
610 801 758 834 .Dominus
780 796 954 841 conspicitur
976 823 987 838 ‚
1013 800 1047 834 (9*
1075 804 1160 843 tangi

259 847 294 891 se
307 853 429 889 patitur
446 855 503 894 per
523 850 680 885 tremenda
701 850 736 883 ὁ·
759 849 851 882 Sacra
876 847 1009 889 Mysteria
1030 873 1038 880 .
1073 850 1159 898 Qae

259 896 359 933 verba
377 898 557 943 Liturgicae
587 900 648 933 suae
668 898 864 942 expositioni
898 898 1033 934 inseruit
1058 902 1156 934 etiam

260 948 426 985 Nicolaus
446 948 612 985 Cabafilas
631 973 640 985 .,
665 947 806 983 Nullam
833 948 983 987 videmus
1005 959 1061 983 aut
1088 958 1157 986 tan-

259 998 371 1043 gimus
393 1009 583 1043 corpoream
606 999 845 1038 substantiam,
873 999 926 1036 sed
950 998 1016 1033 sola
1040 999 1096 1041 ipfi
1110 1000 1157 1038 in-

258 1049 325 1085 fixa
348 1049 556 1090 accidentia,
579 1050 614 1084 ὅ(
637 1049 756 1085 horum
781 1050 876 1086 causa
889 1049 1029 1083 dicimus
1056 1051 1155 1093 ipsam

257 1099 399 1134 sentire.
425 1100 475 1134 lta
496 1100 530 1134 &
551 1099 740 1138 Dominum
766 1101 801 1134 in
828 1098 1033 1138 Eucharistia
1059 1102 1155 1135 senti-

258 1160 294 1183 re
313 1149 457 1185 dicimur
475 1151 571 1184 causa
590 1150 848 1187 accidentalium
870 1150 1130 1185 velamentorum
1146 1164 1153 1186 ς

257 1199 341 1246 Qo
362 1200 466 1237 modo
483 1200 591 1238 Graeci
611 1202 784 1247 praesertim
802 1201 987 1248 frequenter
1011 1201 1153 1244 loquun-

257 1258 326 1287 tur,

1001 164 1394 207 saconim

1466 156 2036 206 P0Nr1i=1crs

1225 244 1410 279 calamitate
1434 243 1547 277 laisum
1570 244 1603 277 ἀ
1621 244 1757 277 stastum
1784 243 1962 287 Imperium
1989 243 2130 279 videbo-2

930 295 964 327 <y
982 296 1163 338 sanguinem
1225 306 1277 329 tur
1294 294 1357 328 alia
1381 295 1432 328 via
1455 305 1523 327 non
1550 294 1732 337 pacandum
1749 317 1757 324 .
1785 292 1880 327 Hine
1890 306 1967 330 cum
1980 294 2131 330 Clunia-‘

1225 345 1373 379 censibus
1406 345 1439 378 δε
1472 343 1732 380 Cistertienfibus
1767 343 1876 377 omnis
1907 345 2132 380 Monasticus.

1225 396 1308 429 ordo
1332 395 1438 430 hocce
1462 393 1614 430 Canonis
1627 395 1746 428 vulnus
1759 394 1886 437 accepit
1898 395 1931 427 in
1947 397 2037 429 suam
2050 396 2119 429 ani-

1225 455 1312 478 mam
1326 469 1337 485 ,
1366 444 1530 489 spondens
1551 446 1681 490 magnis
1699 445 1887 478 orationum
1911 443 1945 477 &
1958 445 2119 488 poeniten-

1224 497 1275 531 tiae
1294 495 1449 530 lamentis
1470 507 1603 531 exorare
1614 496 1698 539 ap'ud
1714 496 1873 529 Divinam
1886 494 2095 537 Majestatem
2106 519 2129 536 ‚2

1222 546 1255 581 δ(
1279 546 1487 589 compensare
1514 571 1520 578 .
1546 547 1600 581 Sic
1625 546 1758 580 tandem
1783 545 1926 581 inflexus
1946 546 2010 580 fuit
2033 545 2130 580 Pon--

1223 597 1304 630 tifex
1317 620 1327 636 ,
1356 595 1479 632 addens
1499 605 1534 631 ut
1545 596 1640 631 Otho
1654 597 1811 631 omnibus
1822 595 1972 630 Ecclefiis
1987 596 2118 639 plenam

1225 647 1408 683 libertatem
1431 647 1579 681 redderet
1602 648 1636 682 ὃς
1659 645 1836 682 custodiret
1856 671 1866 687 ‚
1904 647 2132 690 proficiscere-y

1223 708 1275 733 tur
1301 698 1342 732 ad
1367 699 1489 731 sacrum
1513 697 1643 741 Bellum
1664 720 1675 737 ‚
1713 698 1747 732 &
1782 695 1967 731 adstrictum
1987 697 2027 731 ad
2051 707 2118 741 per·

1198 791 1202 797 Ι
1224 758 1334 790 petuas
1357 759 1415 791 pro
1438 749 1516 783 laesae
1536 747 1718 793 discipiinae
1756 746 1969 791 induigentia
2008 758 2127 790 preces.

1223 798 1466 835 Monasterium
1491 799 1684 833 aedificaret.
1714 797 1777 832 Rei
1803 798 1918 832 seriem
1942 796 2118 839 lateexpo·

1223 848 1272 882 nit
1295 847 1391 884 Otho
1418 848 1459 883 de
1483 849 1601 883 Sancto
1621 849 1751 888 Blafio,
1777 848 1811 883 δε
1851 848 1885 881 in
1923 848 2116 882 Sclavorum
2134 856 2162 884 L.
2183 858 2210 884 8.
2239 862 2267 884 c.

1221 897 1394 933 Chronico
1416 899 1586 933 Arnoldus
1598 899 1711 933 Abbas
1723 898 1937 933 Lubecenfis.
1967 897 2040 930 Nec
2056 897 2116 931 mi·
2139 904 2181 931 ¹9·

1221 950 1300 986 reris
1324 949 1407 983 adeo
1430 949 1600 986 difficilem
1624 962 1662 984 ac
1701 949 1869 984 morosum
1891 947 2091 982 Pontificem
2107 972 2115 979 .

1222 999 1356 1037 Etenim
1377 1000 1417 1035 de
1441 1000 1626 1045 dispensato
1646 999 1686 1033 ad
1709 1000 1843 1033 fimilem
1866 999 2006 1043 gratiam
2019 998 2116 1042 Joan-

1222 1061 1263 1084 ne
1285 1049 1478 1094 Anglorum
1504 1051 1598 1094 Rege
1622 1050 1732 1085 scribit
1760 1048 1957 1092 Radulphus
1979 1049 2020 1082 de
2051 1048 2112 1081 Di-

1218 1110 1292 1135 ceto
1311 1114 1318 1133 :
1346 1100 1536 1134 celebratum
1558 1100 1597 1142 eft
1620 1102 1786 1137 divortium
1797 1106 1875 1133 inter
1880 1104 2040 1145 Joannem
2055 1102 2116 1131 An·

1212 1151 1286 1195 gliae
1309 1154 1418 1194 Regem
1433 1175 1443 1193 ,
1471 1153 1505 1184 (θ’
1523 1149 1622 1192 fillum
1634 1155 1762 1183 Comitis
1777 1150 1963 1190 clocestriae‚
1988 1155 2021 1182 in
2033 1153 2115 1182 Nor·

1217 1202 1344 1234 mandia
1369 1201 1410 1233 ab
1436 1199 1593 1244 Epifhopis
1632 1199 1790 1244 Lisort‘enfi
1810 1226 1820 1241 ,
1860 1198 2017 1241 Bajocenfi
2034 1223 2046 1239 ‚
2077 1201 2113 1233 (τ

1221 1249 1407 1291 Αόνίηεεηβ,
1443 1252 1478 1287 (9⁹
1519 1253 1590 1283 aliis
1626 1249 1784 1294 Episcopis
1810 1257 1863 1292 qui
1887 1250 2114 1291 interfuerant,

1218 1312 1308 1342 quam
1331 1299 1392 1344 ipse
1415 1309 1546 1343 tempore
1554 1306 1660 1344 patris
1672 1325 1683 1340 ,
1706 1301 1887 1342 permiffione
1898 1303 2043 1332 Romanae
2055 1298 2116 1334 Ec-

1216 1349 1326 1390 clefiae,
1351 1351 1482 1383 duxerat
1506 1357 1540 1382 in
1560 1362 1682 1384 uxorem
1703 1362 1769 1383 cum
1781 1350 1982 1383 eomitatibus
1997 1350 2033 1382 de
2046 1350 2118 1383 el*

1106 1391 1108 1393 Ι
1151 1417 1153 1420 ·
1215 1398 1316 1439 cestria
1330 1423 1341 1439 ‚
1368 1400 1406 1432 de
1428 1397 1633 1443 Sumersatum
1652 1423 1663 1439 ,
1702 1400 1737 1433 cb·
1761 1399 1833 1431 aliis
1858 1402 1949 1440 quoim
1969 1401 2113 1441 plurimis

254 1469 358 1520 Αἶῖιι
371 1475 472 1518 circa
487 1475 784 1519 Matrimonium
798 1473 840 1515 G
844 1469 998 1516 uilici-mi
1022 1477 1147 1535 Nor„

370 1540 529 1588 mandiae
559 1544 680 1590 Dacis
706 1557 792 1585 cnm
824 1537 1028 1588 Mathilde
1084 1536 1087 1538 μ

590 1613 632 1659 F
633 1609 817 1677 lundrensi
828 1645 840 1660 .

363 1744 417 1780 ¹Ar:
439 1745 519 1779 item
534 1744 579 1786 ,in
607 1743 748 1787 Synodo
781 1742 962 1781 admissum»
984 1744 1121 1781 tandem
1139 1771 1148 1787 ‚

388 1796 611 1840 dispensatum
635 1806 672 1828 ac
693 1795 891 1831 ratificatum
923 1795 988 1830 fuit
1011 1805 1149 1830 attenta-

253 1858 327 1883 tum
350 1847 366 1880 a
386 1845 571 1881 Guilielmo
594 1844 809 1879 Normandiae
834 1846 930 1879 Duce
945 1847 978 1880 &
991 1846 1149 1882 Mathildi

257 1896 446 1932 Flandrenfi
467 1894 720 1932 matrimonium
744 1919 755 1935 ‚
792 1896 833 1929 de
853 1907 922 1939 quo
950 1894 1147 1931 Chronicon

258 1948 427 1983 Beccenfis
447 1945 662 1981 Monasterii:
692 1945 908 1987 Lanfrancus,
936 1957 1016 1981 tunc
1039 1945 1149 1981 adhuc
1171 1948 1175 1961 ''

257 1999 382 2033 laudati
409 1996 568 2034 Coenobii
604 1995 662 2029 sub
690 1996 794 2031 Beato
821 1995 989 2033 Herluino
1017 1996 1148 2034 Abbate
1170 2022 1174 2027 .

257 2047 449 2083 Monachus
459 2073 469 2088 ‚
494 2048 604 2083 locutus
617 2046 655 2087 eft
666 2058 732 2080 cum
743 2049 832 2088 Papa
843 2051 878 2081 N
880 2048 968 2079 icolao
983 2072 993 2088 ‚
1019 2050 1054 2083 6·
1063 2047 1146 2088 osten-

259 2102 308 2133 dit
327 2101 410 2142 quid
429 2099 492 2138 ejus
499 2097 653 2141 sententia
663 2120 674 2136 ,
701 2098 841 2130 videlicet
854 2098 1048 2130 interditium
1058 2122 1070 2137 ‚
1098 2110 1144 2131 eos

258 2148 378 2184 'tamam
394 2147 572 2192 gravabat,
597 2152 650 2188 qui
671 2157 718 2179 eos
743 2156 794 2178 nec
816 2148 1055 2195 conjunxerant,
1094 2158 1146 2179 nec

252 2199 397 2243 separare
408 2205 569 2240 poterant.
598 2200 688 2228 Nam
710 2198 784 2228 Dux
804 2196 956 2236 puellam,
985 2207 1076 2238 quam
1098 2208 1145 2230 ac·

256 2258 373 2292 ceperat
386 2273 397 2288 ‚
422 2249 502 2280 nullo
516 2245 607 2288 pac'lo
627 2247 777 2277 dimittere
795 2244 929 2277 volebat.
958 2249 1018 2277 Hoc
1043 2255 1144 2279 autem.

255 2301 379 2334 audiens
390 2321 400 2336 ,
426 2299 460 2331 (θ’
476 2306 579 2329 verum
591 2294 643 2337 effe
654 2296 818 2327 advertens
828 2296 966 2326 summus
979 2295 1122 2336 Pontifex
1132 2321 1142 2336 ,

256 2347 474 2394 dispensatione
489 2344 597 2380 habita
619 2346 786 2390 conjugium
803 2342 928 2384 co'n'cefflt
939 2369 946 2376 .
974 2347 1023 2377 Eo
1042 2352 1142 2378 tamen

256 2402 341 2434 modo
361 2423 372 2439 ,
397 2406 546 2440 quatenus
571 2398 642 2427 Dux
662 2396 696 2428 (9⁸
709 2405 782 2427 uxor
803 2397 867 2435 ejus
890 2396 947 2429 duo
968 2378 1160 2437 Monasteriai

258 2450 472 2489 construerent,
499 2452 531 2479 in
550 2445 660 2488 quibus
678 2444 811 2489 singular
836 2450 1074 2491 congregationes
1096 2451 1144 2479 vi-

258 2512 357 2535 rorum
377 2510 411 2532 ac
433 2498 589 2531 mulierum
611 2496 834 2534 coadunarent,
859 2507 927 2538 quae
946 2495 989 2528 ibi
1010 2494 1068 2538 sub
1083 2506 1148 2529 nor-

260 2564 311 2585 ma
332 2553 351 2584 5
353 2549 449 2583 am‘lae
464 2548 623 2592 Religionis
644 2547 694 2579 die
706 2547 848 2589 noctuque
863 2549 925 2579 Deo
938 2545 1125 2590 deservirent
1134 2571 1145 2588 ,

261 2604 296 2636 Θ
313 2610 371 2643 pro
394 2598 495 2643 salute
521 2605 621 2632 eorum
641 2595 860 2640 supplicarent.
886 2599 932 2629 Et
947 2601 1053 2638 paruit
1067 2600 1138 2632 Dux

262 2650 426 2694 Apostolicae
448 2646 684 2692 dispensationi.
709 2650 756 2681 Et
768 2646 998 2688 ‘edificaverunt
1008 2648 1064 2680 duo
1088 2650 1148 2681 Mo·

261 2701 390 2743 nastem‘a
410 2704 443 2731 in
461 2700 599 2742 pradia,
624 2696 703 2739 quod
721 2701 886 2741 antiquitus
899 2698 1063 2730 Cadomum
1074 2709 1150 2731 nun-

260 2751 424 2794 cupabatur
436 2775 443 2782 .
472 2753 546 2783 Dux
557 2759 649 2781 unum
661 2746 872 2781 Monacborum
883 2752 915 2779 in
930 2746 1062 2780 bonorem
1075 2751 1149 2782 San·

261 2802 305 2835 eii
320 2800 467 2843 Stephani
478 2824 490 2840 ,
513 2799 548 2833 (τ
571 2809 645 2830 uxor
656 2799 722 2837 ejus
733 2799 863 2831 alterum
875 2797 1148 2833 Sanc‘limonialium

262 2857 295 2885 in
316 2851 453 2884 bonorem
471 2848 592 2884 Sanc‘lae
615 2844 780 2880 Trinitatis
801 2872 808 2879 .
837 2845 943 2895 Qod
971 2847 1074 2890 ipsum
1097 2848 1148 2883 iis-

261 2900 338 2936 dem
358 2899 461 2935 verbis
482 2898 594 2934 scribit
612 2897 648 2930 in
670 2896 779 2931 Sansti
790 2897 966 2931 Lanfranci
981 2898 1049 2931 vita
1058 2898 1147 2933 Milo

261 2951 450 2995 Crispinus.
476 2948 523 2983 Et
541 2959 584 2981 ex
606 2946 679 2991 ipfis
700 2947 788 2981 lucet
810 2948 828 2981 a
848 2947 962 2981 Leone
986 2958 1078 2980 nono
1099 2949 1149 2983 in-

246 3002 379 3046 jestum
404 2995 620 3035 Normandiae
642 2994 850 3032 interdictum
884 2996 1146 3035 Ecclefiasticum

262 3052 363 3093 usque
381 3049 446 3084 huc
465 3046 672 3092 perseverasse
683 3071 690 3080 .

313 3101 368 3135 Et-
381 3094 449 3134 haec
473 3097 607 3142 quidem
628 3097 673 3132 est
698 3097 802 3141 prima
823 3097 1077 3132 matrimonialis
1088 3098 1147 3133 im-

263 3150 443 3196 pedimenti
465 3148 664 3192 dispensatio
677 3171 690 3188 ‚
715 3158 816 3192 quam
837 3148 904 3182 scio
916 3149 1025 3183 datam
1037 3150 1072 3182 in
1085 3150 1147 3184 La-

263 3204 334 3236 tina
351 3200 513 3236 Ecclesia.
540 3197 658 3243 Longe
680 3197 848 3234 difficilior
872 3198 913 3232 ad
936 3200 1040 3243 quarti
1061 3199 1146 3234 inter

263 3249 438 3288 Othonem
457 3258 607 3294 quartum
628 3248 862 3291 Imperatorem
881 3248 915 3282 &
937 3247 1080 3294 Philippi
1093 3251 1149 3285 de·

262 3298 364 3337 funsti
385 3300 591 3344 Imperatoris
616 3298 912 3343 filiam-sanguinis
933 3300 1069 3344 gradum
1083 3301 1147 3335 dis-

262 3352 465 3398 pensandum
483 3350 547 3384 fuit
570 3349 786 3383 Innocentius
805 3349 934 3383 tertius.
962 3350 1035 3385 Esse
1055 3351 1141 3385 dixit

261 3400 378 3438 'contra
400 3401 550 3436 Ecclefiae
570 3398 844 3435 consuetudinem
860 3423 870 3440 ‚
895 3412 936 3434 ex
958 3401 1049 3436 nulla
1068 3413 1146 3436 cau·

261 3454 294 3487 sa
315 3451 580 3499 infringendam.
611 3448 738 3485 Verum
761 3449 864 3496 longe
890 3449 1047 3487 intestini·
1062 3451 1140 3487 belli

1211 1457 1270 1492 per
1291 1450 1431 1493 Angliam
1453 1448 1608 1482 honoribus
1628 1461 1643 1490 ,·
1677 1446 1735 1491 sed
1755 1449 1804 1482 ille
1827 1447 2011 1492 sublimioris
2032 1448 2113 1482 thori

1209 1497 1265 1540 [οε
1284 1507 1430 1539 raptatus
1454 1497 1564 1534 consilio
1583 1506 1774 1538 pravorum,
1800 1509 1867 1530 eam
1878 1498 1974 1542 abegit
1988 1525 1995 1531 .
2026 1500 2112 1532 Unde*

1213 1558 1354 1591 magnam
1377 1548 1490 1580 Summi
1514 1546 1669 1589 Pontifici:
1692 1571 1702 1587 ,
1730 1545 1843 1589 fiilia-t
1867 1551 2029 1581 Innocentii
2050 1557 2110 1582 ter·-

1213 1603 1270 1640 tii,
1295 1598 1329 1630 Θ
1349 1602 1442 1631 totius
1465 1591 1614 1632 Romana}
1639 1601 1740 1630 Curiae
1761 1596 1997 1641 indignationem
2011 1604 2109 1631 incur·
2127 1602 2160 1630 A.
2195 1608 2281 1637 ¹¹99.-

1212 1653 1255 1680 rit
1269 1671 1279 1687 ‚
1300 1645 1489 1690 presumens
1516 1648 1625 1683 temeri?
1647 1656 1749 1680 contra
1760 1648 2031 1690 leges&Canones
2048 1646 2109 1692 dis-

1208 1695 1324 1738 solvere
1336 1721 1347 1736 ,
1373 1698 1452 1739 quod
1472 1708 1571 1730 eorum
1585 1696 1693 1738 fuerat
1719 1697 1894 1731 achoritate
1916 1699 2085 1742 colligatum
2098 1723 2106 1730 .

1216 1746 1326 1781 Etiam
1348 1745 1493 1779 Antonii
1519 1746 1699 1781 Brabantiae
1723 1747 1830 1782 Ducis
1853 1748 1960 1781 filium
1993 1749 2029 1781 ὅ(
2057 1748 2108 1791 Ja-

1214 1795 1334 1831 cobam
1361 1795 1537 1831 Guilielmi
1558 1795 1676 1832 Bavari
1701 1796 1803 1829 filiam
1831 1820 1842 1835 ,
1869 1796 2015 1833 secundo
2037 1798 2107 1831 san-

1213 1846 1325 1890 guinis
1347 1846 1452 1891 gradu
1471 1846 1624 1890 ζιιιηὲὶοε,
1652 1846 1849 1892 dispensavit
1871 1846 1979 1891 postea
1989 1845 2107 1882 Marti-

1213 1907 1273 1929 nus
1294 1897 1450 1939 quintus.
1482 1895 1610 1931 Verum
1631 1907 1754 1940 quanta
1778 1896 1812 1929 &
1833 1897 1943 1940 qualia
1955 1897 2112 1932 scandala·

1210 1947 1243 1979 <Sc
1264 1945 1348 1980 bella
1373 1937 1451 1980 hinc
1474 1947 1683 1989 processerint
1716 1971 1728 1988 ,
1765 1946 1870 1980 videri
1890 1947 1986 1990 possit.
2017 1947 2105 1990 apud

1210 1995 1376 2041 Magnum
1406 1996 1736 2041 BelgiitChronicon
1758 2021 1766 2028 .
1806 1995 1850 2032 Et
1871 1997 1945 2040 quis
1981 1995 2104 2031 nesciat

1210 2046 1391 2083 miserabile
1415 2040 1646 2091 naufragium,
1674 2044 1765 2090 quod
1791 2057 1832 2079 ex
1848 2045 2104 2090 Apostolicain-

1209 2104 1257 2133 ter
1280 2097 1467 2134 Henricum
1498 2099 1652 2134 octavum
1682 2096 1812 2141 Angliae
1827 2096 1962 2141 Regem
1985 2097 2020 2134 &
2041 2096 2105 2131 Ca-

1209 2145 1376 2180 tharinam
1404 2147 1614 2190 Aragoniam
1634 2147 1879 2190 dispensatione
1888 2145 2024 2191 quidam
2037 2147 2105 2182 ini-

1209 2195 1346 2239 quitatis
1370 2194 1432 2229 filii
1465 2198 1538 2228 sunt
1562 2197 1688 2238 operati
1708 2220 1719 2238 a
1756 2196 1789 2229 &
1812 2196 1903 2239 quod
1922 2198 2023 2239 usque
2044 2196 2106 2230 ho-

1210 2246 1264 2279 die
1283 2245 1513 2289 deploramuS,
1539 2244 1574 2281 ὃ(
1595 2256 1737 2289 reparare
1749 2257 1815 2279 non
1830 2247 1995 2289 possumus
2008 2245 2024 2276 ἓ
2046 2245 2111 2281 Ob-

1201 2293 1354 2329 ·debitam
1379 2295 1474 2328 sacris
1504 2294 1703 2330 Ganonibus
1735 2295 1976 2330 observantiam
1994 2319 2005 2335 ,
2042 2307 2104 2330 nec

1220 2355 1288 2379 non
1312 2344 1357 2379 ob
1381 2354 1562 2379 memorata
1584 2343 1603 2379 ἐ
1625 2344 1768 2378 versatili
1795 2344 1971 2381 Procerum
1981 2346 2104 2388 praeser-

1218 2395 1278 2428 tim
1298 2406 1336 2428 ac
1363 2393 1565 2439 Magnarum
1586 2394 1722 2438 ingenio
1744 2394 1886 2437 pericula
1908 2395 2019 2430 Mater
2040 2397 2104 2430 Ee-

1217 2445 1311 2479 clefia
1334 2445 1418 2480 olim
1455 2444 1518 2478 fuit
1550 2444 1764 2479 morofiffima
1792 2445 1832 2478 ad
1863 2445 2104 2490 impedimenta

1216 2494 1283 2530 haec
1303 2494 1518 2538 dispensanda
1538 2519 1546 2528 .
1573 2495 1721 2529 Omnem
1743 2493 1821 2528 huic
1842 2496 1952 2539 gratiae
1973 2505 2104 2540 portam

1214 2545 1364 2579 claudere
1385 2544 1546 2580 moderna
1569 2555 1715 2587 tempora
1730 2545 1783 2578 vix
1797 2545 1980 2588 patiantur.
2002 2546 2103 2588 Opti-

1212 2594 1265 2631 me
1287 2595 1419 2629 interim
1439 2595 1545 2630 sanxit
1568 2594 1785 2628 sacrosancta
1809 2593 2011 2630 Tridentina
2043 2594 2106 2638 Sy·

1213 2645 1320 2680 nodus
1340 2645 1376 2678 in
1403 2644 1547 2681 secundo
1571 2643 1674 2688 gradu
1694 2641 1847 2686 deinceps
1880 2655 1949 2679 non
1972 2644 2106 2688 dispen-v

1215 2696 1374 2737 fandum,
1400 2695 1459 2729 nifi
1482 2694 1568 2728 inter
1590 2704 1729 2738 magnos
1750 2692 1918 2737 Principes
1935 2718 1948 2735 ‚
1983 2695 2019 2728 &
2054 2706 2109 2738 ex·

1213 2746 1344 2790 publica
1362 2746 1457 2780 causa
1479 2770 1486 2777 .
1515 2744 1689 2779 Videndus
1708 2744 1754 2778 est
1777 2745 1964 2778 Franciscus
1981 2745 2000 2778 a
2039 2745 2101 2780 Vi-

1214 2797 1316 2831 &oria
1342 2797 1378 2830 in
1403 2796 1534 2832 erudito
1556 2793 1714 2838 opusculo
1736 2795 1776 2828 de
1787 2794 1947 2839 potestate
1958 2793 2098 2841 Papae&

1213 2846 1361 2885 Concilii
1377 2871 1385 2880 .

1262 2897 1306 2932 Et
1333 2896 1467 2941 quidem
1499 2894 1701 2929 Tridentina
1729 2895 1921 2931 reformatio
1947 2894 2097 2939 loquitur

1212 2946 1252 2982 de
1275 2947 1463 2991 simpliciter
1475 2944 1617 2979 secundo
1629 2944 1729 2991 gradu
1742 2968 1752 2984 ,
1785 2944 1925 2988 ideoque
1936 2957 1977 2980 ex
1989 2947 2097 2988 primo

1212 2998 1245 3033 &
1264 2996 1409 3032 secundo
1431 2996 1572 3030 mixtum
1596 2996 1723 3031 videtur
1746 3006 1815 3029 non
1839 2994 2097 3040 comprehende-

1211 3059 1245 3082 re
1257 3072 1265 3080 .
1292 3048 1335 3082 Et
1349 3047 1416 3091 jure
1429 3046 1564 3081 merito.
1594 3046 1710 3080 Fateor
1723 3045 1909 3089 hujusmodi
1927 3047 2097 3081 matrimo-

1213 3099 1267 3133 nia
1290 3097 1428 3132 naturali
1449 3096 1512 3140 juri
1535 3107 1603 3129 non
1631 3098 1695 3131 eise
1718 3097 1849 3139 penitus
1872 3096 2024 3131 adversa.
2054 3096 2095 3128 E-

1212 3148 1315 3183 tenim
1337 3147 1413 3183 fidei
1434 3146 1548 3180 nostrae
1559 3146 1660 3180 Pater
1672 3145 1839 3182 Abraham
1852 3146 1948 3180 duxit
1972 3157 2014 3179 ex
2034 3146 2098 3178 fra·

1211 3210 1257 3234 tre
1273 3209 1403 3243 neptem
1413 3197 1522 3231 Saxam
1535 3221 1546 3238 ,
1571 3197 1606 3231 δε
1618 3208 1659 3230 ex
1672 3197 1739 3240 ipsa
1751 3196 1885 3240 suscepit
1899 3195 2095 3229 benedicitio-

1212 3261 1287 3284 nem
1304 3248 1454 3284 omnium
1474 3247 1623 3292 gentium
1650 3272 1658 3278 .
1684 3246 1809 3281 Verum
1831 3248 1915 3279 ratio
1935 3246 2094 3289 temporis

1211 3300 1256 3336 ita
1279 3309 1360 3335 tunc
1378 3296 1508 3342 exegit.
1539 3297 1690 3332 Gentiles
1711 3295 1952 3331 Romaniadeo
1961 3297 2095 3331 fuerunt

1210 3350 1347 3385 aversati
1367 3346 1554 3382 istiusmodi
1578 3349 1731 3392 nuptias,
1757 3356 1793 3381 ut
1814 3345 1855 3379 de
1885 3347 1962 3388 ipsisv
1976 3345 2095 3379 scribat

1210 3400 1385 3435 Svetonius
1406 3397 1644 3442 Tranquillus:
1671 3398 1820 3431 Claudius
1836 3394 1942 3440 Caesar
1954 3395 2095 3434 illecebris,

1211 3455 1397 3496 Agrippinae,
1413 3452 1580 3484 Germanici
1582 3449 1700 3492 fratris
1706 3445 1755 3491 sui
1761 3447 1835 3492 filiai
1845 3469 1855 3487 ‚
1876 3455 1933 3489 per
1946 3449 2001 3489 jus
2012 3444 2099 3489 osculi
