<?xml version="1.0" encoding="UTF-8"?>
<!DOCTYPE html PUBLIC "-//W3C//DTD XHTML 1.0 Transitional//EN"
    "http://www.w3.org/TR/xhtml1/DTD/xhtml1-transitional.dtd">
<html xmlns="http://www.w3.org/1999/xhtml" xml:lang="en" lang="en">
 <head>
  <title>
</title>
<meta http-equiv="Content-Type" content="text/html;charset=utf-8" />
  <meta name='ocr-system' content='tesseract 3.04.00' />
  <meta name='ocr-capabilities' content='ocr_page ocr_carea ocr_par ocr_line ocrx_word'/>
</head>
<body>
  <div class='ocr_page' id='page_1' title='image "./operaomniastudio05lupuuoft/operaomniastudio05lupuuoft_0073.png"; bbox 0 0 2366 3756; ppageno 0'>
   <div class='ocr_carea' id='block_1_1' title="bbox 99 1108 253 1147">
    <p class='ocr_par' dir='ltr' id='par_1_1' title="bbox 99 1108 253 1147">
     <span class='ocr_line' id='line_1_1' title="bbox 99 1108 253 1147; baseline -0.019 -7"><span class='ocrx_word' id='word_1_1' title='bbox 99 1108 187 1147; x_wconf 77' lang='lat' dir='ltr'>Epist.</span> <span class='ocrx_word' id='word_1_2' title='bbox 211 1118 253 1143; x_wconf 89' lang='lat'>17.</span> 
     </span>
    </p>
   </div>
   <div class='ocr_carea' id='block_1_2' title="bbox 575 108 1837 157">
    <p class='ocr_par' dir='ltr' id='par_1_2' title="bbox 575 108 1837 157">
     <span class='ocr_line' id='line_1_2' title="bbox 575 108 1837 157; baseline -0.005 0"><span class='ocrx_word' id='word_1_3' title='bbox 575 114 1114 157; x_wconf 67' lang='lat' dir='ltr'>CONCILIUM</span> <span class='ocrx_word' id='word_1_4' title='bbox 1187 108 1837 155; x_wconf 77' lang='lat' dir='ltr'>THOLosAN·uM.</span> 
     </span>
    </p>
   </div>
   <div class='ocr_carea' id='block_1_3' title="bbox 268 193 1174 1245">
    <p class='ocr_par' dir='ltr' id='par_1_3' title="bbox 268 193 1174 1245">
     <span class='ocr_line' id='line_1_3' title="bbox 268 193 1166 242; baseline -0.008 -9"><span class='ocrx_word' id='word_1_5' title='bbox 268 202 328 236; x_wconf 72' lang='lat' dir='ltr'>teri</span> <span class='ocrx_word' id='word_1_6' title='bbox 341 196 374 242; x_wconf 87' lang='lat' dir='ltr'>se</span> <span class='ocrx_word' id='word_1_7' title='bbox 397 200 423 231; x_wconf 73' lang='grc' dir='ltr'><em>δ</em></span> <span class='ocrx_word' id='word_1_8' title='bbox 438 202 636 232; x_wconf 79' lang='lat' dir='ltr'><em>communione</em></span> <span class='ocrx_word' id='word_1_9' title='bbox 661 195 803 238; x_wconf 80' lang='lat' dir='ltr'>Anastafii</span> <span class='ocrx_word' id='word_1_10' title='bbox 825 201 1008 234; x_wconf 81' lang='lat' dir='ltr'>erexerunt,</span> <span class='ocrx_word' id='word_1_11' title='bbox 1034 204 1065 226; x_wconf 91' lang='lat' dir='ltr'>eo</span> <span class='ocrx_word' id='word_1_12' title='bbox 1086 193 1166 234; x_wconf 68' lang='lat' dir='ltr'>quod</span> 
     </span>
     <span class='ocr_line' id='line_1_4' title="bbox 269 241 1165 293; baseline -0.01 -9"><span class='ocrx_word' id='word_1_13' title='bbox 269 248 498 293; x_wconf 78' lang='lat' dir='ltr'><em>communicasset</em></span> <span class='ocrx_word' id='word_1_14' title='bbox 516 247 580 290; x_wconf 88' lang='lat' dir='ltr'>fine</span> <span class='ocrx_word' id='word_1_15' title='bbox 605 247 716 289; x_wconf 83' lang='lat' dir='ltr'>confilio</span> <span class='ocrx_word' id='word_1_16' title='bbox 740 242 829 288; x_wconf 82' lang='lat' dir='ltr'>Episc</span> <span class='ocrx_word' id='word_1_17' title='bbox 838 253 958 286; x_wconf 81' lang='lat' dir='ltr'>operum</span> <span class='ocrx_word' id='word_1_18' title='bbox 973 268 983 284; x_wconf 94' lang='lat'>‚</span> <span class='ocrx_word' id='word_1_19' title='bbox 1008 244 1062 277; x_wconf 86' lang='lat' dir='ltr'>vel</span> <span class='ocrx_word' id='word_1_20' title='bbox 1080 241 1165 285; x_wconf 86' lang='lat' dir='ltr'>Pres-</span> 
     </span>
     <span class='ocr_line' id='line_1_5' title="bbox 270 291 1164 338; baseline -0.009 -5"><span class='ocrx_word' id='word_1_21' title='bbox 270 300 432 338; x_wconf 81' lang='lat' dir='ltr'>byterorum</span> <span class='ocrx_word' id='word_1_22' title='bbox 456 323 467 338; x_wconf 89' lang='lat'>‚</span> <span class='ocrx_word' id='word_1_23' title='bbox 492 300 545 333; x_wconf 81' lang='lat' dir='ltr'>vel</span> <span class='ocrx_word' id='word_1_24' title='bbox 568 300 650 332; x_wconf 82' lang='lat' dir='ltr'>Cleri</span> <span class='ocrx_word' id='word_1_25' title='bbox 678 294 791 331; x_wconf 71' lang='lat' dir='ltr'>cunllae</span> <span class='ocrx_word' id='word_1_26' title='bbox 817 293 984 327; x_wconf 71' lang='lat' dir='ltr'>Catholicae</span> <span class='ocrx_word' id='word_1_27' title='bbox 1012 291 1164 335; x_wconf 82' lang='lat' dir='ltr'>Ecclefiae,</span> 
     </span>
     <span class='ocr_line' id='line_1_6' title="bbox 271 343 1165 393; baseline -0.009 -10"><span class='ocrx_word' id='word_1_28' title='bbox 271 353 403 383; x_wconf 80' lang='lat' dir='ltr'>Diacono</span> <span class='ocrx_word' id='word_1_29' title='bbox 431 345 684 393; x_wconf 83' lang='lat' dir='ltr'>Tbeffalonicenfi,</span> <span class='ocrx_word' id='word_1_30' title='bbox 711 350 828 379; x_wconf 77' lang='lat' dir='ltr'>nomine</span> <span class='ocrx_word' id='word_1_31' title='bbox 856 343 1003 383; x_wconf 84' lang='lat' dir='ltr'>Photino,</span> <span class='ocrx_word' id='word_1_32' title='bbox 1030 349 1165 386; x_wconf 78' lang='lat' dir='ltr'>quicom-</span> 
     </span>
     <span class='ocr_line' id='line_1_7' title="bbox 270 395 1166 438; baseline -0.009 -6"><span class='ocrx_word' id='word_1_33' title='bbox 270 405 375 434; x_wconf 80' lang='lat' dir='ltr'>munls</span> <span class='ocrx_word' id='word_1_34' title='bbox 393 408 457 433; x_wconf 78' lang='lat' dir='ltr'>erat</span> <span class='ocrx_word' id='word_1_35' title='bbox 485 404 585 434; x_wconf 74' lang='lat' dir='ltr'>Acacio</span> <span class='ocrx_word' id='word_1_36' title='bbox 600 423 608 430; x_wconf 94' lang='lat'>.</span> <span class='ocrx_word' id='word_1_37' title='bbox 634 399 682 430; x_wconf 81' lang='lat' dir='ltr'>Et</span> <span class='ocrx_word' id='word_1_38' title='bbox 708 401 782 438; x_wconf 85' lang='lat' dir='ltr'>quia</span> <span class='ocrx_word' id='word_1_39' title='bbox 806 395 916 428; x_wconf 70' lang='lat' dir='ltr'>occulte</span> <span class='ocrx_word' id='word_1_40' title='bbox 940 395 1036 427; x_wconf 83' lang='lat' dir='ltr'>voluit</span> <span class='ocrx_word' id='word_1_41' title='bbox 1048 403 1166 427; x_wconf 81' lang='lat' dir='ltr'>revoca-</span> 
     </span>
     <span class='ocr_line' id='line_1_8' title="bbox 270 442 1166 491; baseline -0.008 -7"><span class='ocrx_word' id='word_1_42' title='bbox 270 461 304 485; x_wconf 80' lang='lat' dir='ltr'>re</span> <span class='ocrx_word' id='word_1_43' title='bbox 326 454 482 491; x_wconf 79' lang='lat' dir='ltr'><em>Acacium,</em></span> <span class='ocrx_word' id='word_1_44' title='bbox 507 450 542 484; x_wconf 71' lang='lat' dir='ltr'>e·</span> <span class='ocrx_word' id='word_1_45' title='bbox 566 458 626 481; x_wconf 82' lang='lat' dir='ltr'>non</span> <span class='ocrx_word' id='word_1_46' title='bbox 646 451 745 488; x_wconf 84' lang='lat' dir='ltr'>potuit</span> <span class='ocrx_word' id='word_1_47' title='bbox 767 469 775 478; x_wconf 94' lang='lat'>.</span> <span class='ocrx_word' id='word_1_48' title='bbox 813 442 919 479; x_wconf 81' lang='lat' dir='ltr'>Aliud</span> <span class='ocrx_word' id='word_1_49' title='bbox 955 444 1002 479; x_wconf 90' lang='lat' dir='ltr'>est</span> <span class='ocrx_word' id='word_1_50' title='bbox 1042 443 1166 477; x_wconf 88' lang='lat' dir='ltr'>Roma·</span> 
     </span>
     <span class='ocr_line' id='line_1_9' title="bbox 270 492 1165 545; baseline -0.009 -10"><span class='ocrx_word' id='word_1_51' title='bbox 270 511 336 535; x_wconf 82' lang='lat' dir='ltr'>nus</span> <span class='ocrx_word' id='word_1_52' title='bbox 358 500 564 545; x_wconf 83' lang='lat' dir='ltr'>Episcopus,</span> <span class='ocrx_word' id='word_1_53' title='bbox 590 497 679 531; x_wconf 83' lang='lat' dir='ltr'>aliud</span> <span class='ocrx_word' id='word_1_54' title='bbox 707 496 861 530; x_wconf 87' lang='lat' dir='ltr'>Romana</span> <span class='ocrx_word' id='word_1_55' title='bbox 884 494 1047 535; x_wconf 73' lang='lat' dir='ltr'>Ecclesia,</span> <span class='ocrx_word' id='word_1_56' title='bbox 1074 492 1165 528; x_wconf 90' lang='lat' dir='ltr'>aliud</span> 
     </span>
     <span class='ocr_line' id='line_1_10' title="bbox 271 541 1166 594; baseline -0.009 -10"><span class='ocrx_word' id='word_1_57' title='bbox 271 550 370 594; x_wconf 67' lang='lat' dir='ltr'>ipsius</span> <span class='ocrx_word' id='word_1_58' title='bbox 395 548 588 593; x_wconf 80' lang='lat' dir='ltr'>Apostolica</span> <span class='ocrx_word' id='word_1_59' title='bbox 615 544 806 582; x_wconf 88' lang='lat' dir='ltr'>Cathedra:</span> <span class='ocrx_word' id='word_1_60' title='bbox 846 544 1083 589; x_wconf 84' lang='lat' dir='ltr'>Antiquiffima</span> <span class='ocrx_word' id='word_1_61' title='bbox 1119 541 1166 577; x_wconf 88' lang='lat' dir='ltr'>est</span> 
     </span>
     <span class='ocr_line' id='line_1_11' title="bbox 273 593 1168 642; baseline -0.009 -8"><span class='ocrx_word' id='word_1_62' title='bbox 273 601 333 634; x_wconf 84' lang='lat' dir='ltr'>ista</span> <span class='ocrx_word' id='word_1_63' title='bbox 360 598 542 634; x_wconf 65' lang='lat' dir='ltr'>distinctio.</span> <span class='ocrx_word' id='word_1_64' title='bbox 570 598 625 632; x_wconf 90' lang='lat' dir='ltr'>Ne</span> <span class='ocrx_word' id='word_1_65' title='bbox 651 594 731 642; x_wconf 68' lang='lat' dir='ltr'>erg&amp;</span> <span class='ocrx_word' id='word_1_66' title='bbox 759 595 943 630; x_wconf 79' lang='lat' dir='ltr'>maculatus</span> <span class='ocrx_word' id='word_1_67' title='bbox 980 593 1168 628; x_wconf 81' lang='lat' dir='ltr'>Anastafius</span> 
     </span>
     <span class='ocr_line' id='line_1_12' title="bbox 271 643 1168 684; baseline -0.007 -1"><span class='ocrx_word' id='word_1_68' title='bbox 271 651 463 684; x_wconf 80' lang='lat' dir='ltr'>Romanam</span> <span class='ocrx_word' id='word_1_69' title='bbox 489 649 591 683; x_wconf 83' lang='lat' dir='ltr'>etiam</span> <span class='ocrx_word' id='word_1_70' title='bbox 619 646 798 682; x_wconf 75' lang='lat' dir='ltr'>Ecclesiam</span> <span class='ocrx_word' id='word_1_71' title='bbox 820 657 877 680; x_wconf 85' lang='lat' dir='ltr'>aut</span> <span class='ocrx_word' id='word_1_72' title='bbox 889 643 1090 680; x_wconf 85' lang='lat' dir='ltr'>Cathedram</span> <span class='ocrx_word' id='word_1_73' title='bbox 1102 654 1168 677; x_wconf 89' lang='lat' dir='ltr'>ma-</span> 
     </span>
     <span class='ocr_line' id='line_1_13' title="bbox 272 694 1169 741; baseline -0.006 -9"><span class='ocrx_word' id='word_1_74' title='bbox 272 700 395 733; x_wconf 84' lang='lat' dir='ltr'>cularet</span> <span class='ocrx_word' id='word_1_75' title='bbox 406 722 418 738; x_wconf 89' lang='lat'>‚</span> <span class='ocrx_word' id='word_1_76' title='bbox 442 698 483 733; x_wconf 87' lang='lat' dir='ltr'>ab</span> <span class='ocrx_word' id='word_1_77' title='bbox 495 699 566 741; x_wconf 87' lang='lat' dir='ltr'>ejus</span> <span class='ocrx_word' id='word_1_78' title='bbox 578 699 609 732; x_wconf 89' lang='lat' dir='ltr'>se</span> <span class='ocrx_word' id='word_1_79' title='bbox 621 697 862 734; x_wconf 80' lang='lat' dir='ltr'>communione</span> <span class='ocrx_word' id='word_1_80' title='bbox 876 695 1067 730; x_wconf 86' lang='lat' dir='ltr'>Cardinales</span> <span class='ocrx_word' id='word_1_81' title='bbox 1076 694 1169 738; x_wconf 88' lang='lat' dir='ltr'>Epis-</span> 
     </span>
     <span class='ocr_line' id='line_1_14' title="bbox 273 745 1166 792; baseline -0.007 -9"><span class='ocrx_word' id='word_1_82' title='bbox 273 751 349 792; x_wconf 81' lang='lat' dir='ltr'>copi</span> <span class='ocrx_word' id='word_1_83' title='bbox 375 761 412 783; x_wconf 83' lang='lat' dir='ltr'>ac</span> <span class='ocrx_word' id='word_1_84' title='bbox 432 748 634 792; x_wconf 74' lang='lat' dir='ltr'>Presbyteri,</span> <span class='ocrx_word' id='word_1_85' title='bbox 659 748 694 782; x_wconf 88' lang='lat'>&amp;</span> <span class='ocrx_word' id='word_1_86' title='bbox 720 748 831 781; x_wconf 84' lang='lat' dir='ltr'>omnis</span> <span class='ocrx_word' id='word_1_87' title='bbox 854 745 1166 790; x_wconf 76' lang='lat' dir='ltr'>Clerussegregave-</span> 
     </span>
     <span class='ocr_line' id='line_1_15' title="bbox 273 794 1169 843; baseline -0.006 -10"><span class='ocrx_word' id='word_1_88' title='bbox 273 808 370 834; x_wconf 76' lang='lat' dir='ltr'>runc.</span> <span class='ocrx_word' id='word_1_89' title='bbox 397 800 450 833; x_wconf 84' lang='lat' dir='ltr'>Ex</span> <span class='ocrx_word' id='word_1_90' title='bbox 468 799 587 833; x_wconf 81' lang='lat' dir='ltr'>eodem</span> <span class='ocrx_word' id='word_1_91' title='bbox 607 797 771 843; x_wconf 86' lang='lat' dir='ltr'>principio</span> <span class='ocrx_word' id='word_1_92' title='bbox 803 796 985 832; x_wconf 85' lang='lat' dir='ltr'>Hormisda</span> <span class='ocrx_word' id='word_1_93' title='bbox 1010 794 1169 829; x_wconf 82' lang='lat' dir='ltr'>Pontifex</span> 
     </span>
     <span class='ocr_line' id='line_1_16' title="bbox 277 843 1172 894; baseline -0.006 -11"><span class='ocrx_word' id='word_1_94' title='bbox 277 850 398 894; x_wconf 83' lang='lat' dir='ltr'>Joanni</span> <span class='ocrx_word' id='word_1_95' title='bbox 414 849 449 882; x_wconf 93' lang='lat' dir='ltr'>N</span> <span class='ocrx_word' id='word_1_96' title='bbox 452 848 661 893; x_wconf 82' lang='lat' dir='ltr'>icopolitano</span> <span class='ocrx_word' id='word_1_97' title='bbox 673 845 840 891; x_wconf 88' lang='lat' dir='ltr'>Episcopo</span> <span class='ocrx_word' id='word_1_98' title='bbox 850 871 862 888; x_wconf 91' lang='lat'>‚</span> <span class='ocrx_word' id='word_1_99' title='bbox 888 858 984 881; x_wconf 80' lang='lat' dir='ltr'>novae</span> <span class='ocrx_word' id='word_1_100' title='bbox 993 845 1085 889; x_wconf 84' lang='lat' dir='ltr'>Epiri</span> <span class='ocrx_word' id='word_1_101' title='bbox 1095 843 1172 879; x_wconf 86' lang='lat' dir='ltr'>Me-</span> 
     </span>
     <span class='ocr_line' id='line_1_17' title="bbox 273 895 1170 943; baseline -0.007 -9"><span class='ocrx_word' id='word_1_102' title='bbox 273 899 438 943; x_wconf 78' lang='lat' dir='ltr'>tropolitae</span> <span class='ocrx_word' id='word_1_103' title='bbox 457 922 468 939; x_wconf 90' lang='lat'><em>‚</em></span> <span class='ocrx_word' id='word_1_104' title='bbox 509 911 564 943; x_wconf 86' lang='lat' dir='ltr'>per</span> <span class='ocrx_word' id='word_1_105' title='bbox 590 896 802 933; x_wconf 87' lang='lat' dir='ltr'>Dorotheum</span> <span class='ocrx_word' id='word_1_106' title='bbox 839 895 1170 931; x_wconf 58' lang='lat' dir='ltr'>Thessalonicensem</span> 
     </span>
     <span class='ocr_line' id='line_1_18' title="bbox 274 946 1172 992; baseline -0.006 -9"><span class='ocrx_word' id='word_1_107' title='bbox 274 947 450 983; x_wconf 83' lang='lat' dir='ltr'>Acacianae</span> <span class='ocrx_word' id='word_1_108' title='bbox 460 949 613 984; x_wconf 69' lang='lat' dir='ltr'>factionis</span> <span class='ocrx_word' id='word_1_109' title='bbox 626 948 827 992; x_wconf 86' lang='lat' dir='ltr'>Episcopum</span> <span class='ocrx_word' id='word_1_110' title='bbox 840 947 883 982; x_wconf 86' lang='lat' dir='ltr'>ad</span> <span class='ocrx_word' id='word_1_111' title='bbox 894 946 1172 981; x_wconf 85' lang='lat' dir='ltr'>communionem</span> 
     </span>
     <span class='ocr_line' id='line_1_19' title="bbox 272 996 1172 1043; baseline -0.004 -9"><span class='ocrx_word' id='word_1_112' title='bbox 272 1000 389 1034; x_wconf 67' lang='lat' dir='ltr'>exaCio</span> <span class='ocrx_word' id='word_1_113' title='bbox 410 1010 466 1043; x_wconf 86' lang='lat' dir='ltr'>per</span> <span class='ocrx_word' id='word_1_114' title='bbox 491 1010 603 1043; x_wconf 85' lang='lat' dir='ltr'>poenas</span> <span class='ocrx_word' id='word_1_115' title='bbox 624 998 824 1043; x_wconf 85' lang='lat' dir='ltr'>graviffimas</span> <span class='ocrx_word' id='word_1_116' title='bbox 848 1022 860 1039; x_wconf 92' lang='lat'><strong>,</strong></span> <span class='ocrx_word' id='word_1_117' title='bbox 897 997 1039 1039; x_wconf 88' lang='lat' dir='ltr'>ideoque</span> <span class='ocrx_word' id='word_1_118' title='bbox 1075 996 1172 1039; x_wconf 71' lang='lat' dir='ltr'>ipsius</span> 
     </span>
     <span class='ocr_line' id='line_1_20' title="bbox 271 1045 1172 1093; baseline -0.004 -10"><span class='ocrx_word' id='word_1_119' title='bbox 271 1049 442 1084; x_wconf 79' lang='lat' dir='ltr'>licentiam</span> <span class='ocrx_word' id='word_1_120' title='bbox 463 1049 665 1093; x_wconf 84' lang='lat' dir='ltr'>postulanti,</span> <span class='ocrx_word' id='word_1_121' title='bbox 693 1047 887 1092; x_wconf 82' lang='lat' dir='ltr'>respondit:</span> <span class='ocrx_word' id='word_1_122' title='bbox 920 1045 1033 1087; x_wconf 83' lang='lat' dir='ltr'>Nostra</span> <span class='ocrx_word' id='word_1_123' title='bbox 1059 1056 1172 1089; x_wconf 84' lang='lat' dir='ltr'>quoque</span> 
     </span>
     <span class='ocr_line' id='line_1_21' title="bbox 272 1096 1173 1145; baseline -0.004 -11"><span class='ocrx_word' id='word_1_124' title='bbox 272 1104 436 1134; x_wconf 78' lang='lat' dir='ltr'>communio</span> <span class='ocrx_word' id='word_1_125' title='bbox 454 1106 622 1145; x_wconf 79' lang='lat' dir='ltr'><em>contagium</em></span> <span class='ocrx_word' id='word_1_126' title='bbox 641 1098 799 1143; x_wconf 82' lang='lat' dir='ltr'>sustineret</span> <span class='ocrx_word' id='word_1_127' title='bbox 824 1122 831 1130; x_wconf 90' lang='lat'>.</span> <span class='ocrx_word' id='word_1_128' title='bbox 860 1096 1049 1131; x_wconf 84' lang='lat' dir='ltr'>Istiusmodi</span> <span class='ocrx_word' id='word_1_129' title='bbox 1071 1097 1173 1131; x_wconf 79' lang='lat' dir='ltr'>licen·</span> 
     </span>
     <span class='ocr_line' id='line_1_22' title="bbox 273 1146 1173 1194; baseline -0.003 -11"><span class='ocrx_word' id='word_1_130' title='bbox 273 1151 355 1183; x_wconf 88' lang='lat' dir='ltr'>tiam</span> <span class='ocrx_word' id='word_1_131' title='bbox 376 1150 444 1185; x_wconf 84' lang='lat' dir='ltr'>fine</span> <span class='ocrx_word' id='word_1_132' title='bbox 458 1150 766 1194; x_wconf 79' lang='lat' dir='ltr'>suae&amp;personae&amp;</span> <span class='ocrx_word' id='word_1_133' title='bbox 782 1148 933 1182; x_wconf 69' lang='lat' dir='ltr'>Ecclesia:</span> <span class='ocrx_word' id='word_1_134' title='bbox 945 1148 1107 1192; x_wconf 88' lang='lat' dir='ltr'>contagio</span> <span class='ocrx_word' id='word_1_135' title='bbox 1130 1146 1173 1180; x_wconf 86' lang='lat' dir='ltr'>af·</span> 
     </span>
     <span class='ocr_line' id='line_1_23' title="bbox 272 1196 1174 1245; baseline -0.004 -11"><span class='ocrx_word' id='word_1_136' title='bbox 272 1200 382 1235; x_wconf 81' lang='lat' dir='ltr'>firmat</span> <span class='ocrx_word' id='word_1_137' title='bbox 395 1211 465 1234; x_wconf 85' lang='lat' dir='ltr'>non</span> <span class='ocrx_word' id='word_1_138' title='bbox 478 1202 567 1245; x_wconf 78' lang='lat' dir='ltr'>posse</span> <span class='ocrx_word' id='word_1_139' title='bbox 581 1199 748 1244; x_wconf 88' lang='lat' dir='ltr'>indulgeri</span> <span class='ocrx_word' id='word_1_140' title='bbox 762 1223 775 1239; x_wconf 80' lang='lat'>,</span> <span class='ocrx_word' id='word_1_141' title='bbox 802 1198 944 1242; x_wconf 82' lang='lat' dir='ltr'>ideoque</span> <span class='ocrx_word' id='word_1_142' title='bbox 964 1196 1174 1232; x_wconf 88' lang='lat' dir='ltr'>moriendum</span> 
     </span>
    </p>
   </div>
   <div class='ocr_carea' id='block_1_4' title="bbox 236 1248 1073 1294">
    <p class='ocr_par' dir='ltr' id='par_1_4' title="bbox 236 1248 1073 1294">
     <span class='ocr_line' id='line_1_24' title="bbox 236 1248 1073 1294; baseline -0.005 -10"><span class='ocrx_word' id='word_1_143' title='bbox 236 1260 239 1264; x_wconf 90' lang='lat'>·</span> <span class='ocrx_word' id='word_1_144' title='bbox 272 1250 406 1294; x_wconf 78' lang='lat' dir='ltr'>potius,</span> <span class='ocrx_word' id='word_1_145' title='bbox 432 1252 531 1292; x_wconf 68' lang='lat' dir='ltr'>quam</span> <span class='ocrx_word' id='word_1_146' title='bbox 544 1248 724 1284; x_wconf 88' lang='lat' dir='ltr'>Dorotheo</span> <span class='ocrx_word' id='word_1_147' title='bbox 738 1248 1073 1284; x_wconf 80' lang='lat' dir='ltr'>communicandum.</span> 
     </span>
    </p>
   </div>
   <div class='ocr_carea' id='block_1_5' title="bbox 173 2483 221 2512">
    <p class='ocr_par' dir='ltr' id='par_1_5' title="bbox 173 2483 221 2512">
     <span class='ocr_line' id='line_1_25' title="bbox 173 2483 221 2512; baseline 0 0"><span class='ocrx_word' id='word_1_148' title='bbox 173 2483 221 2512; x_wconf 80' lang='lat'>43·</span> 
     </span>
    </p>
   </div>
   <div class='ocr_carea' id='block_1_6' title="bbox 108 2743 265 2785">
    <p class='ocr_par' dir='ltr' id='par_1_6' title="bbox 108 2743 265 2785">
     <span class='ocr_line' id='line_1_26' title="bbox 108 2743 265 2785; baseline -0.013 -10"><span class='ocrx_word' id='word_1_149' title='bbox 108 2743 194 2785; x_wconf 75' lang='lat' dir='ltr'>Epist.</span> <span class='ocrx_word' id='word_1_150' title='bbox 216 2750 265 2781; x_wconf 79' lang='lat'>48.</span> 
     </span>
    </p>
   </div>
   <div class='ocr_carea' id='block_1_7' title="bbox 115 3337 250 3377">
    <p class='ocr_par' dir='ltr' id='par_1_7' title="bbox 115 3337 250 3377">
     <span class='ocr_line' id='line_1_27' title="bbox 115 3337 250 3377; baseline 0 -11"><span class='ocrx_word' id='word_1_151' title='bbox 115 3337 196 3369; x_wconf 82' lang='lat' dir='ltr'>Tom.</span> <span class='ocrx_word' id='word_1_152' title='bbox 225 3348 250 3377; x_wconf 85' lang='grc' dir='ltr'>ς.</span> 
     </span>
    </p>
   </div>
   <div class='ocr_carea' id='block_1_8' title="bbox 270 1298 1176 1587">
    <p class='ocr_par' dir='ltr' id='par_1_8' title="bbox 270 1298 1176 1587">
     <span class='ocr_line' id='line_1_28' title="bbox 326 1298 1174 1344; baseline -0.002 -12"><span class='ocrx_word' id='word_1_153' title='bbox 326 1300 369 1333; x_wconf 88' lang='lat' dir='ltr'>Et</span> <span class='ocrx_word' id='word_1_154' title='bbox 385 1299 474 1334; x_wconf 83' lang='lat' dir='ltr'>hunc</span> <span class='ocrx_word' id='word_1_155' title='bbox 488 1299 723 1344; x_wconf 80' lang='lat' dir='ltr'>Apostolicum</span> <span class='ocrx_word' id='word_1_156' title='bbox 734 1299 910 1334; x_wconf 83' lang='lat' dir='ltr'>Canonem</span> <span class='ocrx_word' id='word_1_157' title='bbox 923 1298 1095 1333; x_wconf 87' lang='lat' dir='ltr'>contemni</span> <span class='ocrx_word' id='word_1_158' title='bbox 1109 1298 1174 1340; x_wconf 84' lang='lat' dir='ltr'>pas-</span> 
     </span>
     <span class='ocr_line' id='line_1_29' title="bbox 273 1348 1175 1392; baseline -0.002 -8"><span class='ocrx_word' id='word_1_159' title='bbox 273 1350 331 1384; x_wconf 80' lang='lat' dir='ltr'>sim</span> <span class='ocrx_word' id='word_1_160' title='bbox 345 1349 362 1382; x_wconf 79' lang='grc' dir='ltr'>ὲ</span> <span class='ocrx_word' id='word_1_161' title='bbox 378 1350 549 1385; x_wconf 87' lang='lat' dir='ltr'>Gnosticis</span> <span class='ocrx_word' id='word_1_162' title='bbox 563 1375 574 1391; x_wconf 89' lang='lat'><strong>,</strong></span> <span class='ocrx_word' id='word_1_163' title='bbox 603 1349 856 1385; x_wconf 85' lang='lat' dir='ltr'>Valentinianis</span> <span class='ocrx_word' id='word_1_164' title='bbox 868 1349 1039 1392; x_wconf 81' lang='lat' dir='ltr'>praesertim</span> <span class='ocrx_word' id='word_1_165' title='bbox 1051 1373 1062 1387; x_wconf 94' lang='lat'>,</span> <span class='ocrx_word' id='word_1_166' title='bbox 1089 1348 1175 1382; x_wconf 88' lang='lat' dir='ltr'>ideo·</span> 
     </span>
     <span class='ocr_line' id='line_1_30' title="bbox 272 1396 1175 1444; baseline -0.007 -10"><span class='ocrx_word' id='word_1_167' title='bbox 272 1396 433 1444; x_wconf 87' lang='lat' dir='ltr'>queapud</span> <span class='ocrx_word' id='word_1_168' title='bbox 460 1401 545 1444; x_wconf 88' lang='lat' dir='ltr'>ipsos</span> <span class='ocrx_word' id='word_1_169' title='bbox 571 1411 641 1433; x_wconf 89' lang='lat' dir='ltr'>non</span> <span class='ocrx_word' id='word_1_170' title='bbox 668 1399 945 1432; x_wconf 87' lang='lat' dir='ltr'>communionem</span> <span class='ocrx_word' id='word_1_171' title='bbox 974 1397 1175 1430; x_wconf 80' lang='lat' dir='ltr'>Ecclefiasti-</span> 
     </span>
     <span class='ocr_line' id='line_1_31' title="bbox 274 1445 1173 1489; baseline -0.006 -6"><span class='ocrx_word' id='word_1_172' title='bbox 274 1461 369 1489; x_wconf 89' lang='lat' dir='ltr'>cam,</span> <span class='ocrx_word' id='word_1_173' title='bbox 396 1448 450 1482; x_wconf 91' lang='lat' dir='ltr'>sed</span> <span class='ocrx_word' id='word_1_174' title='bbox 473 1449 535 1483; x_wconf 77' lang='lat' dir='ltr'>effe</span> <span class='ocrx_word' id='word_1_175' title='bbox 561 1448 735 1482; x_wconf 87' lang='lat' dir='ltr'>Gentilem</span> <span class='ocrx_word' id='word_1_176' title='bbox 761 1447 1009 1487; x_wconf 82' lang='lat' dir='ltr'>confusionem,</span> <span class='ocrx_word' id='word_1_177' title='bbox 1041 1446 1077 1479; x_wconf 87' lang='lat' dir='ltr'>T</span> <span class='ocrx_word' id='word_1_178' title='bbox 1080 1445 1173 1480; x_wconf 81' lang='lat' dir='ltr'>ertul-</span> 
     </span>
     <span class='ocr_line' id='line_1_32' title="bbox 270 1494 1176 1540; baseline -0.007 -9"><span class='ocrx_word' id='word_1_179' title='bbox 270 1499 381 1532; x_wconf 86' lang='lat' dir='ltr'>lianus</span> <span class='ocrx_word' id='word_1_180' title='bbox 404 1499 498 1540; x_wconf 66' lang='lat' dir='ltr'>supra</span> <span class='ocrx_word' id='word_1_181' title='bbox 518 1498 600 1530; x_wconf 61' lang='lat' dir='ltr'>recte</span> <span class='ocrx_word' id='word_1_182' title='bbox 622 1497 808 1537; x_wconf 83' lang='lat' dir='ltr'>praescripfit</span> <span class='ocrx_word' id='word_1_183' title='bbox 833 1520 840 1525; x_wconf 92' lang='lat'><strong>.</strong></span> <span class='ocrx_word' id='word_1_184' title='bbox 869 1494 974 1539; x_wconf 71' lang='lat' dir='ltr'>Qod</span> <span class='ocrx_word' id='word_1_185' title='bbox 992 1496 1084 1526; x_wconf 89' lang='lat' dir='ltr'>enim</span> <span class='ocrx_word' id='word_1_186' title='bbox 1112 1494 1176 1525; x_wconf 80' lang='lat' dir='ltr'>Va-</span> 
     </span>
     <span class='ocr_line' id='line_1_33' title="bbox 270 1541 1176 1587; baseline -0.007 -7"><span class='ocrx_word' id='word_1_187' title='bbox 270 1544 449 1587; x_wconf 74' lang='lat' dir='ltr'>lentiniani</span> <span class='ocrx_word' id='word_1_188' title='bbox 472 1544 669 1578; x_wconf 83' lang='lat' dir='ltr'>damnarent</span> <span class='ocrx_word' id='word_1_189' title='bbox 687 1542 852 1585; x_wconf 80' lang='lat' dir='ltr'>Martyria</span> <span class='ocrx_word' id='word_1_190' title='bbox 866 1566 877 1582; x_wconf 91' lang='lat'>‚</span> <span class='ocrx_word' id='word_1_191' title='bbox 904 1541 1004 1575; x_wconf 84' lang='lat' dir='ltr'>fidem</span> <span class='ocrx_word' id='word_1_192' title='bbox 1017 1542 1109 1575; x_wconf 88' lang='lat' dir='ltr'>suam</span> <span class='ocrx_word' id='word_1_193' title='bbox 1121 1552 1176 1574; x_wconf 92' lang='lat' dir='ltr'>oc-</span> 
     </span>
    </p>
   </div>
   <div class='ocr_carea' id='block_1_9' title="bbox 270 1590 1176 1638">
    <p class='ocr_par' dir='ltr' id='par_1_9' title="bbox 270 1590 1176 1638">
     <span class='ocr_line' id='line_1_34' title="bbox 270 1590 1176 1638; baseline -0.007 -8"><span class='ocrx_word' id='word_1_194' title='bbox 270 1595 460 1635; x_wconf 86' lang='lat' dir='ltr'>cultarent,</span> <span class='ocrx_word' id='word_1_195' title='bbox 480 1595 550 1628; x_wconf 80' lang='lat' dir='ltr'>imo</span> <span class='ocrx_word' id='word_1_196' title='bbox 578 1594 612 1629; x_wconf 89' lang='lat'>&amp;</span> <span class='ocrx_word' id='word_1_197' title='bbox 640 1603 797 1638; x_wconf 81' lang='lat' dir='ltr'>negarent</span> <span class='ocrx_word' id='word_1_198' title='bbox 824 1590 989 1626; x_wconf 69' lang='lat' dir='ltr'>liberrime</span> <span class='ocrx_word' id='word_1_199' title='bbox 1012 1616 1022 1632; x_wconf 93' lang='lat'>,</span> <span class='ocrx_word' id='word_1_200' title='bbox 1050 1590 1176 1634; x_wconf 88' lang='lat' dir='ltr'>ubique</span> 
     </span>
    </p>
   </div>
   <div class='ocr_carea' id='block_1_10' title="bbox 1982 119 2042 168">
    <p class='ocr_par' dir='ltr' id='par_1_10' title="bbox 1982 119 2042 168">
     <span class='ocr_line' id='line_1_35' title="bbox 1982 119 2042 168; baseline 0 0"><span class='ocrx_word' id='word_1_201' title='bbox 1982 119 2042 168; x_wconf 84' lang='lat'>63</span> 
     </span>
    </p>
   </div>
   <div class='ocr_carea' id='block_1_11' title="bbox 1224 186 2137 1440">
    <p class='ocr_par' dir='ltr' id='par_1_11' title="bbox 1224 186 2137 1440">
     <span class='ocr_line' id='line_1_36' title="bbox 1227 186 2118 237; baseline 0.001 -11"><span class='ocrx_word' id='word_1_202' title='bbox 1227 202 1405 237; x_wconf 84' lang='lat' dir='ltr'>peratorem</span> <span class='ocrx_word' id='word_1_203' title='bbox 1429 189 1577 235; x_wconf 83' lang='lat' dir='ltr'>precibus</span> <span class='ocrx_word' id='word_1_204' title='bbox 1602 190 1746 226; x_wconf 89' lang='lat' dir='ltr'>scribunt</span> <span class='ocrx_word' id='word_1_205' title='bbox 1772 190 1814 226; x_wconf 86' lang='lat' dir='ltr'>de</span> <span class='ocrx_word' id='word_1_206' title='bbox 1832 188 1925 233; x_wconf 82' lang='lat' dir='ltr'>lapfis</span> <span class='ocrx_word' id='word_1_207' title='bbox 1946 186 1982 223; x_wconf 90' lang='lat' dir='ltr'>in</span> <span class='ocrx_word' id='word_1_208' title='bbox 1994 191 2118 227; x_wconf 86' lang='lat' dir='ltr'>Arimi-</span> 
     </span>
     <span class='ocr_line' id='line_1_37' title="bbox 1226 239 2115 285; baseline -0.001 -9"><span class='ocrx_word' id='word_1_209' title='bbox 1226 244 1314 277; x_wconf 82' lang='lat' dir='ltr'>nenfi</span> <span class='ocrx_word' id='word_1_210' title='bbox 1333 242 1492 277; x_wconf 78' lang='lat' dir='ltr'>Concilio</span> <span class='ocrx_word' id='word_1_211' title='bbox 1504 242 1695 285; x_wconf 87' lang='lat' dir='ltr'>Episcopis:</span> <span class='ocrx_word' id='word_1_212' title='bbox 1723 243 1801 275; x_wconf 74' lang='lat' dir='ltr'>cum</span> <span class='ocrx_word' id='word_1_213' title='bbox 1811 240 1964 274; x_wconf 74' lang='lat' dir='ltr'>adversus</span> <span class='ocrx_word' id='word_1_214' title='bbox 1980 239 2115 283; x_wconf 77' lang='lat' dir='ltr'>selibras</span> 
     </span>
     <span class='ocr_line' id='line_1_38' title="bbox 1227 287 2115 336; baseline -0.002 -10"><span class='ocrx_word' id='word_1_215' title='bbox 1227 295 1279 327; x_wconf 78' lang='lat' dir='ltr'>vel</span> <span class='ocrx_word' id='word_1_216' title='bbox 1289 292 1439 336; x_wconf 70' lang='lat' dir='ltr'>Epistolas</span> <span class='ocrx_word' id='word_1_217' title='bbox 1455 291 1562 336; x_wconf 73' lang='lat' dir='ltr'>singuli</span> <span class='ocrx_word' id='word_1_218' title='bbox 1582 287 1690 335; x_wconf 77' lang='lat' dir='ltr'>quique</span> <span class='ocrx_word' id='word_1_219' title='bbox 1709 290 1916 334; x_wconf 82' lang='lat' dir='ltr'>conscribant,</span> <span class='ocrx_word' id='word_1_220' title='bbox 1942 298 2045 324; x_wconf 83' lang='lat' dir='ltr'>tamen</span> <span class='ocrx_word' id='word_1_221' title='bbox 2058 290 2115 332; x_wconf 64' lang='lat' dir='ltr'>fibi</span> 
     </span>
     <span class='ocr_line' id='line_1_39' title="bbox 1226 342 2116 384; baseline 0.002 -9"><span class='ocrx_word' id='word_1_222' title='bbox 1226 354 1327 377; x_wconf 87' lang='lat' dir='ltr'>omnes</span> <span class='ocrx_word' id='word_1_223' title='bbox 1337 343 1435 376; x_wconf 80' lang='lat' dir='ltr'>velex</span> <span class='ocrx_word' id='word_1_224' title='bbox 1447 342 1582 382; x_wconf 52' lang='lat' dir='ltr'>directa,</span> <span class='ocrx_word' id='word_1_225' title='bbox 1607 343 1661 376; x_wconf 87' lang='lat' dir='ltr'>vel</span> <span class='ocrx_word' id='word_1_226' title='bbox 1679 352 1717 376; x_wconf 79' lang='lat' dir='ltr'>ex</span> <span class='ocrx_word' id='word_1_227' title='bbox 1738 342 1858 384; x_wconf 77' lang='lat' dir='ltr'>obliqua</span> <span class='ocrx_word' id='word_1_228' title='bbox 1880 346 2116 377; x_wconf 70' lang='lat' dir='ltr'>concatenatione</span> 
     </span>
     <span class='ocr_line' id='line_1_40' title="bbox 1227 390 2115 437; baseline 0 -11"><span class='ocrx_word' id='word_1_229' title='bbox 1227 397 1462 426; x_wconf 80' lang='lat' dir='ltr'>communicant.</span> <span class='ocrx_word' id='word_1_230' title='bbox 1490 391 1640 433; x_wconf 88' lang='lat' dir='ltr'>Ipsorum</span> <span class='ocrx_word' id='word_1_231' title='bbox 1662 392 1747 426; x_wconf 89' lang='lat' dir='ltr'>alios</span> <span class='ocrx_word' id='word_1_232' title='bbox 1767 390 1972 437; x_wconf 84' lang='lat' dir='ltr'>origenistas</span> <span class='ocrx_word' id='word_1_233' title='bbox 1994 413 2005 430; x_wconf 90' lang='lat'>,</span> <span class='ocrx_word' id='word_1_234' title='bbox 2030 391 2115 426; x_wconf 78' lang='lat' dir='ltr'>alios</span> 
     </span>
     <span class='ocr_line' id='line_1_41' title="bbox 1230 437 2117 486; baseline -0.001 -10"><span class='ocrx_word' id='word_1_235' title='bbox 1230 437 1569 486; x_wconf 84' lang='lat' dir='ltr'>Antropomorphitas</span> <span class='ocrx_word' id='word_1_236' title='bbox 1583 464 1594 479; x_wconf 93' lang='lat'>‚</span> <span class='ocrx_word' id='word_1_237' title='bbox 1620 440 1702 474; x_wconf 87' lang='lat' dir='ltr'>alios</span> <span class='ocrx_word' id='word_1_238' title='bbox 1724 440 1976 485; x_wconf 83' lang='lat' dir='ltr'>Apollinaristas</span> <span class='ocrx_word' id='word_1_239' title='bbox 1993 464 2004 481; x_wconf 96' lang='lat'>,</span> <span class='ocrx_word' id='word_1_240' title='bbox 2030 441 2117 479; x_wconf 71' lang='lat' dir='ltr'>alios</span> 
     </span>
     <span class='ocr_line' id='line_1_42' title="bbox 1228 489 2118 534; baseline 0 -8"><span class='ocrx_word' id='word_1_241' title='bbox 1228 493 1408 526; x_wconf 70' lang='lat' dir='ltr'>asseverant</span> <span class='ocrx_word' id='word_1_242' title='bbox 1419 490 1484 524; x_wconf 80' lang='lat' dir='ltr'>effe</span> <span class='ocrx_word' id='word_1_243' title='bbox 1497 489 1642 524; x_wconf 85' lang='lat' dir='ltr'>Arianos</span> <span class='ocrx_word' id='word_1_244' title='bbox 1652 514 1663 530; x_wconf 93' lang='lat'>,</span> <span class='ocrx_word' id='word_1_245' title='bbox 1688 490 1722 523; x_wconf 89' lang='lat'>&amp;</span> <span class='ocrx_word' id='word_1_246' title='bbox 1734 500 1872 534; x_wconf 86' lang='lat' dir='ltr'>pergunt</span> <span class='ocrx_word' id='word_1_247' title='bbox 1885 505 1896 525; x_wconf 92' lang='lat'>.·</span> <span class='ocrx_word' id='word_1_248' title='bbox 1923 495 2014 525; x_wconf 81' lang='lat' dir='ltr'>Inani</span> <span class='ocrx_word' id='word_1_249' title='bbox 2017 491 2118 532; x_wconf 81' lang='lat' dir='ltr'>studio</span> 
     </span>
     <span class='ocr_line' id='line_1_43' title="bbox 1230 538 2118 584; baseline 0 -10"><span class='ocrx_word' id='word_1_250' title='bbox 1230 540 1472 583; x_wconf 78' lang='lat' dir='ltr'>Philosophorum</span> <span class='ocrx_word' id='word_1_251' title='bbox 1486 564 1496 580; x_wconf 91' lang='lat'>‚</span> <span class='ocrx_word' id='word_1_252' title='bbox 1504 538 1579 583; x_wconf 83' lang='lat' dir='ltr'>solis</span> <span class='ocrx_word' id='word_1_253' title='bbox 1592 538 1843 583; x_wconf 74' lang='lat' dir='ltr'>disputationibus</span> <span class='ocrx_word' id='word_1_254' title='bbox 1855 542 2008 584; x_wconf 83' lang='lat' dir='ltr'>litigantes</span> <span class='ocrx_word' id='word_1_255' title='bbox 2021 567 2031 583; x_wconf 95' lang='lat'>,</span> <span class='ocrx_word' id='word_1_256' title='bbox 2058 553 2118 576; x_wconf 79' lang='lat' dir='ltr'>non</span> 
     </span>
     <span class='ocr_line' id='line_1_44' title="bbox 1229 590 2119 632; baseline 0 -6"><span class='ocrx_word' id='word_1_257' title='bbox 1229 601 1264 626; x_wconf 87' lang='lat' dir='ltr'>ut</span> <span class='ocrx_word' id='word_1_258' title='bbox 1277 591 1439 632; x_wconf 65' lang='lat' dir='ltr'>christiani</span> <span class='ocrx_word' id='word_1_259' title='bbox 1448 601 1486 624; x_wconf 74' lang='lat' dir='ltr'>ex</span> <span class='ocrx_word' id='word_1_260' title='bbox 1497 591 1653 624; x_wconf 81' lang='lat' dir='ltr'>devotione</span> <span class='ocrx_word' id='word_1_261' title='bbox 1671 590 1877 630; x_wconf 72' lang='lat' dir='ltr'>sacramenti,</span> <span class='ocrx_word' id='word_1_262' title='bbox 1902 592 1978 624; x_wconf 85' lang='lat' dir='ltr'>alter</span> <span class='ocrx_word' id='word_1_263' title='bbox 1989 593 2119 626; x_wconf 83' lang='lat' dir='ltr'>alterum</span> 
     </span>
     <span class='ocr_line' id='line_1_45' title="bbox 1229 637 2122 683; baseline 0 -7"><span class='ocrx_word' id='word_1_264' title='bbox 1229 645 1313 676; x_wconf 80' lang='lat' dir='ltr'>velut</span> <span class='ocrx_word' id='word_1_265' title='bbox 1324 646 1448 683; x_wconf 83' lang='lat' dir='ltr'>impium</span> <span class='ocrx_word' id='word_1_266' title='bbox 1460 641 1655 681; x_wconf 81' lang='lat' dir='ltr'>devitantes,</span> <span class='ocrx_word' id='word_1_267' title='bbox 1681 649 1716 673; x_wconf 86' lang='lat' dir='ltr'>ut</span> <span class='ocrx_word' id='word_1_268' title='bbox 1718 642 1789 681; x_wconf 82' lang='lat' dir='ltr'>jam</span> <span class='ocrx_word' id='word_1_269' title='bbox 1802 637 1875 682; x_wconf 83' lang='lat' dir='ltr'>ficut</span> <span class='ocrx_word' id='word_1_270' title='bbox 1896 645 1930 672; x_wconf 89' lang='lat' dir='ltr'>in</span> <span class='ocrx_word' id='word_1_271' title='bbox 1946 638 2051 683; x_wconf 85' lang='lat' dir='ltr'>scholis</span> <span class='ocrx_word' id='word_1_272' title='bbox 2075 648 2122 676; x_wconf 81' lang='lat' dir='ltr'>in·</span> 
     </span>
     <span class='ocr_line' id='line_1_46' title="bbox 1224 690 2122 737; baseline 0 -11"><span class='ocrx_word' id='word_1_273' title='bbox 1224 697 1308 737; x_wconf 75' lang='lat' dir='ltr'>genti</span> <span class='ocrx_word' id='word_1_274' title='bbox 1328 693 1472 725; x_wconf 77' lang='lat' dir='ltr'>videatur</span> <span class='ocrx_word' id='word_1_275' title='bbox 1499 696 1579 726; x_wconf 75' lang='lat' dir='ltr'>inter</span> <span class='ocrx_word' id='word_1_276' title='bbox 1598 702 1645 725; x_wconf 88' lang='lat' dir='ltr'>eos</span> <span class='ocrx_word' id='word_1_277' title='bbox 1670 690 1723 734; x_wconf 85' lang='lat' dir='ltr'>effe</span> <span class='ocrx_word' id='word_1_278' title='bbox 1743 697 1914 730; x_wconf 77' lang='lat' dir='ltr'>certamen,</span> <span class='ocrx_word' id='word_1_279' title='bbox 1941 701 2000 723; x_wconf 87' lang='lat' dir='ltr'>non</span> <span class='ocrx_word' id='word_1_280' title='bbox 2019 699 2122 726; x_wconf 76' lang='lat' dir='ltr'>autem</span> 
     </span>
     <span class='ocr_line' id='line_1_47' title="bbox 1226 739 2121 787; baseline -0.002 -10"><span class='ocrx_word' id='word_1_281' title='bbox 1226 742 1314 787; x_wconf 81' lang='lat' dir='ltr'>saera</span> <span class='ocrx_word' id='word_1_282' title='bbox 1325 739 1452 784; x_wconf 73' lang='lat' dir='ltr'>defensio</span> <span class='ocrx_word' id='word_1_283' title='bbox 1461 753 1545 776; x_wconf 80' lang='lat' dir='ltr'>verae</span> <span class='ocrx_word' id='word_1_284' title='bbox 1566 741 1729 784; x_wconf 74' lang='lat' dir='ltr'>Religionis</span> <span class='ocrx_word' id='word_1_285' title='bbox 1743 765 1754 782; x_wconf 95' lang='lat'><strong>,</strong></span> <span class='ocrx_word' id='word_1_286' title='bbox 1780 741 2016 784; x_wconf 79' lang='lat' dir='ltr'>quandoquidem</span> <span class='ocrx_word' id='word_1_287' title='bbox 2040 746 2121 776; x_wconf 80' lang='lat' dir='ltr'>inter</span> 
     </span>
     <span class='ocr_line' id='line_1_48' title="bbox 1226 789 2124 838; baseline -0.001 -11"><span class='ocrx_word' id='word_1_288' title='bbox 1226 792 1467 838; x_wconf 74' lang='lat' dir='ltr'>sesacramenta</span> <span class='ocrx_word' id='word_1_289' title='bbox 1489 804 1547 826; x_wconf 88' lang='lat' dir='ltr'>non</span> <span class='ocrx_word' id='word_1_290' title='bbox 1563 791 1732 836; x_wconf 65' lang='lat' dir='ltr'>siparum,</span> <span class='ocrx_word' id='word_1_291' title='bbox 1755 792 1822 826; x_wconf 76' lang='lat' dir='ltr'>cum</span> <span class='ocrx_word' id='word_1_292' title='bbox 1848 797 1950 833; x_wconf 84' lang='lat' dir='ltr'>impiis</span> <span class='ocrx_word' id='word_1_293' title='bbox 1963 789 2124 835; x_wconf 77' lang='lat' dir='ltr'>sententiis</span> 
     </span>
     <span class='ocr_line' id='line_1_49' title="bbox 1231 841 2125 887; baseline -0.001 -10"><span class='ocrx_word' id='word_1_294' title='bbox 1231 843 1271 877; x_wconf 82' lang='lat' dir='ltr'>ab</span> <span class='ocrx_word' id='word_1_295' title='bbox 1293 848 1421 876; x_wconf 80' lang='lat' dir='ltr'>invicem</span> <span class='ocrx_word' id='word_1_296' title='bbox 1439 841 1621 887; x_wconf 83' lang='lat' dir='ltr'>separentur</span> <span class='ocrx_word' id='word_1_297' title='bbox 1644 868 1651 875; x_wconf 92' lang='lat'>.</span> <span class='ocrx_word' id='word_1_298' title='bbox 1679 845 1742 875; x_wconf 83' lang='lat' dir='ltr'>Hoc</span> <span class='ocrx_word' id='word_1_299' title='bbox 1763 850 1863 876; x_wconf 88' lang='lat' dir='ltr'>autem</span> <span class='ocrx_word' id='word_1_300' title='bbox 1885 841 1950 874; x_wconf 78' lang='lat' dir='ltr'>ideo</span> <span class='ocrx_word' id='word_1_301' title='bbox 1965 841 2091 883; x_wconf 86' lang='lat' dir='ltr'>faciunt</span> <span class='ocrx_word' id='word_1_302' title='bbox 2111 865 2125 883; x_wconf 87' lang='lat'>‚</span> 
     </span>
     <span class='ocr_line' id='line_1_50' title="bbox 1231 892 2126 938; baseline -0.001 -10"><span class='ocrx_word' id='word_1_303' title='bbox 1231 899 1305 938; x_wconf 78' lang='lat' dir='ltr'>quta</span> <span class='ocrx_word' id='word_1_304' title='bbox 1322 905 1422 929; x_wconf 84' lang='lat' dir='ltr'>eorum</span> <span class='ocrx_word' id='word_1_305' title='bbox 1438 895 1562 936; x_wconf 85' lang='lat' dir='ltr'>quidam</span> <span class='ocrx_word' id='word_1_306' title='bbox 1584 892 1725 927; x_wconf 65' lang='lat' dir='ltr'>bumana</span> <span class='ocrx_word' id='word_1_307' title='bbox 1738 893 1841 936; x_wconf 80' lang='lat' dir='ltr'>gloriae</span> <span class='ocrx_word' id='word_1_308' title='bbox 1865 915 1875 932; x_wconf 91' lang='lat'><strong>,</strong></span> <span class='ocrx_word' id='word_1_309' title='bbox 1902 892 2029 933; x_wconf 86' lang='lat' dir='ltr'>quidam</span> <span class='ocrx_word' id='word_1_310' title='bbox 2049 904 2126 927; x_wconf 79' lang='lat' dir='ltr'>ava-</span> 
     </span>
     <span class='ocr_line' id='line_1_51' title="bbox 1232 941 2126 987; baseline -0.002 -9"><span class='ocrx_word' id='word_1_311' title='bbox 1232 950 1315 981; x_wconf 65' lang='lat' dir='ltr'>ritiae</span> <span class='ocrx_word' id='word_1_312' title='bbox 1333 944 1454 984; x_wconf 79' lang='lat' dir='ltr'>student</span> <span class='ocrx_word' id='word_1_313' title='bbox 1467 970 1478 986; x_wconf 87' lang='lat'>,</span> <span class='ocrx_word' id='word_1_314' title='bbox 1505 946 1540 980; x_wconf 62' lang='lat' dir='ltr'>eb·</span> <span class='ocrx_word' id='word_1_315' title='bbox 1562 944 1634 978; x_wconf 61' lang='lat' dir='ltr'>inde*</span> <span class='ocrx_word' id='word_1_316' title='bbox 1651 943 1691 984; x_wconf 82' lang='lat' dir='ltr'>est</span> <span class='ocrx_word' id='word_1_317' title='bbox 1712 944 1793 987; x_wconf 74' lang='lat' dir='ltr'>quod</span> <span class='ocrx_word' id='word_1_318' title='bbox 1804 941 1860 986; x_wconf 77' lang='lat' dir='ltr'>fibi</span> <span class='ocrx_word' id='word_1_319' title='bbox 1870 947 1998 976; x_wconf 88' lang='lat' dir='ltr'>invicem</span> <span class='ocrx_word' id='word_1_320' title='bbox 2004 941 2061 985; x_wconf 86' lang='lat' dir='ltr'>sub</span> <span class='ocrx_word' id='word_1_321' title='bbox 2070 948 2126 976; x_wconf 88' lang='lat' dir='ltr'>im-</span> 
     </span>
     <span class='ocr_line' id='line_1_52' title="bbox 1229 990 2127 1039; baseline -0.003 -11"><span class='ocrx_word' id='word_1_322' title='bbox 1229 1001 1287 1039; x_wconf 84' lang='lat' dir='ltr'>pia</span> <span class='ocrx_word' id='word_1_323' title='bbox 1313 995 1536 1035; x_wconf 80' lang='lat' dir='ltr'>difflmulatione</span> <span class='ocrx_word' id='word_1_324' title='bbox 1551 994 1722 1032; x_wconf 58' lang='lat' dir='ltr'>ronludunr</span> <span class='ocrx_word' id='word_1_325' title='bbox 1734 1019 1745 1034; x_wconf 96' lang='lat'>,</span> <span class='ocrx_word' id='word_1_326' title='bbox 1770 1003 1804 1029; x_wconf 83' lang='lat' dir='ltr'>ut</span> <span class='ocrx_word' id='word_1_327' title='bbox 1822 990 2052 1035; x_wconf 74' lang='lat' dir='ltr'>necpoffeffiones</span> <span class='ocrx_word' id='word_1_328' title='bbox 2060 1000 2127 1035; x_wconf 66' lang='lat' dir='ltr'>pern</span> 
     </span>
     <span class='ocr_line' id='line_1_53' title="bbox 1233 1042 2129 1087; baseline -0.001 -9"><span class='ocrx_word' id='word_1_329' title='bbox 1233 1046 1312 1079; x_wconf 87' lang='lat' dir='ltr'>dant</span> <span class='ocrx_word' id='word_1_330' title='bbox 1322 1044 1459 1086; x_wconf 81' lang='lat' dir='ltr'>Ecclestae</span> <span class='ocrx_word' id='word_1_331' title='bbox 1477 1070 1488 1086; x_wconf 91' lang='lat'><strong>,</strong></span> <span class='ocrx_word' id='word_1_332' title='bbox 1515 1056 1566 1079; x_wconf 84' lang='lat' dir='ltr'>nec</span> <span class='ocrx_word' id='word_1_333' title='bbox 1579 1044 1719 1078; x_wconf 86' lang='lat' dir='ltr'>honores.</span> <span class='ocrx_word' id='word_1_334' title='bbox 1744 1043 1923 1078; x_wconf 78' lang='lat' dir='ltr'>Ecclesiam</span> <span class='ocrx_word' id='word_1_335' title='bbox 1946 1042 1987 1077; x_wconf 86' lang='lat' dir='ltr'>ab</span> <span class='ocrx_word' id='word_1_336' title='bbox 2009 1043 2129 1087; x_wconf 85' lang='lat' dir='ltr'>ipfisin</span> 
     </span>
     <span class='ocr_line' id='line_1_54' title="bbox 1238 1092 2131 1139; baseline -0.002 -9"><span class='ocrx_word' id='word_1_337' title='bbox 1238 1094 1477 1134; x_wconf 81' lang='lat' dir='ltr'>Academiam,</span> <span class='ocrx_word' id='word_1_338' title='bbox 1502 1096 1536 1129; x_wconf 74' lang='grc' dir='ltr'>δε</span> <span class='ocrx_word' id='word_1_339' title='bbox 1558 1095 1616 1129; x_wconf 92' lang='lat' dir='ltr'>sub</span> <span class='ocrx_word' id='word_1_340' title='bbox 1629 1093 1721 1131; x_wconf 84' lang='lat' dir='ltr'>foedae</span> <span class='ocrx_word' id='word_1_341' title='bbox 1731 1096 1821 1139; x_wconf 87' lang='lat' dir='ltr'>pacis</span> <span class='ocrx_word' id='word_1_342' title='bbox 1843 1094 1980 1128; x_wconf 90' lang='lat' dir='ltr'>nomine</span> <span class='ocrx_word' id='word_1_343' title='bbox 2005 1092 2131 1128; x_wconf 86' lang='lat' dir='ltr'>Catho-</span> 
     </span>
     <span class='ocr_line' id='line_1_55' title="bbox 1236 1143 2131 1189; baseline -0.004 -9"><span class='ocrx_word' id='word_1_344' title='bbox 1236 1147 1333 1181; x_wconf 89' lang='lat' dir='ltr'>licam</span> <span class='ocrx_word' id='word_1_345' title='bbox 1353 1146 1633 1180; x_wconf 86' lang='lat' dir='ltr'>communionem</span> <span class='ocrx_word' id='word_1_346' title='bbox 1653 1155 1900 1189; x_wconf 88' lang='lat' dir='ltr'>conqueruntur</span> <span class='ocrx_word' id='word_1_347' title='bbox 1922 1143 2083 1179; x_wconf 88' lang='lat' dir='ltr'>demutari</span> <span class='ocrx_word' id='word_1_348' title='bbox 2094 1143 2131 1177; x_wconf 85' lang='lat' dir='ltr'>in</span> 
     </span>
     <span class='ocr_line' id='line_1_56' title="bbox 1237 1193 2134 1238; baseline -0.004 -7"><span class='ocrx_word' id='word_1_349' title='bbox 1237 1197 1415 1231; x_wconf 82' lang='lat' dir='ltr'>scabiosam</span> <span class='ocrx_word' id='word_1_350' title='bbox 1450 1195 1680 1230; x_wconf 73' lang='lat' dir='ltr'>confusionem</span> <span class='ocrx_word' id='word_1_351' title='bbox 1707 1218 1718 1235; x_wconf 93' lang='lat'>,</span> <span class='ocrx_word' id='word_1_352' title='bbox 1754 1195 1899 1238; x_wconf 85' lang='lat' dir='ltr'>ideoque</span> <span class='ocrx_word' id='word_1_353' title='bbox 1929 1195 1988 1228; x_wconf 85' lang='lat' dir='ltr'>fibi</span> <span class='ocrx_word' id='word_1_354' title='bbox 2022 1193 2134 1238; x_wconf 73' lang='lat' dir='ltr'>potius</span> 
     </span>
     <span class='ocr_line' id='line_1_57' title="bbox 1237 1244 2134 1290; baseline -0.003 -9"><span class='ocrx_word' id='word_1_355' title='bbox 1237 1259 1314 1281; x_wconf 86' lang='lat' dir='ltr'>cum</span> <span class='ocrx_word' id='word_1_356' title='bbox 1338 1246 1414 1290; x_wconf 73' lang='lat' dir='ltr'>ipsis</span> <span class='ocrx_word' id='word_1_357' title='bbox 1439 1247 1565 1290; x_wconf 89' lang='lat' dir='ltr'>placere</span> <span class='ocrx_word' id='word_1_358' title='bbox 1587 1244 1712 1279; x_wconf 91' lang='lat' dir='ltr'>bellum</span> <span class='ocrx_word' id='word_1_359' title='bbox 1740 1246 1839 1288; x_wconf 75' lang='lat' dir='ltr'>quam</span> <span class='ocrx_word' id='word_1_360' title='bbox 1870 1255 1985 1289; x_wconf 85' lang='lat' dir='ltr'>pacem</span> <span class='ocrx_word' id='word_1_361' title='bbox 2008 1268 2016 1276; x_wconf 88' lang='lat'><strong>.</strong></span> <span class='ocrx_word' id='word_1_362' title='bbox 2055 1244 2134 1278; x_wconf 88' lang='lat' dir='ltr'>Scio</span> 
     </span>
     <span class='ocr_line' id='line_1_58' title="bbox 1236 1294 2135 1332; baseline -0.004 0"><span class='ocrx_word' id='word_1_363' title='bbox 1236 1296 1433 1332; x_wconf 86' lang='lat' dir='ltr'>Faustinum</span> <span class='ocrx_word' id='word_1_364' title='bbox 1460 1296 1497 1330; x_wconf 79' lang='grc' dir='ltr'>δι’</span> <span class='ocrx_word' id='word_1_365' title='bbox 1522 1295 1760 1331; x_wconf 89' lang='lat' dir='ltr'>Marcellinum</span> <span class='ocrx_word' id='word_1_366' title='bbox 1791 1294 1885 1329; x_wconf 75' lang='lat' dir='ltr'>fuisse</span> <span class='ocrx_word' id='word_1_367' title='bbox 1911 1294 2135 1329; x_wconf 83' lang='lat' dir='ltr'>calumniosos</span> 
     </span>
     <span class='ocr_line' id='line_1_59' title="bbox 1239 1345 2137 1389; baseline -0.004 -8"><span class='ocrx_word' id='word_1_368' title='bbox 1239 1347 1486 1381; x_wconf 88' lang='lat' dir='ltr'>Luciferianos:</span> <span class='ocrx_word' id='word_1_369' title='bbox 1513 1346 1663 1389; x_wconf 89' lang='lat' dir='ltr'>Ipsorum</span> <span class='ocrx_word' id='word_1_370' title='bbox 1674 1356 1787 1380; x_wconf 88' lang='lat' dir='ltr'>tamen</span> <span class='ocrx_word' id='word_1_371' title='bbox 1800 1345 1949 1389; x_wconf 86' lang='lat' dir='ltr'>quaedam</span> <span class='ocrx_word' id='word_1_372' title='bbox 1971 1346 2137 1389; x_wconf 88' lang='lat' dir='ltr'>querirno-</span> 
     </span>
     <span class='ocr_line' id='line_1_60' title="bbox 1238 1393 2136 1440; baseline -0.001 -10"><span class='ocrx_word' id='word_1_373' title='bbox 1238 1397 1297 1430; x_wconf 80' lang='lat' dir='ltr'>niae</span> <span class='ocrx_word' id='word_1_374' title='bbox 1318 1406 1387 1429; x_wconf 86' lang='lat' dir='ltr'>non</span> <span class='ocrx_word' id='word_1_375' title='bbox 1410 1404 1588 1429; x_wconf 88' lang='lat' dir='ltr'>caruerunt</span> <span class='ocrx_word' id='word_1_376' title='bbox 1613 1394 1853 1428; x_wconf 86' lang='lat' dir='ltr'>fundamento.</span> <span class='ocrx_word' id='word_1_377' title='bbox 1880 1393 2055 1440; x_wconf 69' lang='lat' dir='ltr'>quuld</span> <span class='ocrx_word' id='word_1_378' title='bbox 2070 1395 2110 1429; x_wconf 86' lang='lat' dir='ltr'>fit</span> <span class='ocrx_word' id='word_1_379' title='bbox 2123 1417 2136 1433; x_wconf 86' lang='lat'>‚</span> 
     </span>
    </p>
   </div>
   <div class='ocr_carea' id='block_1_12' title="bbox 1237 1443 2315 1539">
    <p class='ocr_par' dir='ltr' id='par_1_12' title="bbox 1237 1443 2315 1539">
     <span class='ocr_line' id='line_1_61' title="bbox 1239 1443 2137 1488; baseline 0 -9"><span class='ocrx_word' id='word_1_380' title='bbox 1239 1444 1325 1479; x_wconf 87' lang='lat' dir='ltr'>istud</span> <span class='ocrx_word' id='word_1_381' title='bbox 1353 1445 1460 1488; x_wconf 87' lang='lat' dir='ltr'>ipsum</span> <span class='ocrx_word' id='word_1_382' title='bbox 1487 1444 1616 1477; x_wconf 88' lang='lat' dir='ltr'>facinus</span> <span class='ocrx_word' id='word_1_383' title='bbox 1627 1444 1765 1478; x_wconf 64' lang='lat' dir='ltr'>fastioni</span> <span class='ocrx_word' id='word_1_384' title='bbox 1781 1443 2137 1479; x_wconf 83' lang='lat' dir='ltr'>Eusebianae&amp;omni-</span> 
     </span>
     <span class='ocr_line' id='line_1_62' title="bbox 1237 1488 2315 1539; baseline 0.004 -14"><span class='ocrx_word' id='word_1_385' title='bbox 1237 1494 1297 1525; x_wconf 88' lang='lat' dir='ltr'>bus</span> <span class='ocrx_word' id='word_1_386' title='bbox 1320 1492 1456 1526; x_wconf 86' lang='lat' dir='ltr'>Arianis</span> <span class='ocrx_word' id='word_1_387' title='bbox 1477 1490 1631 1524; x_wconf 83' lang='lat' dir='ltr'>adscribit</span> <span class='ocrx_word' id='word_1_388' title='bbox 1654 1493 1688 1524; x_wconf 90' lang='lat' dir='ltr'>in</span> <span class='ocrx_word' id='word_1_389' title='bbox 1714 1492 1867 1534; x_wconf 85' lang='lat' dir='ltr'>Epistola</span> <span class='ocrx_word' id='word_1_390' title='bbox 1888 1494 1930 1526; x_wconf 86' lang='lat' dir='ltr'>ad</span> <span class='ocrx_word' id='word_1_391' title='bbox 1963 1493 2138 1539; x_wconf 86' lang='lat' dir='ltr'>Patrophi·</span> <span class='ocrx_word' id='word_1_392' title='bbox 2158 1488 2243 1531; x_wconf 67' lang='lat' dir='ltr'>Epist·</span> <span class='ocrx_word' id='word_1_393' title='bbox 2259 1493 2315 1519; x_wconf 73' lang='lat'>3²¹·</span> 
     </span>
    </p>
   </div>
   <div class='ocr_carea' id='block_1_13' title="bbox 1234 1538 2140 1638">
    <p class='ocr_par' dir='ltr' id='par_1_13' title="bbox 1234 1538 2140 1638">
     <span class='ocr_line' id='line_1_63' title="bbox 1236 1538 2140 1588; baseline 0.006 -14"><span class='ocrx_word' id='word_1_394' title='bbox 1236 1541 1328 1583; x_wconf 89' lang='lat' dir='ltr'>lum,</span> <span class='ocrx_word' id='word_1_395' title='bbox 1355 1538 1433 1574; x_wconf 88' lang='lat' dir='ltr'>&amp;in</span> <span class='ocrx_word' id='word_1_396' title='bbox 1447 1538 1597 1583; x_wconf 77' lang='lat' dir='ltr'>Epistola</span> <span class='ocrx_word' id='word_1_397' title='bbox 1622 1539 1664 1573; x_wconf 86' lang='lat' dir='ltr'>ad</span> <span class='ocrx_word' id='word_1_398' title='bbox 1687 1539 1857 1575; x_wconf 87' lang='lat' dir='ltr'>Evasenos</span> <span class='ocrx_word' id='word_1_399' title='bbox 1879 1541 2027 1588; x_wconf 83' lang='lat' dir='ltr'>Magnus</span> <span class='ocrx_word' id='word_1_400' title='bbox 2051 1545 2140 1579; x_wconf 79' lang='lat' dir='ltr'>Bast-</span> 
     </span>
     <span class='ocr_line' id='line_1_64' title="bbox 1234 1589 2138 1638; baseline 0.004 -13"><span class='ocrx_word' id='word_1_401' title='bbox 1234 1591 1298 1625; x_wconf 88' lang='lat' dir='ltr'>lius</span> <span class='ocrx_word' id='word_1_402' title='bbox 1313 1616 1321 1623; x_wconf 83' lang='lat'>.</span> <span class='ocrx_word' id='word_1_403' title='bbox 1347 1594 1432 1624; x_wconf 86' lang='lat' dir='ltr'>Unus</span> <span class='ocrx_word' id='word_1_404' title='bbox 1445 1614 1456 1630; x_wconf 89' lang='lat'><em>‚</em></span> <span class='ocrx_word' id='word_1_405' title='bbox 1484 1590 1596 1634; x_wconf 89' lang='lat' dir='ltr'>inquit</span> <span class='ocrx_word' id='word_1_406' title='bbox 1608 1614 1620 1631; x_wconf 91' lang='lat'>,</span> <span class='ocrx_word' id='word_1_407' title='bbox 1645 1590 1763 1625; x_wconf 82' lang='lat' dir='ltr'>illorum</span> <span class='ocrx_word' id='word_1_408' title='bbox 1778 1589 1885 1634; x_wconf 73' lang='lat' dir='ltr'>fiopus</span> <span class='ocrx_word' id='word_1_409' title='bbox 1898 1592 1937 1634; x_wconf 80' lang='lat' dir='ltr'>est</span> <span class='ocrx_word' id='word_1_410' title='bbox 1949 1593 2059 1637; x_wconf 79' lang='lat' dir='ltr'>ubique</span> <span class='ocrx_word' id='word_1_411' title='bbox 2069 1607 2138 1638; x_wconf 80' lang='lat' dir='ltr'>quae</span> 
     </span>
    </p>
   </div>
   <div class='ocr_carea' id='block_1_14' title="bbox 270 1639 2140 1689">
    <p class='ocr_par' dir='ltr' id='par_1_14' title="bbox 270 1639 2140 1689">
     <span class='ocr_line' id='line_1_65' title="bbox 270 1639 2140 1689; baseline -0.002 -9"><span class='ocrx_word' id='word_1_412' title='bbox 270 1645 519 1681; x_wconf 86' lang='lat' dir='ltr'>communicare</span> <span class='ocrx_word' id='word_1_413' title='bbox 545 1646 578 1679; x_wconf 90' lang='lat' dir='ltr'>se</span> <span class='ocrx_word' id='word_1_414' title='bbox 605 1643 792 1689; x_wconf 87' lang='lat' dir='ltr'>fingerent,</span> <span class='ocrx_word' id='word_1_415' title='bbox 819 1643 854 1677; x_wconf 84' lang='lat'>&amp;</span> <span class='ocrx_word' id='word_1_416' title='bbox 880 1653 957 1677; x_wconf 88' lang='lat' dir='ltr'>cum</span> <span class='ocrx_word' id='word_1_417' title='bbox 983 1641 1059 1685; x_wconf 82' lang='lat' dir='ltr'>ipfis</span> <span class='ocrx_word' id='word_1_418' title='bbox 1072 1641 1172 1675; x_wconf 87' lang='lat' dir='ltr'>etiam</span> <span class='ocrx_word' id='word_1_419' title='bbox 1230 1639 1290 1685; x_wconf 83' lang='lat' dir='ltr'>sua</span> <span class='ocrx_word' id='word_1_420' title='bbox 1310 1640 1388 1685; x_wconf 88' lang='lat' dir='ltr'>sunt</span> <span class='ocrx_word' id='word_1_421' title='bbox 1408 1652 1563 1684; x_wconf 58' lang='lat' dir='ltr'>quaerere,</span> <span class='ocrx_word' id='word_1_422' title='bbox 1588 1642 1623 1676; x_wconf 66' lang='lat'>&amp;⁵</span> <span class='ocrx_word' id='word_1_423' title='bbox 1640 1650 1700 1684; x_wconf 85' lang='lat' dir='ltr'>pro</span> <span class='ocrx_word' id='word_1_424' title='bbox 1711 1647 1805 1675; x_wconf 86' lang='lat' dir='ltr'>amico</span> <span class='ocrx_word' id='word_1_425' title='bbox 1815 1641 1944 1684; x_wconf 82' lang='lat' dir='ltr'>habere,</span> <span class='ocrx_word' id='word_1_426' title='bbox 1963 1643 1995 1686; x_wconf 83' lang='lat' dir='ltr'><em>fi</em></span> <span class='ocrx_word' id='word_1_427' title='bbox 2015 1647 2140 1688; x_wconf 71' lang='lat' dir='ltr'>qunde-</span> 
     </span>
    </p>
   </div>
   <div class='ocr_carea' id='block_1_15' title="bbox 270 1693 1176 1941">
    <p class='ocr_par' dir='ltr' id='par_1_15' title="bbox 270 1693 1176 1941">
     <span class='ocr_line' id='line_1_66' title="bbox 271 1693 1175 1734; baseline -0.006 -3"><span class='ocrx_word' id='word_1_428' title='bbox 271 1695 463 1731; x_wconf 87' lang='lat' dir='ltr'>Gentilibus</span> <span class='ocrx_word' id='word_1_429' title='bbox 490 1696 522 1729; x_wconf 88' lang='lat' dir='ltr'>se</span> <span class='ocrx_word' id='word_1_430' title='bbox 548 1696 767 1728; x_wconf 87' lang='lat' dir='ltr'>mentirentur</span> <span class='ocrx_word' id='word_1_431' title='bbox 806 1693 961 1727; x_wconf 85' lang='lat' dir='ltr'>Gentiles</span> <span class='ocrx_word' id='word_1_432' title='bbox 985 1718 997 1734; x_wconf 87' lang='lat'>‚</span> <span class='ocrx_word' id='word_1_433' title='bbox 1036 1694 1175 1727; x_wconf 86' lang='lat' dir='ltr'>affirmat</span> 
     </span>
     <span class='ocr_line' id='line_1_67' title="bbox 270 1742 1172 1787; baseline -0.006 -6"><span class='ocrx_word' id='word_1_434' title='bbox 270 1747 372 1781; x_wconf 86' lang='lat' dir='ltr'>etiam</span> <span class='ocrx_word' id='word_1_435' title='bbox 410 1746 543 1780; x_wconf 69' lang='lat' dir='ltr'>Sanstus</span> <span class='ocrx_word' id='word_1_436' title='bbox 581 1746 719 1779; x_wconf 83' lang='lat' dir='ltr'>lrenaeus</span> <span class='ocrx_word' id='word_1_437' title='bbox 741 1769 748 1777; x_wconf 93' lang='lat'><em>.</em></span> <span class='ocrx_word' id='word_1_438' title='bbox 800 1742 952 1778; x_wconf 88' lang='lat' dir='ltr'>Eandem</span> <span class='ocrx_word' id='word_1_439' title='bbox 990 1743 1172 1787; x_wconf 88' lang='lat' dir='ltr'>nequitiam</span> 
     </span>
     <span class='ocr_line' id='line_1_68' title="bbox 273 1791 1176 1840; baseline -0.004 -9"><span class='ocrx_word' id='word_1_440' title='bbox 273 1795 417 1832; x_wconf 76' lang='lat' dir='ltr'>omnino</span> <span class='ocrx_word' id='word_1_441' title='bbox 452 1796 623 1840; x_wconf 86' lang='lat' dir='ltr'>amplexus</span> <span class='ocrx_word' id='word_1_442' title='bbox 664 1796 729 1829; x_wconf 86' lang='lat' dir='ltr'>fuit</span> <span class='ocrx_word' id='word_1_443' title='bbox 767 1793 865 1828; x_wconf 87' lang='lat' dir='ltr'>etiam</span> <span class='ocrx_word' id='word_1_444' title='bbox 906 1791 1112 1827; x_wconf 85' lang='lat' dir='ltr'>Manichaeus</span> <span class='ocrx_word' id='word_1_445' title='bbox 1138 1805 1176 1828; x_wconf 86' lang='lat' dir='ltr'>ac</span> 
     </span>
     <span class='ocr_line' id='line_1_69' title="bbox 274 1842 1169 1883; baseline -0.004 -2"><span class='ocrx_word' id='word_1_446' title='bbox 274 1845 501 1881; x_wconf 83' lang='lat' dir='ltr'>Priscillianus</span> <span class='ocrx_word' id='word_1_447' title='bbox 515 1870 520 1877; x_wconf 93' lang='lat'><em>.</em></span> <span class='ocrx_word' id='word_1_448' title='bbox 551 1845 663 1880; x_wconf 89' lang='lat' dir='ltr'>Solam</span> <span class='ocrx_word' id='word_1_449' title='bbox 689 1845 789 1880; x_wconf 85' lang='lat' dir='ltr'>fidem</span> <span class='ocrx_word' id='word_1_450' title='bbox 801 1845 946 1879; x_wconf 88' lang='lat' dir='ltr'>sufficere</span> <span class='ocrx_word' id='word_1_451' title='bbox 960 1842 1001 1877; x_wconf 84' lang='lat' dir='ltr'>ad</span> <span class='ocrx_word' id='word_1_452' title='bbox 1015 1844 1169 1883; x_wconf 87' lang='lat' dir='ltr'>salutem,</span> 
     </span>
     <span class='ocr_line' id='line_1_70' title="bbox 275 1893 1175 1941; baseline -0.003 -10"><span class='ocrx_word' id='word_1_453' title='bbox 275 1896 405 1931; x_wconf 88' lang='lat' dir='ltr'>nullum</span> <span class='ocrx_word' id='word_1_454' title='bbox 426 1895 543 1941; x_wconf 89' lang='lat' dir='ltr'>requiri</span> <span class='ocrx_word' id='word_1_455' title='bbox 567 1907 648 1939; x_wconf 87' lang='lat' dir='ltr'>opus</span> <span class='ocrx_word' id='word_1_456' title='bbox 660 1895 809 1936; x_wconf 88' lang='lat' dir='ltr'>bonum,</span> <span class='ocrx_word' id='word_1_457' title='bbox 837 1894 968 1928; x_wconf 89' lang='lat' dir='ltr'>nullum</span> <span class='ocrx_word' id='word_1_458' title='bbox 980 1893 1106 1929; x_wconf 86' lang='lat' dir='ltr'>facinus</span> <span class='ocrx_word' id='word_1_459' title='bbox 1118 1904 1175 1928; x_wconf 89' lang='lat' dir='ltr'>aut</span> 
     </span>
    </p>
   </div>
   <div class='ocr_carea' id='block_1_16' title="bbox 276 1945 1203 1991">
    <p class='ocr_par' dir='ltr' id='par_1_16' title="bbox 276 1945 1203 1991">
     <span class='ocr_line' id='line_1_71' title="bbox 276 1945 1203 1991; baseline 0.001 -11"><span class='ocrx_word' id='word_1_460' title='bbox 276 1947 443 1991; x_wconf 82' lang='lat' dir='ltr'>flagitium</span> <span class='ocrx_word' id='word_1_461' title='bbox 467 1972 478 1988; x_wconf 91' lang='lat'>,</span> <span class='ocrx_word' id='word_1_462' title='bbox 520 1946 662 1988; x_wconf 83' lang='lat' dir='ltr'>ideoque</span> <span class='ocrx_word' id='word_1_463' title='bbox 693 1947 727 1980; x_wconf 89' lang='lat'>&amp;</span> <span class='ocrx_word' id='word_1_464' title='bbox 750 1945 878 1980; x_wconf 85' lang='lat' dir='ltr'>nullam</span> <span class='ocrx_word' id='word_1_465' title='bbox 899 1946 1174 1979; x_wconf 88' lang='lat' dir='ltr'>communionem</span> <span class='ocrx_word' id='word_1_466' title='bbox 1200 1978 1203 1981; x_wconf 79' lang='grc'>,</span> 
     </span>
    </p>
   </div>
   <div class='ocr_carea' id='block_1_17' title="bbox 275 1994 1189 3289">
    <p class='ocr_par' dir='ltr' id='par_1_17' title="bbox 275 1994 1189 3289">
     <span class='ocr_line' id='line_1_72' title="bbox 275 1994 1176 2040; baseline -0.003 -9"><span class='ocrx_word' id='word_1_467' title='bbox 275 1997 384 2031; x_wconf 79' lang='lat' dir='ltr'>obeffe</span> <span class='ocrx_word' id='word_1_468' title='bbox 408 1995 523 2031; x_wconf 89' lang='lat' dir='ltr'>docuit</span> <span class='ocrx_word' id='word_1_469' title='bbox 550 2007 628 2030; x_wconf 88' lang='lat' dir='ltr'>cum</span> <span class='ocrx_word' id='word_1_470' title='bbox 655 1996 811 2031; x_wconf 85' lang='lat' dir='ltr'>omnibus</span> <span class='ocrx_word' id='word_1_471' title='bbox 833 2007 877 2030; x_wconf 82' lang='lat' dir='ltr'>ex</span> <span class='ocrx_word' id='word_1_472' title='bbox 898 1996 971 2040; x_wconf 88' lang='lat' dir='ltr'>ipso</span> <span class='ocrx_word' id='word_1_473' title='bbox 992 1994 1077 2030; x_wconf 87' lang='lat' dir='ltr'>natis</span> <span class='ocrx_word' id='word_1_474' title='bbox 1103 1995 1176 2029; x_wconf 88' lang='lat' dir='ltr'>fun-</span> 
     </span>
     <span class='ocr_line' id='line_1_73' title="bbox 275 2044 1177 2092; baseline -0.003 -11"><span class='ocrx_word' id='word_1_475' title='bbox 275 2047 329 2092; x_wconf 86' lang='lat' dir='ltr'>gis</span> <span class='ocrx_word' id='word_1_476' title='bbox 354 2058 392 2082; x_wconf 88' lang='lat' dir='ltr'>ac</span> <span class='ocrx_word' id='word_1_477' title='bbox 416 2045 582 2082; x_wconf 88' lang='lat' dir='ltr'>vermibus</span> <span class='ocrx_word' id='word_1_478' title='bbox 605 2046 724 2081; x_wconf 90' lang='lat' dir='ltr'>Simon</span> <span class='ocrx_word' id='word_1_479' title='bbox 750 2046 872 2091; x_wconf 86' lang='lat' dir='ltr'>Magus</span> <span class='ocrx_word' id='word_1_480' title='bbox 890 2070 898 2078; x_wconf 94' lang='lat'>.</span> <span class='ocrx_word' id='word_1_481' title='bbox 941 2046 985 2080; x_wconf 84' lang='lat' dir='ltr'>Et</span> <span class='ocrx_word' id='word_1_482' title='bbox 1022 2044 1177 2081; x_wconf 73' lang='lat' dir='ltr'>adversus</span> 
     </span>
     <span class='ocr_line' id='line_1_74' title="bbox 281 2095 1177 2141; baseline -0.001 -10"><span class='ocrx_word' id='word_1_483' title='bbox 281 2096 367 2131; x_wconf 87' lang='lat' dir='ltr'>hanc</span> <span class='ocrx_word' id='word_1_484' title='bbox 393 2096 542 2132; x_wconf 83' lang='lat' dir='ltr'>humanae</span> <span class='ocrx_word' id='word_1_485' title='bbox 556 2097 631 2131; x_wconf 83' lang='lat' dir='ltr'>vitae</span> <span class='ocrx_word' id='word_1_486' title='bbox 653 2096 774 2141; x_wconf 78' lang='lat' dir='ltr'>pestem</span> <span class='ocrx_word' id='word_1_487' title='bbox 796 2097 931 2131; x_wconf 73' lang='lat' dir='ltr'>sanetus</span> <span class='ocrx_word' id='word_1_488' title='bbox 963 2095 1106 2140; x_wconf 88' lang='lat' dir='ltr'>Jacobus</span> <span class='ocrx_word' id='word_1_489' title='bbox 1133 2096 1177 2129; x_wconf 87' lang='lat' dir='ltr'>A·</span> 
     </span>
     <span class='ocr_line' id='line_1_75' title="bbox 276 2145 1180 2192; baseline -0.004 -10"><span class='ocrx_word' id='word_1_490' title='bbox 276 2146 425 2191; x_wconf 84' lang='lat' dir='ltr'>postolus</span> <span class='ocrx_word' id='word_1_491' title='bbox 451 2147 574 2191; x_wconf 78' lang='lat' dir='ltr'>scripsit</span> <span class='ocrx_word' id='word_1_492' title='bbox 601 2148 692 2182; x_wconf 88' lang='lat' dir='ltr'>suam</span> <span class='ocrx_word' id='word_1_493' title='bbox 717 2146 918 2190; x_wconf 85' lang='lat' dir='ltr'>Epistolam.</span> <span class='ocrx_word' id='word_1_494' title='bbox 944 2147 1017 2192; x_wconf 86' lang='lat' dir='ltr'>Qi</span> <span class='ocrx_word' id='word_1_495' title='bbox 1036 2145 1180 2188; x_wconf 85' lang='lat' dir='ltr'>postmo-</span> 
     </span>
     <span class='ocr_line' id='line_1_76' title="bbox 277 2193 1179 2239; baseline -0.006 -9"><span class='ocrx_word' id='word_1_496' title='bbox 277 2195 358 2230; x_wconf 86' lang='lat' dir='ltr'>dum</span> <span class='ocrx_word' id='word_1_497' title='bbox 380 2208 436 2239; x_wconf 87' lang='lat' dir='ltr'>per</span> <span class='ocrx_word' id='word_1_498' title='bbox 459 2197 596 2230; x_wconf 80' lang='lat' dir='ltr'>AEtium</span> <span class='ocrx_word' id='word_1_499' title='bbox 623 2208 662 2230; x_wconf 81' lang='lat' dir='ltr'>ac</span> <span class='ocrx_word' id='word_1_500' title='bbox 687 2197 896 2229; x_wconf 86' lang='lat' dir='ltr'>Eunomium</span> <span class='ocrx_word' id='word_1_501' title='bbox 916 2195 1120 2236; x_wconf 83' lang='lat' dir='ltr'>resumptus,</span> <span class='ocrx_word' id='word_1_502' title='bbox 1145 2193 1179 2226; x_wconf 89' lang='lat'>&amp;</span> 
     </span>
     <span class='ocr_line' id='line_1_77' title="bbox 278 2243 1177 2287; baseline -0.002 -10"><span class='ocrx_word' id='word_1_503' title='bbox 278 2256 333 2287; x_wconf 84' lang='lat' dir='ltr'>per</span> <span class='ocrx_word' id='word_1_504' title='bbox 359 2245 449 2278; x_wconf 80' lang='lat' dir='ltr'>istius</span> <span class='ocrx_word' id='word_1_505' title='bbox 475 2245 581 2278; x_wconf 85' lang='lat' dir='ltr'>saeculi</span> <span class='ocrx_word' id='word_1_506' title='bbox 595 2243 707 2278; x_wconf 86' lang='lat' dir='ltr'>Patres</span> <span class='ocrx_word' id='word_1_507' title='bbox 720 2243 754 2277; x_wconf 89' lang='lat' dir='ltr'>in</span> <span class='ocrx_word' id='word_1_508' title='bbox 771 2243 903 2278; x_wconf 90' lang='lat' dir='ltr'>inferno</span> <span class='ocrx_word' id='word_1_509' title='bbox 917 2243 1058 2285; x_wconf 85' lang='lat' dir='ltr'>sepultus</span> <span class='ocrx_word' id='word_1_510' title='bbox 1069 2254 1177 2282; x_wconf 87' lang='lat' dir='ltr'>error,</span> 
     </span>
     <span class='ocr_line' id='line_1_78' title="bbox 277 2289 1177 2336; baseline -0.004 -8"><span class='ocrx_word' id='word_1_511' title='bbox 277 2293 392 2328; x_wconf 88' lang='lat' dir='ltr'>nostro</span> <span class='ocrx_word' id='word_1_512' title='bbox 414 2302 562 2336; x_wconf 87' lang='lat' dir='ltr'>tempore</span> <span class='ocrx_word' id='word_1_513' title='bbox 596 2304 652 2336; x_wconf 86' lang='lat' dir='ltr'>per</span> <span class='ocrx_word' id='word_1_514' title='bbox 691 2293 880 2326; x_wconf 68' lang='lat' dir='ltr'>Matrinum</span> <span class='ocrx_word' id='word_1_515' title='bbox 917 2289 1101 2325; x_wconf 86' lang='lat' dir='ltr'>Lutherum</span> <span class='ocrx_word' id='word_1_516' title='bbox 1138 2302 1177 2324; x_wconf 87' lang='lat' dir='ltr'>ac</span> 
     </span>
     <span class='ocr_line' id='line_1_79' title="bbox 279 2340 1176 2388; baseline -0.003 -11"><span class='ocrx_word' id='word_1_517' title='bbox 279 2344 443 2388; x_wconf 70' lang='lat' dir='ltr'>joannem</span> <span class='ocrx_word' id='word_1_518' title='bbox 470 2341 651 2376; x_wconf 87' lang='lat' dir='ltr'>Calvinum</span> <span class='ocrx_word' id='word_1_519' title='bbox 677 2341 724 2375; x_wconf 86' lang='lat' dir='ltr'>est</span> <span class='ocrx_word' id='word_1_520' title='bbox 753 2340 903 2374; x_wconf 68' lang='lat' dir='ltr'>reductus</span> <span class='ocrx_word' id='word_1_521' title='bbox 931 2341 965 2374; x_wconf 88' lang='lat' dir='ltr'>in</span> <span class='ocrx_word' id='word_1_522' title='bbox 992 2340 1176 2375; x_wconf 90' lang='lat' dir='ltr'>mundum.</span> 
     </span>
     <span class='ocr_line' id='line_1_80' title="bbox 277 2389 1178 2435; baseline -0.003 -8"><span class='ocrx_word' id='word_1_523' title='bbox 277 2393 390 2427; x_wconf 87' lang='lat' dir='ltr'>Etiam</span> <span class='ocrx_word' id='word_1_524' title='bbox 401 2392 442 2427; x_wconf 90' lang='lat' dir='ltr'>de</span> <span class='ocrx_word' id='word_1_525' title='bbox 471 2393 583 2426; x_wconf 89' lang='lat' dir='ltr'>nescio</span> <span class='ocrx_word' id='word_1_526' title='bbox 610 2401 678 2435; x_wconf 88' lang='lat' dir='ltr'>quo</span> <span class='ocrx_word' id='word_1_527' title='bbox 707 2389 876 2425; x_wconf 89' lang='lat' dir='ltr'>Rhetorio</span> <span class='ocrx_word' id='word_1_528' title='bbox 901 2389 1015 2425; x_wconf 86' lang='lat' dir='ltr'>scribit</span> <span class='ocrx_word' id='word_1_529' title='bbox 1042 2392 1178 2425; x_wconf 65' lang='lat' dir='ltr'>Sandius</span> 
     </span>
     <span class='ocr_line' id='line_1_81' title="bbox 276 2440 1180 2484; baseline -0.003 -8"><span class='ocrx_word' id='word_1_530' title='bbox 276 2441 492 2477; x_wconf 77' lang='lat' dir='ltr'>philastrius:</span> <span class='ocrx_word' id='word_1_531' title='bbox 520 2441 681 2475; x_wconf 82' lang='lat' dir='ltr'>Rhetorius</span> <span class='ocrx_word' id='word_1_532' title='bbox 706 2452 806 2475; x_wconf 85' lang='lat' dir='ltr'>omnes</span> <span class='ocrx_word' id='word_1_533' title='bbox 832 2441 942 2474; x_wconf 84' lang='lat' dir='ltr'>laudat</span> <span class='ocrx_word' id='word_1_534' title='bbox 953 2440 1081 2484; x_wconf 62' lang='lat' dir='ltr'>haerefi&#39;s</span> <span class='ocrx_word' id='word_1_535' title='bbox 1097 2465 1108 2482; x_wconf 89' lang='lat'><strong>,</strong></span> <span class='ocrx_word' id='word_1_536' title='bbox 1134 2442 1180 2473; x_wconf 87' lang='lat' dir='ltr'>di-</span> 
     </span>
     <span class='ocr_line' id='line_1_82' title="bbox 277 2489 1176 2535; baseline -0.001 -8"><span class='ocrx_word' id='word_1_537' title='bbox 277 2503 347 2527; x_wconf 86' lang='lat' dir='ltr'>cens</span> <span class='ocrx_word' id='word_1_538' title='bbox 373 2503 473 2525; x_wconf 85' lang='lat' dir='ltr'>omnes</span> <span class='ocrx_word' id='word_1_539' title='bbox 500 2491 573 2525; x_wconf 59' lang='lat' dir='ltr'>bene*</span> <span class='ocrx_word' id='word_1_540' title='bbox 592 2489 706 2535; x_wconf 85' lang='lat' dir='ltr'>sentire</span> <span class='ocrx_word' id='word_1_541' title='bbox 731 2515 742 2531; x_wconf 93' lang='lat'>‚</span> <span class='ocrx_word' id='word_1_542' title='bbox 770 2493 804 2525; x_wconf 63' lang='lat' dir='ltr'>i&amp;</span> <span class='ocrx_word' id='word_1_543' title='bbox 829 2498 978 2525; x_wconf 76' lang='lat' dir='ltr'>neminem</span> <span class='ocrx_word' id='word_1_544' title='bbox 1006 2502 1111 2524; x_wconf 82' lang='lat' dir='ltr'>errare</span> <span class='ocrx_word' id='word_1_545' title='bbox 1136 2503 1176 2526; x_wconf 84' lang='lat' dir='ltr'>ex</span> 
     </span>
     <span class='ocr_line' id='line_1_83' title="bbox 277 2541 1176 2585; baseline -0.002 -9"><span class='ocrx_word' id='word_1_546' title='bbox 277 2550 344 2584; x_wconf 80' lang='lat' dir='ltr'>eis,</span> <span class='ocrx_word' id='word_1_547' title='bbox 367 2541 424 2585; x_wconf 87' lang='lat' dir='ltr'>sed</span> <span class='ocrx_word' id='word_1_548' title='bbox 443 2541 598 2575; x_wconf 81' lang='lat' dir='ltr'>ambulare</span> <span class='ocrx_word' id='word_1_549' title='bbox 622 2541 698 2574; x_wconf 68' lang='lat' dir='ltr'>bene</span> <span class='ocrx_word' id='word_1_550' title='bbox 721 2551 821 2574; x_wconf 84' lang='lat' dir='ltr'>omnes</span> <span class='ocrx_word' id='word_1_551' title='bbox 845 2542 910 2574; x_wconf 78' lang='lat' dir='ltr'>illos</span> <span class='ocrx_word' id='word_1_552' title='bbox 925 2563 935 2580; x_wconf 91' lang='lat'><strong>,</strong></span> <span class='ocrx_word' id='word_1_553' title='bbox 961 2542 996 2575; x_wconf 66' lang='lat'>(5</span> <span class='ocrx_word' id='word_1_554' title='bbox 1024 2541 1107 2575; x_wconf 62' lang='lat' dir='ltr'>male*</span> <span class='ocrx_word' id='word_1_555' title='bbox 1128 2553 1176 2575; x_wconf 87' lang='lat' dir='ltr'>eos</span> 
     </span>
     <span class='ocr_line' id='line_1_84' title="bbox 278 2590 1177 2634; baseline 0 -8"><span class='ocrx_word' id='word_1_556' title='bbox 278 2604 337 2626; x_wconf 87' lang='lat' dir='ltr'>non</span> <span class='ocrx_word' id='word_1_557' title='bbox 359 2593 491 2626; x_wconf 84' lang='lat' dir='ltr'>credere.</span> <span class='ocrx_word' id='word_1_558' title='bbox 519 2591 565 2625; x_wconf 90' lang='lat' dir='ltr'>Et</span> <span class='ocrx_word' id='word_1_559' title='bbox 582 2591 623 2626; x_wconf 86' lang='lat' dir='ltr'>de</span> <span class='ocrx_word' id='word_1_560' title='bbox 647 2591 837 2625; x_wconf 84' lang='lat' dir='ltr'>Donatistis</span> <span class='ocrx_word' id='word_1_561' title='bbox 849 2590 889 2625; x_wconf 88' lang='lat' dir='ltr'>ad</span> <span class='ocrx_word' id='word_1_562' title='bbox 905 2591 1046 2634; x_wconf 90' lang='lat' dir='ltr'>ipsorum</span> <span class='ocrx_word' id='word_1_563' title='bbox 1060 2592 1092 2624; x_wconf 89' lang='lat' dir='ltr'>in</span> <span class='ocrx_word' id='word_1_564' title='bbox 1107 2591 1177 2626; x_wconf 90' lang='lat' dir='ltr'>Ro-</span> 
     </span>
     <span class='ocr_line' id='line_1_85' title="bbox 279 2641 1176 2689; baseline -0.002 -12"><span class='ocrx_word' id='word_1_565' title='bbox 279 2643 350 2689; x_wconf 85' lang='lat' dir='ltr'>gati</span> <span class='ocrx_word' id='word_1_566' title='bbox 372 2653 463 2687; x_wconf 83' lang='lat' dir='ltr'>parte</span> <span class='ocrx_word' id='word_1_567' title='bbox 472 2642 730 2677; x_wconf 88' lang='lat' dir='ltr'>Cartennensem</span> <span class='ocrx_word' id='word_1_568' title='bbox 742 2642 943 2686; x_wconf 87' lang='lat' dir='ltr'>Episcopum</span> <span class='ocrx_word' id='word_1_569' title='bbox 954 2641 1176 2676; x_wconf 87' lang='lat' dir='ltr'>Vincentium</span> 
     </span>
     <span class='ocr_line' id='line_1_86' title="bbox 281 2691 1189 2737; baseline -0.002 -9"><span class='ocrx_word' id='word_1_570' title='bbox 281 2694 391 2728; x_wconf 87' lang='lat' dir='ltr'>scribit</span> <span class='ocrx_word' id='word_1_571' title='bbox 415 2694 550 2728; x_wconf 65' lang='lat' dir='ltr'>Sanetus</span> <span class='ocrx_word' id='word_1_572' title='bbox 572 2692 801 2737; x_wconf 84' lang='lat' dir='ltr'>Augustinus:</span> <span class='ocrx_word' id='word_1_573' title='bbox 830 2693 919 2725; x_wconf 82' lang='lat' dir='ltr'>Multi</span> <span class='ocrx_word' id='word_1_574' title='bbox 942 2691 1023 2725; x_wconf 80' lang='lat' dir='ltr'>nihil</span> <span class='ocrx_word' id='word_1_575' title='bbox 1043 2692 1189 2736; x_wconf 68' lang='lat' dir='ltr'>intereffe¹</span> 
     </span>
     <span class='ocr_line' id='line_1_87' title="bbox 281 2740 1174 2786; baseline -0.001 -8"><span class='ocrx_word' id='word_1_576' title='bbox 281 2744 433 2778; x_wconf 79' lang='lat' dir='ltr'>credentes</span> <span class='ocrx_word' id='word_1_577' title='bbox 446 2768 458 2785; x_wconf 93' lang='lat'>,</span> <span class='ocrx_word' id='word_1_578' title='bbox 485 2748 518 2776; x_wconf 83' lang='lat' dir='ltr'>in</span> <span class='ocrx_word' id='word_1_579' title='bbox 528 2754 586 2786; x_wconf 87' lang='lat' dir='ltr'>qua</span> <span class='ocrx_word' id='word_1_580' title='bbox 597 2740 720 2786; x_wconf 83' lang='lat' dir='ltr'>quisque</span> <span class='ocrx_word' id='word_1_581' title='bbox 730 2740 864 2785; x_wconf 78' lang='lat' dir='ltr'>partefit</span> <span class='ocrx_word' id='word_1_582' title='bbox 876 2741 1064 2781; x_wconf 79' lang='lat' dir='ltr'>Christianus</span> <span class='ocrx_word' id='word_1_583' title='bbox 1075 2767 1087 2783; x_wconf 87' lang='lat'>,</span> <span class='ocrx_word' id='word_1_584' title='bbox 1110 2744 1174 2777; x_wconf 76' lang='lat' dir='ltr'>ideo</span> 
     </span>
     <span class='ocr_line' id='line_1_88' title="bbox 277 2791 1173 2837; baseline -0.002 -10"><span class='ocrx_word' id='word_1_585' title='bbox 277 2794 541 2837; x_wconf 83' lang='lat' dir='ltr'>permanebantin</span> <span class='ocrx_word' id='word_1_586' title='bbox 550 2802 641 2836; x_wconf 83' lang='lat' dir='ltr'>parte</span> <span class='ocrx_word' id='word_1_587' title='bbox 655 2796 791 2833; x_wconf 82' lang='lat' dir='ltr'>Donati,</span> <span class='ocrx_word' id='word_1_588' title='bbox 818 2800 889 2835; x_wconf 83' lang='lat' dir='ltr'>quia</span> <span class='ocrx_word' id='word_1_589' title='bbox 910 2791 953 2824; x_wconf 80' lang='lat' dir='ltr'>ibt</span> <span class='ocrx_word' id='word_1_590' title='bbox 973 2798 1042 2826; x_wconf 83' lang='lat' dir='ltr'>nati</span> <span class='ocrx_word' id='word_1_591' title='bbox 1059 2802 1152 2828; x_wconf 81' lang='lat' dir='ltr'>erant</span> <span class='ocrx_word' id='word_1_592' title='bbox 1166 2818 1173 2825; x_wconf 91' lang='lat'>.</span> 
     </span>
     <span class='ocr_line' id='line_1_89' title="bbox 282 2842 1172 2879; baseline -0.001 -1"><span class='ocrx_word' id='word_1_593' title='bbox 282 2845 373 2879; x_wconf 88' lang='lat' dir='ltr'>Cum</span> <span class='ocrx_word' id='word_1_594' title='bbox 395 2843 513 2878; x_wconf 85' lang='lat' dir='ltr'>nostris</span> <span class='ocrx_word' id='word_1_595' title='bbox 535 2843 733 2878; x_wconf 86' lang='lat' dir='ltr'>Lutheranis</span> <span class='ocrx_word' id='word_1_596' title='bbox 755 2843 789 2877; x_wconf 72' lang='grc' dir='ltr'>ἀ</span> <span class='ocrx_word' id='word_1_597' title='bbox 810 2842 1004 2877; x_wconf 86' lang='lat' dir='ltr'>Calvinistis</span> <span class='ocrx_word' id='word_1_598' title='bbox 1016 2842 1172 2878; x_wconf 87' lang='lat' dir='ltr'>volebant</span> 
     </span>
     <span class='ocr_line' id='line_1_90' title="bbox 282 2892 1171 2939; baseline -0.002 -11"><span class='ocrx_word' id='word_1_599' title='bbox 282 2905 445 2939; x_wconf 85' lang='lat' dir='ltr'>quemque</span> <span class='ocrx_word' id='word_1_600' title='bbox 466 2894 580 2929; x_wconf 88' lang='lat' dir='ltr'>salvari</span> <span class='ocrx_word' id='word_1_601' title='bbox 602 2894 637 2927; x_wconf 90' lang='lat' dir='ltr'>in</span> <span class='ocrx_word' id='word_1_602' title='bbox 657 2894 713 2928; x_wconf 87' lang='lat' dir='ltr'>sua</span> <span class='ocrx_word' id='word_1_603' title='bbox 734 2892 797 2927; x_wconf 87' lang='lat' dir='ltr'>fide</span> <span class='ocrx_word' id='word_1_604' title='bbox 810 2919 820 2934; x_wconf 94' lang='lat'>‚</span> <span class='ocrx_word' id='word_1_605' title='bbox 837 2892 978 2937; x_wconf 87' lang='lat' dir='ltr'>ideoque</span> <span class='ocrx_word' id='word_1_606' title='bbox 1002 2893 1131 2928; x_wconf 90' lang='lat' dir='ltr'>nullum</span> <span class='ocrx_word' id='word_1_607' title='bbox 1153 2893 1171 2926; x_wconf 68' lang='lat' dir='ltr'>a</span> 
     </span>
     <span class='ocr_line' id='line_1_91' title="bbox 283 2943 1170 2989; baseline -0.003 -11"><span class='ocrx_word' id='word_1_608' title='bbox 283 2944 403 2988; x_wconf 78' lang='lat' dir='ltr'>quavis</span> <span class='ocrx_word' id='word_1_609' title='bbox 439 2944 676 2978; x_wconf 87' lang='lat' dir='ltr'>communione</span> <span class='ocrx_word' id='word_1_610' title='bbox 709 2943 925 2978; x_wconf 86' lang='lat' dir='ltr'>metuendum</span> <span class='ocrx_word' id='word_1_611' title='bbox 957 2945 1170 2989; x_wconf 84' lang='lat' dir='ltr'>contagium.</span> 
     </span>
     <span class='ocr_line' id='line_1_92' title="bbox 284 2992 1169 3037; baseline -0.001 -8"><span class='ocrx_word' id='word_1_612' title='bbox 284 2992 456 3037; x_wconf 80' lang='lat' dir='ltr'>Ejusmodi</span> <span class='ocrx_word' id='word_1_613' title='bbox 478 2993 619 3030; x_wconf 86' lang='lat' dir='ltr'>Errones</span> <span class='ocrx_word' id='word_1_614' title='bbox 640 2994 726 3037; x_wconf 88' lang='lat' dir='ltr'>apud</span> <span class='ocrx_word' id='word_1_615' title='bbox 751 2994 929 3029; x_wconf 89' lang='lat' dir='ltr'>Eusebium</span> <span class='ocrx_word' id='word_1_616' title='bbox 942 2993 1169 3029; x_wconf 85' lang='lat' dir='ltr'>Caesariensem</span> 
     </span>
     <span class='ocr_line' id='line_1_93' title="bbox 283 3042 1171 3087; baseline 0.001 -9"><span class='ocrx_word' id='word_1_617' title='bbox 283 3044 418 3078; x_wconf 64' lang='lat' dir='ltr'>Sanctus</span> <span class='ocrx_word' id='word_1_618' title='bbox 430 3044 583 3087; x_wconf 88' lang='lat' dir='ltr'>Serapion</span> <span class='ocrx_word' id='word_1_619' title='bbox 596 3043 782 3079; x_wconf 77' lang='lat' dir='ltr'>patriarcha</span> <span class='ocrx_word' id='word_1_620' title='bbox 793 3042 1024 3079; x_wconf 85' lang='lat' dir='ltr'>Antiochenus</span> <span class='ocrx_word' id='word_1_621' title='bbox 1037 3046 1072 3079; x_wconf 87' lang='lat' dir='ltr'>in</span> <span class='ocrx_word' id='word_1_622' title='bbox 1086 3045 1171 3079; x_wconf 88' lang='lat' dir='ltr'>litte·</span> 
     </span>
     <span class='ocr_line' id='line_1_94' title="bbox 283 3093 1167 3139; baseline -0.001 -11"><span class='ocrx_word' id='word_1_623' title='bbox 283 3096 327 3128; x_wconf 86' lang='lat' dir='ltr'>ris</span> <span class='ocrx_word' id='word_1_624' title='bbox 347 3093 387 3127; x_wconf 87' lang='lat' dir='ltr'>ad</span> <span class='ocrx_word' id='word_1_625' title='bbox 400 3093 592 3128; x_wconf 82' lang='lat' dir='ltr'>Rossensem</span> <span class='ocrx_word' id='word_1_626' title='bbox 612 3094 789 3129; x_wconf 82' lang='lat' dir='ltr'>Ecclesiam</span> <span class='ocrx_word' id='word_1_627' title='bbox 801 3095 940 3139; x_wconf 86' lang='lat' dir='ltr'>appellat</span> <span class='ocrx_word' id='word_1_628' title='bbox 962 3095 1167 3138; x_wconf 85' lang='lat' dir='ltr'>opinatores.</span> 
     </span>
     <span class='ocr_line' id='line_1_95' title="bbox 283 3143 1168 3191; baseline 0.001 -12"><span class='ocrx_word' id='word_1_629' title='bbox 283 3146 388 3179; x_wconf 84' lang='lat' dir='ltr'>Ortos</span> <span class='ocrx_word' id='word_1_630' title='bbox 398 3145 537 3178; x_wconf 87' lang='lat' dir='ltr'>affirmat</span> <span class='ocrx_word' id='word_1_631' title='bbox 559 3154 600 3178; x_wconf 80' lang='lat' dir='ltr'>ex</span> <span class='ocrx_word' id='word_1_632' title='bbox 624 3143 828 3189; x_wconf 81' lang='lat' dir='ltr'>Apocrypho</span> <span class='ocrx_word' id='word_1_633' title='bbox 851 3145 1036 3191; x_wconf 85' lang='lat' dir='ltr'>Evangelio</span> <span class='ocrx_word' id='word_1_634' title='bbox 1058 3147 1168 3180; x_wconf 88' lang='lat' dir='ltr'>secun-</span> 
     </span>
     <span class='ocr_line' id='line_1_96' title="bbox 283 3193 1168 3240; baseline -0.001 -10"><span class='ocrx_word' id='word_1_635' title='bbox 283 3194 365 3230; x_wconf 75' lang='lat' dir='ltr'>dum</span> <span class='ocrx_word' id='word_1_636' title='bbox 386 3193 519 3228; x_wconf 90' lang='lat' dir='ltr'>Petrum</span> <span class='ocrx_word' id='word_1_637' title='bbox 533 3219 539 3225; x_wconf 95' lang='lat'>.</span> <span class='ocrx_word' id='word_1_638' title='bbox 567 3194 739 3240; x_wconf 83' lang='lat' dir='ltr'>Qidquid</span> <span class='ocrx_word' id='word_1_639' title='bbox 753 3196 790 3229; x_wconf 84' lang='lat' dir='ltr'>lit</span> <span class='ocrx_word' id='word_1_640' title='bbox 800 3220 811 3236; x_wconf 88' lang='lat'>‚</span> <span class='ocrx_word' id='word_1_641' title='bbox 828 3197 886 3230; x_wconf 92' lang='lat' dir='ltr'>suo</span> <span class='ocrx_word' id='word_1_642' title='bbox 900 3195 1009 3230; x_wconf 84' lang='lat' dir='ltr'>adhuc</span> <span class='ocrx_word' id='word_1_643' title='bbox 1021 3204 1168 3240; x_wconf 86' lang='lat' dir='ltr'>tempore</span> 
     </span>
     <span class='ocr_line' id='line_1_97' title="bbox 284 3243 1168 3289; baseline 0.003 -11"><span class='ocrx_word' id='word_1_644' title='bbox 284 3244 480 3289; x_wconf 75' lang='lat' dir='ltr'>grassantem</span> <span class='ocrx_word' id='word_1_645' title='bbox 507 3243 651 3277; x_wconf 83' lang='lat' dir='ltr'>fabulam</span> <span class='ocrx_word' id='word_1_646' title='bbox 667 3245 822 3280; x_wconf 74' lang='lat' dir='ltr'>acerrime</span> <span class='ocrx_word' id='word_1_647' title='bbox 843 3246 1016 3281; x_wconf 70' lang='lat' dir='ltr'>inse-statur</span> <span class='ocrx_word' id='word_1_648' title='bbox 1039 3247 1074 3281; x_wconf 89' lang='lat' dir='ltr'>in</span> <span class='ocrx_word' id='word_1_649' title='bbox 1095 3247 1168 3280; x_wconf 85' lang='lat' dir='ltr'>Ho-</span> 
     </span>
    </p>
   </div>
   <div class='ocr_carea' id='block_1_18' title="bbox 1231 1690 2268 3296">
    <p class='ocr_par' dir='ltr' id='par_1_18' title="bbox 1233 1690 2268 2742">
     <span class='ocr_line' id='line_1_98' title="bbox 1233 1690 2145 1737; baseline 0.004 -12"><span class='ocrx_word' id='word_1_650' title='bbox 1233 1691 1350 1734; x_wconf 83' lang='lat' dir='ltr'>fideriis</span> <span class='ocrx_word' id='word_1_651' title='bbox 1374 1690 1506 1736; x_wconf 76' lang='lat' dir='ltr'>ipsorum</span> <span class='ocrx_word' id='word_1_652' title='bbox 1529 1700 1716 1734; x_wconf 80' lang='lat' dir='ltr'>cooperetur,</span> <span class='ocrx_word' id='word_1_653' title='bbox 1740 1691 1845 1734; x_wconf 85' lang='lat' dir='ltr'>bostem</span> <span class='ocrx_word' id='word_1_654' title='bbox 1865 1696 1939 1728; x_wconf 77' lang='lat' dir='ltr'>vero</span> <span class='ocrx_word' id='word_1_655' title='bbox 1958 1695 2092 1736; x_wconf 83' lang='lat' dir='ltr'>ducant,</span> <span class='ocrx_word' id='word_1_656' title='bbox 2112 1694 2145 1737; x_wconf 81' lang='lat' dir='ltr'><em>fi</em></span> 
     </span>
     <span class='ocr_line' id='line_1_99' title="bbox 1235 1741 2139 1786; baseline 0.007 -11"><span class='ocrx_word' id='word_1_657' title='bbox 1235 1748 1304 1785; x_wconf 83' lang='lat' dir='ltr'>quis</span> <span class='ocrx_word' id='word_1_658' title='bbox 1328 1741 1479 1785; x_wconf 80' lang='lat' dir='ltr'>desideriis</span> <span class='ocrx_word' id='word_1_659' title='bbox 1506 1741 1637 1786; x_wconf 85' lang='lat' dir='ltr'>ipsorum</span> <span class='ocrx_word' id='word_1_660' title='bbox 1672 1741 1782 1785; x_wconf 69' lang='lat' dir='ltr'>resistat</span> <span class='ocrx_word' id='word_1_661' title='bbox 1804 1768 1811 1776; x_wconf 91' lang='lat'><strong>.</strong></span> <span class='ocrx_word' id='word_1_662' title='bbox 1850 1743 2007 1780; x_wconf 86' lang='lat' dir='ltr'>Patenter</span> <span class='ocrx_word' id='word_1_663' title='bbox 2046 1744 2113 1781; x_wconf 85' lang='lat' dir='ltr'>haec</span> <span class='ocrx_word' id='word_1_664' title='bbox 2126 1770 2139 1786; x_wconf 86' lang='lat'>‚</span> 
     </span>
     <span class='ocr_line' id='line_1_100' title="bbox 1235 1793 2138 1842; baseline 0.003 -15"><span class='ocrx_word' id='word_1_665' title='bbox 1235 1793 1324 1838; x_wconf 84' lang='lat' dir='ltr'>quali</span> <span class='ocrx_word' id='word_1_666' title='bbox 1350 1802 1443 1828; x_wconf 88' lang='lat' dir='ltr'>totus</span> <span class='ocrx_word' id='word_1_667' title='bbox 1466 1793 1612 1827; x_wconf 85' lang='lat' dir='ltr'>mundus</span> <span class='ocrx_word' id='word_1_668' title='bbox 1635 1802 1742 1828; x_wconf 86' lang='lat' dir='ltr'>careat</span> <span class='ocrx_word' id='word_1_669' title='bbox 1764 1793 1893 1835; x_wconf 89' lang='lat' dir='ltr'>oculis,</span> <span class='ocrx_word' id='word_1_670' title='bbox 1925 1794 1966 1830; x_wconf 83' lang='lat' dir='ltr'>ab</span> <span class='ocrx_word' id='word_1_671' title='bbox 1989 1796 2061 1840; x_wconf 76' lang='lat' dir='ltr'>ipsis</span> <span class='ocrx_word' id='word_1_672' title='bbox 2082 1797 2138 1842; x_wconf 80' lang='lat' dir='ltr'>agi</span> 
     </span>
     <span class='ocr_line' id='line_1_101' title="bbox 1236 1842 2138 1889; baseline 0.004 -12"><span class='ocrx_word' id='word_1_673' title='bbox 1236 1842 1447 1888; x_wconf 89' lang='lat' dir='ltr'>indignatur.</span> <span class='ocrx_word' id='word_1_674' title='bbox 1475 1842 1587 1878; x_wconf 89' lang='lat' dir='ltr'>Etiam</span> <span class='ocrx_word' id='word_1_675' title='bbox 1609 1842 1651 1877; x_wconf 85' lang='lat' dir='ltr'>de</span> <span class='ocrx_word' id='word_1_676' title='bbox 1673 1843 1774 1878; x_wconf 79' lang='lat' dir='ltr'>iberis</span> <span class='ocrx_word' id='word_1_677' title='bbox 1784 1843 1895 1879; x_wconf 89' lang='lat' dir='ltr'>scribit</span> <span class='ocrx_word' id='word_1_678' title='bbox 1908 1845 1949 1879; x_wconf 90' lang='lat' dir='ltr'>ad</span> <span class='ocrx_word' id='word_1_679' title='bbox 1962 1846 2138 1889; x_wconf 77' lang='lat' dir='ltr'>septimum</span> 
     </span>
     <span class='ocr_line' id='line_1_102' title="bbox 1238 1892 2134 1937; baseline 0.004 -10"><span class='ocrx_word' id='word_1_680' title='bbox 1238 1894 1458 1937; x_wconf 78' lang='lat' dir='ltr'>Ancyranum</span> <span class='ocrx_word' id='word_1_681' title='bbox 1484 1893 1662 1929; x_wconf 90' lang='lat' dir='ltr'>Canonem</span> <span class='ocrx_word' id='word_1_682' title='bbox 1699 1892 1905 1929; x_wconf 86' lang='lat' dir='ltr'>Theodorus</span> <span class='ocrx_word' id='word_1_683' title='bbox 1931 1895 2134 1931; x_wconf 78' lang='lat' dir='ltr'>Balsam&#39;on:</span> 
     </span>
     <span class='ocr_line' id='line_1_103' title="bbox 1237 1943 2135 1987; baseline 0.002 -9"><span class='ocrx_word' id='word_1_684' title='bbox 1237 1943 1332 1978; x_wconf 83' lang='lat' dir='ltr'>Nihil</span> <span class='ocrx_word' id='word_1_685' title='bbox 1354 1944 1467 1987; x_wconf 62' lang='lat' dir='ltr'>referre</span> <span class='ocrx_word' id='word_1_686' title='bbox 1487 1946 1591 1979; x_wconf 85' lang='lat' dir='ltr'>dicunt</span> <span class='ocrx_word' id='word_1_687' title='bbox 1610 1968 1624 1986; x_wconf 85' lang='lat'><strong>,</strong></span> <span class='ocrx_word' id='word_1_688' title='bbox 1649 1956 1692 1978; x_wconf 82' lang='lat' dir='ltr'>an</span> <span class='ocrx_word' id='word_1_689' title='bbox 1711 1955 1776 1979; x_wconf 91' lang='lat' dir='ltr'>cum</span> <span class='ocrx_word' id='word_1_690' title='bbox 1789 1944 1992 1987; x_wconf 81' lang='lat' dir='ltr'>Orthodoxis‚</span> <span class='ocrx_word' id='word_1_691' title='bbox 2017 1960 2059 1980; x_wconf 87' lang='lat' dir='ltr'>an</span> <span class='ocrx_word' id='word_1_692' title='bbox 2070 1959 2135 1980; x_wconf 89' lang='lat' dir='ltr'>cum</span> 
     </span>
     <span class='ocr_line' id='line_1_104' title="bbox 1235 1994 2135 2043; baseline 0.007 -16"><span class='ocrx_word' id='word_1_693' title='bbox 1235 1998 1389 2029; x_wconf 65' lang='lat' dir='ltr'>Haeretuts</span> <span class='ocrx_word' id='word_1_694' title='bbox 1410 1996 1596 2029; x_wconf 79' lang='lat' dir='ltr'>comedatur.</span> <span class='ocrx_word' id='word_1_695' title='bbox 1627 1995 1671 2029; x_wconf 89' lang='lat' dir='ltr'>Et</span> <span class='ocrx_word' id='word_1_696' title='bbox 1694 1994 1735 2030; x_wconf 90' lang='lat' dir='ltr'>de</span> <span class='ocrx_word' id='word_1_697' title='bbox 1761 1996 1869 2031; x_wconf 88' lang='lat' dir='ltr'>nescio</span> <span class='ocrx_word' id='word_1_698' title='bbox 1883 2008 1950 2041; x_wconf 90' lang='lat' dir='ltr'>quo</span> <span class='ocrx_word' id='word_1_699' title='bbox 1976 1998 2135 2043; x_wconf 87' lang='lat' dir='ltr'>imperito</span> 
     </span>
     <span class='ocr_line' id='line_1_105' title="bbox 1235 2044 2136 2092; baseline 0.003 -13"><span class='ocrx_word' id='word_1_700' title='bbox 1235 2044 1411 2080; x_wconf 88' lang='lat' dir='ltr'>Monacho</span> <span class='ocrx_word' id='word_1_701' title='bbox 1433 2045 1548 2080; x_wconf 87' lang='lat' dir='ltr'>scribit</span> <span class='ocrx_word' id='word_1_702' title='bbox 1570 2046 1604 2080; x_wconf 90' lang='lat'>&amp;</span> <span class='ocrx_word' id='word_1_703' title='bbox 1624 2047 1773 2089; x_wconf 79' lang='lat' dir='ltr'>queritur</span> <span class='ocrx_word' id='word_1_704' title='bbox 1799 2047 1834 2082; x_wconf 87' lang='lat' dir='ltr'>in</span> <span class='ocrx_word' id='word_1_705' title='bbox 1857 2046 1959 2082; x_wconf 81' lang='lat' dir='ltr'>Prato</span> <span class='ocrx_word' id='word_1_706' title='bbox 1975 2048 2136 2092; x_wconf 85' lang='lat' dir='ltr'>spirituali</span> 
     </span>
     <span class='ocr_line' id='line_1_106' title="bbox 1236 2095 2137 2143; baseline 0.002 -12"><span class='ocrx_word' id='word_1_707' title='bbox 1236 2097 1369 2131; x_wconf 60' lang='lat' dir='ltr'>Sanetus</span> <span class='ocrx_word' id='word_1_708' title='bbox 1389 2095 1596 2139; x_wconf 73' lang='lat' dir='ltr'>Sophronias</span> <span class='ocrx_word' id='word_1_709' title='bbox 1623 2095 1812 2131; x_wconf 85' lang='lat' dir='ltr'>Patriarcha</span> <span class='ocrx_word' id='word_1_710' title='bbox 1853 2097 2137 2143; x_wconf 88' lang='lat' dir='ltr'>Hierosolymita·</span> 
     </span>
     <span class='ocr_line' id='line_1_107' title="bbox 1237 2146 2134 2191; baseline 0.006 -13"><span class='ocrx_word' id='word_1_711' title='bbox 1237 2156 1317 2178; x_wconf 88' lang='lat' dir='ltr'>nus:</span> <span class='ocrx_word' id='word_1_712' title='bbox 1346 2146 1522 2186; x_wconf 85' lang='lat' dir='ltr'>Ubicumque</span> <span class='ocrx_word' id='word_1_713' title='bbox 1544 2157 1610 2177; x_wconf 91' lang='lat' dir='ltr'>eum</span> <span class='ocrx_word' id='word_1_714' title='bbox 1621 2146 1674 2188; x_wconf 80' lang='lat' dir='ltr'>effe</span> <span class='ocrx_word' id='word_1_715' title='bbox 1683 2150 1864 2190; x_wconf 78' lang='lat' dir='ltr'>contigisset,</span> <span class='ocrx_word' id='word_1_716' title='bbox 1892 2148 2050 2191; x_wconf 66' lang='lat' dir='ltr'>indiscrete</span> <span class='ocrx_word' id='word_1_717' title='bbox 2061 2162 2134 2183; x_wconf 85' lang='lat' dir='ltr'>com-</span> 
     </span>
     <span class='ocr_line' id='line_1_108' title="bbox 1237 2193 2134 2241; baseline 0.01 -16"><span class='ocrx_word' id='word_1_718' title='bbox 1237 2193 1430 2226; x_wconf 72' lang='lat' dir='ltr'>municabat.</span> <span class='ocrx_word' id='word_1_719' title='bbox 1457 2193 1561 2241; x_wconf 85' lang='lat' dir='ltr'>Qod</span> <span class='ocrx_word' id='word_1_720' title='bbox 1589 2194 1693 2235; x_wconf 88' lang='lat' dir='ltr'>ipsum</span> <span class='ocrx_word' id='word_1_721' title='bbox 1716 2193 1818 2228; x_wconf 78' lang='lat' dir='ltr'>hodie</span> <span class='ocrx_word' id='word_1_722' title='bbox 1828 2198 1972 2230; x_wconf 85' lang='lat' dir='ltr'>omnino</span> <span class='ocrx_word' id='word_1_723' title='bbox 1984 2198 2134 2233; x_wconf 55' lang='lat' dir='ltr'>factitant</span> 
     </span>
     <span class='ocr_line' id='line_1_109' title="bbox 1237 2241 2257 2297; baseline 0.006 -21"><span class='ocrx_word' id='word_1_724' title='bbox 1237 2241 1420 2276; x_wconf 86' lang='lat' dir='ltr'>Lutherani</span> <span class='ocrx_word' id='word_1_725' title='bbox 1443 2243 1543 2275; x_wconf 87' lang='lat' dir='ltr'>etiam</span> <span class='ocrx_word' id='word_1_726' title='bbox 1566 2244 1600 2275; x_wconf 89' lang='lat'>&amp;</span> <span class='ocrx_word' id='word_1_727' title='bbox 1621 2242 1831 2278; x_wconf 84' lang='lat' dir='ltr'>Calvinistae.</span> <span class='ocrx_word' id='word_1_728' title='bbox 1859 2245 1946 2292; x_wconf 78' lang='lat' dir='ltr'>Quis</span> <span class='ocrx_word' id='word_1_729' title='bbox 1965 2247 2055 2281; x_wconf 88' lang='lat' dir='ltr'>enim</span> <span class='ocrx_word' id='word_1_730' title='bbox 2079 2260 2134 2284; x_wconf 88' lang='lat' dir='ltr'>ne·</span> <span class='ocrx_word' id='word_1_731' title='bbox 2148 2261 2182 2290; x_wconf 68' lang='lat' dir='ltr'>c,</span> <span class='ocrx_word' id='word_1_732' title='bbox 2204 2264 2257 2297; x_wconf 71' lang='lat'>173</span> 
     </span>
     <span class='ocr_line' id='line_1_110' title="bbox 1236 2283 2268 2341; baseline 0.013 -18"><span class='ocrx_word' id='word_1_733' title='bbox 1236 2291 1314 2340; x_wconf 62' lang='lat' dir='ltr'>spiat</span> <span class='ocrx_word' id='word_1_734' title='bbox 1335 2290 1378 2324; x_wconf 89' lang='lat' dir='ltr'>ab</span> <span class='ocrx_word' id='word_1_735' title='bbox 1400 2291 1464 2325; x_wconf 81' lang='lat' dir='ltr'>illis</span> <span class='ocrx_word' id='word_1_736' title='bbox 1479 2314 1491 2331; x_wconf 87' lang='lat'>‚</span> <span class='ocrx_word' id='word_1_737' title='bbox 1517 2301 1552 2323; x_wconf 90' lang='lat' dir='ltr'>ut</span> <span class='ocrx_word' id='word_1_738' title='bbox 1568 2291 1808 2326; x_wconf 77' lang='lat' dir='ltr'>Haereticorum</span> <span class='ocrx_word' id='word_1_739' title='bbox 1835 2304 1957 2328; x_wconf 87' lang='lat' dir='ltr'>nomen</span> <span class='ocrx_word' id='word_1_740' title='bbox 1971 2297 2005 2331; x_wconf 73' lang='grc' dir='ltr'>ὃς</span> <span class='ocrx_word' id='word_1_741' title='bbox 2020 2309 2133 2341; x_wconf 82' lang='lat' dir='ltr'>poenas</span> <span class='ocrx_word' id='word_1_742' title='bbox 2258 2283 2268 2294; x_wconf 45' lang='grc' dir='ltr'>ι</span> 
     </span>
     <span class='ocr_line' id='line_1_111' title="bbox 1235 2340 2131 2385; baseline 0.011 -10"><span class='ocrx_word' id='word_1_743' title='bbox 1235 2340 1377 2375; x_wconf 82' lang='lat' dir='ltr'>evadant</span> <span class='ocrx_word' id='word_1_744' title='bbox 1390 2363 1401 2380; x_wconf 91' lang='lat'>‚</span> <span class='ocrx_word' id='word_1_745' title='bbox 1427 2341 1460 2374; x_wconf 79' lang='grc' dir='ltr'>δε</span> <span class='ocrx_word' id='word_1_746' title='bbox 1480 2340 1594 2374; x_wconf 73' lang='lat' dir='ltr'>Missas</span> <span class='ocrx_word' id='word_1_747' title='bbox 1607 2341 1730 2376; x_wconf 84' lang='lat' dir='ltr'>nostras</span> <span class='ocrx_word' id='word_1_748' title='bbox 1740 2342 1867 2385; x_wconf 87' lang='lat' dir='ltr'>audiri,</span> <span class='ocrx_word' id='word_1_749' title='bbox 1893 2345 1927 2380; x_wconf 88' lang='lat'>&amp;</span> <span class='ocrx_word' id='word_1_750' title='bbox 1940 2347 2131 2385; x_wconf 87' lang='lat' dir='ltr'>solemniter</span> 
     </span>
     <span class='ocr_line' id='line_1_112' title="bbox 1236 2389 2129 2438; baseline 0.011 -13"><span class='ocrx_word' id='word_1_751' title='bbox 1236 2393 1322 2426; x_wconf 88' lang='lat' dir='ltr'>sumi</span> <span class='ocrx_word' id='word_1_752' title='bbox 1348 2390 1448 2425; x_wconf 88' lang='lat' dir='ltr'>etiam</span> <span class='ocrx_word' id='word_1_753' title='bbox 1465 2389 1730 2427; x_wconf 81' lang='lat' dir='ltr'>Eucharistiam?</span> <span class='ocrx_word' id='word_1_754' title='bbox 1752 2392 1798 2427; x_wconf 87' lang='lat' dir='ltr'>Et</span> <span class='ocrx_word' id='word_1_755' title='bbox 1820 2395 1893 2438; x_wconf 82' lang='lat' dir='ltr'>quis</span> <span class='ocrx_word' id='word_1_756' title='bbox 1906 2398 2027 2432; x_wconf 87' lang='lat' dir='ltr'>nesciat</span> <span class='ocrx_word' id='word_1_757' title='bbox 2042 2399 2129 2435; x_wconf 86' lang='lat' dir='ltr'>istud</span> 
     </span>
     <span class='ocr_line' id='line_1_113' title="bbox 1237 2441 2130 2495; baseline 0.01 -19"><span class='ocrx_word' id='word_1_758' title='bbox 1237 2442 1301 2476; x_wconf 81' lang='lat' dir='ltr'>effe</span> <span class='ocrx_word' id='word_1_759' title='bbox 1319 2441 1489 2476; x_wconf 82' lang='lat' dir='ltr'>confilium</span> <span class='ocrx_word' id='word_1_760' title='bbox 1513 2442 1547 2475; x_wconf 74' lang='grc' dir='ltr'>ὅ(</span> <span class='ocrx_word' id='word_1_761' title='bbox 1568 2442 1691 2488; x_wconf 84' lang='lat' dir='ltr'>dogma</span> <span class='ocrx_word' id='word_1_762' title='bbox 1715 2443 1874 2479; x_wconf 85' lang='lat' dir='ltr'>Calvini?</span> <span class='ocrx_word' id='word_1_763' title='bbox 1900 2448 2004 2495; x_wconf 70' lang='lat' dir='ltr'>Q¹&lt;3d</span> <span class='ocrx_word' id='word_1_764' title='bbox 2027 2451 2130 2494; x_wconf 86' lang='lat' dir='ltr'>profa-</span> 
     </span>
     <span class='ocr_line' id='line_1_114' title="bbox 1238 2490 2128 2542; baseline 0.011 -16"><span class='ocrx_word' id='word_1_765' title='bbox 1238 2504 1317 2526; x_wconf 86' lang='lat' dir='ltr'>nam</span> <span class='ocrx_word' id='word_1_766' title='bbox 1337 2491 1430 2525; x_wconf 83' lang='lat' dir='ltr'>istam</span> <span class='ocrx_word' id='word_1_767' title='bbox 1453 2490 1682 2528; x_wconf 74' lang='lat' dir='ltr'>confusionem</span> <span class='ocrx_word' id='word_1_768' title='bbox 1705 2491 1867 2530; x_wconf 74' lang='lat' dir='ltr'>horrende</span> <span class='ocrx_word' id='word_1_769' title='bbox 1888 2508 1926 2532; x_wconf 89' lang='lat' dir='ltr'>ac</span> <span class='ocrx_word' id='word_1_770' title='bbox 1946 2498 2128 2542; x_wconf 88' lang='lat' dir='ltr'>frequenter</span> 
     </span>
     <span class='ocr_line' id='line_1_115' title="bbox 1238 2542 2128 2588; baseline 0.012 -13"><span class='ocrx_word' id='word_1_771' title='bbox 1238 2542 1394 2587; x_wconf 85' lang='lat' dir='ltr'>castigare</span> <span class='ocrx_word' id='word_1_772' title='bbox 1417 2542 1518 2577; x_wconf 87' lang='lat' dir='ltr'>etiam</span> <span class='ocrx_word' id='word_1_773' title='bbox 1541 2543 1577 2577; x_wconf 87' lang='lat' dir='ltr'>in</span> <span class='ocrx_word' id='word_1_774' title='bbox 1611 2545 1758 2588; x_wconf 86' lang='lat' dir='ltr'>praesenti</span> <span class='ocrx_word' id='word_1_775' title='bbox 1780 2546 1895 2581; x_wconf 78' lang='lat' dir='ltr'>saeculo</span> <span class='ocrx_word' id='word_1_776' title='bbox 1923 2551 2128 2586; x_wconf 87' lang='lat' dir='ltr'>consueverit</span> 
     </span>
     <span class='ocr_line' id='line_1_116' title="bbox 1241 2592 2141 2643; baseline 0.013 -18"><span class='ocrx_word' id='word_1_777' title='bbox 1241 2592 1368 2626; x_wconf 88' lang='lat' dir='ltr'>Divina</span> <span class='ocrx_word' id='word_1_778' title='bbox 1388 2592 1533 2636; x_wconf 84' lang='lat' dir='ltr'>justitia,</span> <span class='ocrx_word' id='word_1_779' title='bbox 1558 2594 1689 2629; x_wconf 88' lang='lat' dir='ltr'>ostendi</span> <span class='ocrx_word' id='word_1_780' title='bbox 1710 2596 1814 2640; x_wconf 87' lang='lat' dir='ltr'>potest</span> <span class='ocrx_word' id='word_1_781' title='bbox 1833 2600 1996 2643; x_wconf 83' lang='lat' dir='ltr'>exemplis</span> <span class='ocrx_word' id='word_1_782' title='bbox 2017 2601 2141 2637; x_wconf 70' lang='lat' dir='ltr'>multis⁷</span> 
     </span>
     <span class='ocr_line' id='line_1_117' title="bbox 1238 2642 2129 2691; baseline 0.012 -15"><span class='ocrx_word' id='word_1_783' title='bbox 1238 2644 1273 2677; x_wconf 89' lang='lat'>&amp;</span> <span class='ocrx_word' id='word_1_784' title='bbox 1296 2643 1414 2678; x_wconf 83' lang='lat' dir='ltr'>certis:</span> <span class='ocrx_word' id='word_1_785' title='bbox 1441 2642 1601 2690; x_wconf 86' lang='lat' dir='ltr'>Qaedam</span> <span class='ocrx_word' id='word_1_786' title='bbox 1624 2645 1724 2681; x_wconf 87' lang='lat' dir='ltr'>habes</span> <span class='ocrx_word' id='word_1_787' title='bbox 1734 2647 1820 2691; x_wconf 86' lang='lat' dir='ltr'>apud</span> <span class='ocrx_word' id='word_1_788' title='bbox 1834 2644 2033 2685; x_wconf 81' lang='lat' dir='ltr'>memoratos</span> <span class='ocrx_word' id='word_1_789' title='bbox 2045 2651 2129 2687; x_wconf 86' lang='lat' dir='ltr'>Fau-</span> 
     </span>
     <span class='ocr_line' id='line_1_118' title="bbox 1239 2693 1788 2742; baseline 0.002 -16"><span class='ocrx_word' id='word_1_790' title='bbox 1239 2693 1362 2728; x_wconf 79' lang='lat' dir='ltr'>stinum</span> <span class='ocrx_word' id='word_1_791' title='bbox 1383 2694 1418 2728; x_wconf 78' lang='grc' dir='ltr'>δε</span> <span class='ocrx_word' id='word_1_792' title='bbox 1440 2694 1696 2730; x_wconf 87' lang='lat' dir='ltr'>Marcellinum.</span> <span class='ocrx_word' id='word_1_793' title='bbox 1787 2739 1788 2742; x_wconf 11' lang='grc' dir='ltr'><strong>Ἴ</strong></span> 
     </span>
    </p>

    <p class='ocr_par' dir='ltr' id='par_1_19' title="bbox 1231 2743 2125 3296">
     <span class='ocr_line' id='line_1_119' title="bbox 1286 2743 2124 2795; baseline 0.01 -18"><span class='ocrx_word' id='word_1_794' title='bbox 1286 2743 1344 2778; x_wconf 82' lang='lat' dir='ltr'>Est</span> <span class='ocrx_word' id='word_1_795' title='bbox 1365 2753 1478 2779; x_wconf 86' lang='lat' dir='ltr'>tamen</span> <span class='ocrx_word' id='word_1_796' title='bbox 1505 2744 1598 2778; x_wconf 81' lang='lat' dir='ltr'>locus</span> <span class='ocrx_word' id='word_1_797' title='bbox 1620 2743 1855 2790; x_wconf 82' lang='lat' dir='ltr'>dispensationi</span> <span class='ocrx_word' id='word_1_798' title='bbox 1876 2760 1913 2784; x_wconf 85' lang='lat' dir='ltr'>ac</span> <span class='ocrx_word' id='word_1_799' title='bbox 1938 2750 2124 2795; x_wconf 84' lang='lat' dir='ltr'>Epickeiae.</span> 
     </span>
     <span class='ocr_line' id='line_1_120' title="bbox 1235 2793 2125 2840; baseline 0.012 -13"><span class='ocrx_word' id='word_1_800' title='bbox 1235 2794 1273 2828; x_wconf 92' lang='lat' dir='ltr'>In</span> <span class='ocrx_word' id='word_1_801' title='bbox 1288 2793 1493 2840; x_wconf 83' lang='lat' dir='ltr'>Regionibus</span> <span class='ocrx_word' id='word_1_802' title='bbox 1519 2795 1630 2837; x_wconf 86' lang='lat' dir='ltr'>enim,</span> <span class='ocrx_word' id='word_1_803' title='bbox 1658 2795 1715 2831; x_wconf 91' lang='lat' dir='ltr'>ubi</span> <span class='ocrx_word' id='word_1_804' title='bbox 1734 2797 1779 2831; x_wconf 86' lang='lat' dir='ltr'>est</span> <span class='ocrx_word' id='word_1_805' title='bbox 1807 2798 2046 2836; x_wconf 82' lang='lat' dir='ltr'>Haereticorum</span> <span class='ocrx_word' id='word_1_806' title='bbox 2068 2814 2125 2838; x_wconf 90' lang='lat' dir='ltr'>aut</span> 
     </span>
     <span class='ocr_line' id='line_1_121' title="bbox 1235 2843 2124 2888; baseline 0.011 -10"><span class='ocrx_word' id='word_1_807' title='bbox 1235 2843 1527 2880; x_wconf 88' lang='lat' dir='ltr'>Schismaticorum</span> <span class='ocrx_word' id='word_1_808' title='bbox 1549 2856 1625 2880; x_wconf 91' lang='lat' dir='ltr'>cum</span> <span class='ocrx_word' id='word_1_809' title='bbox 1648 2843 1834 2883; x_wconf 87' lang='lat' dir='ltr'>Catholicis</span> <span class='ocrx_word' id='word_1_810' title='bbox 1846 2854 2014 2887; x_wconf 88' lang='lat' dir='ltr'>numerosa</span> <span class='ocrx_word' id='word_1_811' title='bbox 2026 2865 2063 2888; x_wconf 91' lang='lat' dir='ltr'>ac</span> <span class='ocrx_word' id='word_1_812' title='bbox 2076 2854 2124 2887; x_wconf 88' lang='lat' dir='ltr'>in·</span> 
     </span>
     <span class='ocr_line' id='line_1_122' title="bbox 1234 2894 2121 2941; baseline 0.009 -11"><span class='ocrx_word' id='word_1_813' title='bbox 1234 2894 1397 2930; x_wconf 88' lang='lat' dir='ltr'>evitabilis</span> <span class='ocrx_word' id='word_1_814' title='bbox 1426 2897 1626 2939; x_wconf 85' lang='lat' dir='ltr'>permixtio,</span> <span class='ocrx_word' id='word_1_815' title='bbox 1655 2897 1728 2941; x_wconf 84' lang='lat' dir='ltr'>quis</span> <span class='ocrx_word' id='word_1_816' title='bbox 1749 2899 1877 2934; x_wconf 82' lang='lat' dir='ltr'>nullam</span> <span class='ocrx_word' id='word_1_817' title='bbox 1899 2903 1999 2937; x_wconf 90' lang='lat' dir='ltr'>etiam</span> <span class='ocrx_word' id='word_1_818' title='bbox 2013 2904 2046 2936; x_wconf 89' lang='lat' dir='ltr'>in</span> <span class='ocrx_word' id='word_1_819' title='bbox 2061 2904 2121 2938; x_wconf 83' lang='lat' dir='ltr'>Di-</span> 
     </span>
     <span class='ocr_line' id='line_1_123' title="bbox 1234 2945 2122 2993; baseline 0.01 -15"><span class='ocrx_word' id='word_1_820' title='bbox 1234 2945 1318 2980; x_wconf 86' lang='lat' dir='ltr'>vinis</span> <span class='ocrx_word' id='word_1_821' title='bbox 1331 2946 1526 2991; x_wconf 81' lang='lat' dir='ltr'>quibusdam</span> <span class='ocrx_word' id='word_1_822' title='bbox 1538 2946 1710 2993; x_wconf 85' lang='lat' dir='ltr'>indulgeat</span> <span class='ocrx_word' id='word_1_823' title='bbox 1722 2953 2020 2986; x_wconf 87' lang='lat' dir='ltr'>communionem?</span> <span class='ocrx_word' id='word_1_824' title='bbox 2042 2954 2122 2987; x_wconf 89' lang='lat' dir='ltr'>Mo·</span> 
     </span>
     <span class='ocr_line' id='line_1_124' title="bbox 1231 2996 2118 3046; baseline 0.01 -17"><span class='ocrx_word' id='word_1_825' title='bbox 1231 2996 1381 3031; x_wconf 79' lang='lat' dir='ltr'>tiendum</span> <span class='ocrx_word' id='word_1_826' title='bbox 1405 2996 1515 3041; x_wconf 74' lang='lat' dir='ltr'>potins</span> <span class='ocrx_word' id='word_1_827' title='bbox 1535 2998 1580 3031; x_wconf 84' lang='lat' dir='ltr'>est</span> <span class='ocrx_word' id='word_1_828' title='bbox 1595 3022 1606 3038; x_wconf 92' lang='lat'><strong>,</strong></span> <span class='ocrx_word' id='word_1_829' title='bbox 1632 3010 1731 3043; x_wconf 87' lang='lat' dir='ltr'>quam</span> <span class='ocrx_word' id='word_1_830' title='bbox 1754 2999 1859 3034; x_wconf 91' lang='lat' dir='ltr'>ullum</span> <span class='ocrx_word' id='word_1_831' title='bbox 1883 3001 1924 3035; x_wconf 89' lang='lat' dir='ltr'>ab</span> <span class='ocrx_word' id='word_1_832' title='bbox 1946 3002 2018 3046; x_wconf 83' lang='lat' dir='ltr'>ipfis</span> <span class='ocrx_word' id='word_1_833' title='bbox 2035 3005 2118 3038; x_wconf 89' lang='lat' dir='ltr'>acci-</span> 
     </span>
     <span class='ocr_line' id='line_1_125' title="bbox 1231 3046 2116 3097; baseline 0.01 -18"><span class='ocrx_word' id='word_1_834' title='bbox 1231 3046 1388 3089; x_wconf 86' lang='lat' dir='ltr'>piendum</span> <span class='ocrx_word' id='word_1_835' title='bbox 1413 3049 1659 3082; x_wconf 82' lang='lat' dir='ltr'>Sacramentum</span> <span class='ocrx_word' id='word_1_836' title='bbox 1683 3061 1691 3080; x_wconf 91' lang='lat'>:</span> <span class='ocrx_word' id='word_1_837' title='bbox 1719 3049 1807 3084; x_wconf 89' lang='lat' dir='ltr'>Nam</span> <span class='ocrx_word' id='word_1_838' title='bbox 1832 3052 1866 3086; x_wconf 88' lang='lat'>&amp;</span> <span class='ocrx_word' id='word_1_839' title='bbox 1889 3051 2054 3097; x_wconf 82' lang='lat' dir='ltr'>Baptisma</span> <span class='ocrx_word' id='word_1_840' title='bbox 2075 3055 2116 3088; x_wconf 87' lang='lat' dir='ltr'>ab</span> 
     </span>
     <span class='ocr_line' id='line_1_126' title="bbox 1232 3097 2116 3147; baseline 0.012 -19"><span class='ocrx_word' id='word_1_841' title='bbox 1232 3097 1301 3138; x_wconf 79' lang='lat' dir='ltr'>ipsis</span> <span class='ocrx_word' id='word_1_842' title='bbox 1322 3098 1440 3142; x_wconf 86' lang='lat' dir='ltr'>suscipi</span> <span class='ocrx_word' id='word_1_843' title='bbox 1465 3110 1532 3132; x_wconf 92' lang='lat' dir='ltr'>non</span> <span class='ocrx_word' id='word_1_844' title='bbox 1549 3099 1605 3131; x_wconf 84' lang='lat' dir='ltr'>nili</span> <span class='ocrx_word' id='word_1_845' title='bbox 1630 3100 1665 3132; x_wconf 92' lang='lat' dir='ltr'>in</span> <span class='ocrx_word' id='word_1_846' title='bbox 1684 3110 1831 3134; x_wconf 84' lang='lat' dir='ltr'>extrema</span> <span class='ocrx_word' id='word_1_847' title='bbox 1852 3103 2038 3138; x_wconf 86' lang='lat' dir='ltr'>neceffitate</span> <span class='ocrx_word' id='word_1_848' title='bbox 2050 3116 2116 3147; x_wconf 87' lang='lat' dir='ltr'>per-</span> 
     </span>
     <span class='ocr_line' id='line_1_127' title="bbox 1231 3147 2115 3194; baseline 0.012 -16"><span class='ocrx_word' id='word_1_849' title='bbox 1231 3147 1332 3182; x_wconf 87' lang='lat' dir='ltr'>mittit</span> <span class='ocrx_word' id='word_1_850' title='bbox 1343 3149 1478 3192; x_wconf 89' lang='lat' dir='ltr'>antiqua</span> <span class='ocrx_word' id='word_1_851' title='bbox 1494 3148 1643 3183; x_wconf 84' lang='lat' dir='ltr'>Ecclefiae</span> <span class='ocrx_word' id='word_1_852' title='bbox 1659 3148 1831 3194; x_wconf 83' lang='lat' dir='ltr'>disciplina</span> <span class='ocrx_word' id='word_1_853' title='bbox 1843 3177 1850 3184; x_wconf 91' lang='lat'><strong>.</strong></span> <span class='ocrx_word' id='word_1_854' title='bbox 1879 3152 2034 3187; x_wconf 88' lang='lat' dir='ltr'>Attamen</span> <span class='ocrx_word' id='word_1_855' title='bbox 2046 3155 2115 3189; x_wconf 87' lang='lat' dir='ltr'>san-</span> 
     </span>
     <span class='ocr_line' id='line_1_128' title="bbox 1231 3197 2115 3245; baseline 0.011 -17"><span class='ocrx_word' id='word_1_856' title='bbox 1231 3197 1279 3230; x_wconf 88' lang='lat' dir='ltr'>xit</span> <span class='ocrx_word' id='word_1_857' title='bbox 1317 3209 1430 3242; x_wconf 87' lang='lat' dir='ltr'>quarta</span> <span class='ocrx_word' id='word_1_858' title='bbox 1468 3198 1738 3243; x_wconf 82' lang='lat' dir='ltr'>Cartbaginenfis</span> <span class='ocrx_word' id='word_1_859' title='bbox 1761 3203 1939 3245; x_wconf 86' lang='lat' dir='ltr'>Synodus:</span> <span class='ocrx_word' id='word_1_860' title='bbox 1977 3205 2115 3238; x_wconf 80' lang='lat' dir='ltr'>Clericus</span> 
     </span>
     <span class='ocr_line' id='line_1_129' title="bbox 1231 3248 2112 3296; baseline 0.008 -16"><span class='ocrx_word' id='word_1_861' title='bbox 1231 3251 1441 3282; x_wconf 81' lang='lat' dir='ltr'>Haereticorum</span> <span class='ocrx_word' id='word_1_862' title='bbox 1459 3251 1493 3282; x_wconf 62' lang='grc' dir='ltr'>Θ</span> <span class='ocrx_word' id='word_1_863' title='bbox 1511 3248 1766 3292; x_wconf 72' lang='lat' dir='ltr'>Scbtfinaticorum</span> <span class='ocrx_word' id='word_1_864' title='bbox 1790 3260 1853 3284; x_wconf 87' lang='lat' dir='ltr'>tam</span> <span class='ocrx_word' id='word_1_865' title='bbox 1866 3258 2010 3287; x_wconf 79' lang='lat' dir='ltr'>convivia</span> <span class='ocrx_word' id='word_1_866' title='bbox 2020 3265 2112 3296; x_wconf 87' lang='lat' dir='ltr'>quam</span> 
     </span>
    </p>
   </div>
   <div class='ocr_carea' id='block_1_19' title="bbox 284 3293 2239 3396">
    <p class='ocr_par' dir='ltr' id='par_1_20' title="bbox 284 3293 2239 3396">
     <span class='ocr_line' id='line_1_130' title="bbox 285 3293 2239 3343; baseline 0.004 -14"><span class='ocrx_word' id='word_1_867' title='bbox 285 3294 378 3330; x_wconf 88' lang='lat' dir='ltr'>milia</span> <span class='ocrx_word' id='word_1_868' title='bbox 399 3293 441 3328; x_wconf 86' lang='lat' dir='ltr'>de</span> <span class='ocrx_word' id='word_1_869' title='bbox 472 3293 647 3338; x_wconf 84' lang='lat' dir='ltr'>Evangelii</span> <span class='ocrx_word' id='word_1_870' title='bbox 681 3297 826 3337; x_wconf 58' lang='lat' dir='ltr'>profectu</span> <span class='ocrx_word' id='word_1_871' title='bbox 858 3297 995 3332; x_wconf 63' lang='lat' dir='ltr'>Sanctus</span> <span class='ocrx_word' id='word_1_872' title='bbox 1025 3297 1165 3340; x_wconf 85' lang='lat' dir='ltr'>Joannes</span> <span class='ocrx_word' id='word_1_873' title='bbox 1223 3295 1402 3340; x_wconf 84' lang='lat' dir='ltr'>sodalitates</span> <span class='ocrx_word' id='word_1_874' title='bbox 1423 3305 1514 3333; x_wconf 81' lang='lat' dir='ltr'>evitet</span> <span class='ocrx_word' id='word_1_875' title='bbox 1534 3302 1714 3343; x_wconf 77' lang='lat' dir='ltr'>aequaliter.</span> <span class='ocrx_word' id='word_1_876' title='bbox 1743 3300 1799 3335; x_wconf 92' lang='lat' dir='ltr'>Ob</span> <span class='ocrx_word' id='word_1_877' title='bbox 1821 3304 1960 3338; x_wconf 83' lang='lat' dir='ltr'>nimiam</span> <span class='ocrx_word' id='word_1_878' title='bbox 1973 3305 2113 3339; x_wconf 87' lang='lat' dir='ltr'>Donati·</span> <span class='ocrx_word' id='word_1_879' title='bbox 2128 3304 2164 3333; x_wconf 88' lang='lat' dir='ltr'>C·</span> <span class='ocrx_word' id='word_1_880' title='bbox 2190 3313 2239 3339; x_wconf 71' lang='grc' dir='ltr'>7ο.</span> 
     </span>
     <span class='ocr_line' id='line_1_131' title="bbox 284 3343 2113 3396; baseline 0.004 -16"><span class='ocrx_word' id='word_1_881' title='bbox 284 3343 568 3388; x_wconf 84' lang='lat' dir='ltr'>Chr-ysostomus.</span> <span class='ocrx_word' id='word_1_882' title='bbox 606 3344 650 3378; x_wconf 89' lang='lat' dir='ltr'>Et</span> <span class='ocrx_word' id='word_1_883' title='bbox 685 3345 856 3381; x_wconf 85' lang='lat' dir='ltr'>Faustinus</span> <span class='ocrx_word' id='word_1_884' title='bbox 887 3359 926 3382; x_wconf 81' lang='lat' dir='ltr'>ac</span> <span class='ocrx_word' id='word_1_885' title='bbox 950 3346 1166 3382; x_wconf 87' lang='lat' dir='ltr'>Marcellinus</span> <span class='ocrx_word' id='word_1_886' title='bbox 1230 3346 1348 3382; x_wconf 87' lang='lat' dir='ltr'>starum</span> <span class='ocrx_word' id='word_1_887' title='bbox 1365 3350 1613 3385; x_wconf 87' lang='lat' dir='ltr'>multitudinem</span> <span class='ocrx_word' id='word_1_888' title='bbox 1636 3352 1714 3387; x_wconf 85' lang='lat' dir='ltr'>solis</span> <span class='ocrx_word' id='word_1_889' title='bbox 1729 3352 1872 3388; x_wconf 74' lang='lat' dir='ltr'>clericis</span> <span class='ocrx_word' id='word_1_890' title='bbox 1892 3380 1902 3396; x_wconf 94' lang='lat'>,</span> <span class='ocrx_word' id='word_1_891' title='bbox 1943 3366 2009 3387; x_wconf 88' lang='lat' dir='ltr'>non</span> <span class='ocrx_word' id='word_1_892' title='bbox 2038 3354 2113 3390; x_wconf 84' lang='lat' dir='ltr'>Lai-</span> 
     </span>
    </p>
   </div>
   <div class='ocr_carea' id='block_1_20' title="bbox 284 3392 1166 3489">
    <p class='ocr_par' dir='ltr' id='par_1_21' title="bbox 284 3392 1166 3489">
     <span class='ocr_line' id='line_1_132' title="bbox 284 3392 1166 3438; baseline 0 -7"><span class='ocrx_word' id='word_1_893' title='bbox 284 3393 466 3438; x_wconf 77' lang='lat' dir='ltr'>Presbyteri</span> <span class='ocrx_word' id='word_1_894' title='bbox 493 3394 640 3429; x_wconf 86' lang='lat' dir='ltr'>Romani</span> <span class='ocrx_word' id='word_1_895' title='bbox 662 3392 696 3428; x_wconf 88' lang='lat' dir='ltr'>in</span> <span class='ocrx_word' id='word_1_896' title='bbox 722 3395 784 3428; x_wconf 91' lang='lat' dir='ltr'>suis</span> <span class='ocrx_word' id='word_1_897' title='bbox 806 3396 1091 3434; x_wconf 76' lang='lat' dir='ltr'>adTheodolium</span> <span class='ocrx_word' id='word_1_898' title='bbox 1104 3397 1166 3433; x_wconf 86' lang='lat' dir='ltr'>lm-</span> 
     </span>
     <span class='ocr_line' id='line_1_133' title="bbox 383 3443 822 3489; baseline 0.005 -10"><span class='ocrx_word' id='word_1_899' title='bbox 383 3443 490 3487; x_wconf 77' lang='lat' dir='ltr'>Chrtst.</span> <span class='ocrx_word' id='word_1_900' title='bbox 502 3448 582 3489; x_wconf 85' lang='lat' dir='ltr'>Lupi</span> <span class='ocrx_word' id='word_1_901' title='bbox 592 3449 681 3489; x_wconf 82' lang='lat' dir='ltr'>oper.</span> <span class='ocrx_word' id='word_1_902' title='bbox 692 3446 772 3482; x_wconf 82' lang='lat' dir='ltr'>Tom.</span> <span class='ocrx_word' id='word_1_903' title='bbox 787 3448 822 3481; x_wconf 85' lang='lat' dir='ltr'>V.</span> 
     </span>
    </p>
   </div>
   <div class='ocr_carea' id='block_1_21' title="bbox 1228 3399 2114 3491">
    <p class='ocr_par' dir='ltr' id='par_1_22' title="bbox 1228 3399 2114 3491">
     <span class='ocr_line' id='line_1_134' title="bbox 1228 3399 2114 3487; baseline 0.009 -55"><span class='ocrx_word' id='word_1_904' title='bbox 1228 3399 1275 3433; x_wconf 87' lang='lat' dir='ltr'>cis</span> <span class='ocrx_word' id='word_1_905' title='bbox 1285 3399 1393 3435; x_wconf 79' lang='lat' dir='ltr'>sanxit</span> <span class='ocrx_word' id='word_1_906' title='bbox 1406 3400 1500 3437; x_wconf 87' lang='lat' dir='ltr'>istam</span> <span class='ocrx_word' id='word_1_907' title='bbox 1513 3401 1620 3448; x_wconf 80' lang='lat' dir='ltr'>legem</span> <span class='ocrx_word' id='word_1_908' title='bbox 1635 3428 1643 3438; x_wconf 93' lang='lat'>.</span> <span class='ocrx_word' id='word_1_909' title='bbox 1655 3403 1718 3487; x_wconf 78' lang='lat' dir='ltr'>FEt</span> <span class='ocrx_word' id='word_1_910' title='bbox 1728 3401 1808 3439; x_wconf 83' lang='lat' dir='ltr'>hinc</span> <span class='ocrx_word' id='word_1_911' title='bbox 1821 3403 1862 3438; x_wconf 86' lang='lat' dir='ltr'>de</span> <span class='ocrx_word' id='word_1_912' title='bbox 1873 3404 1986 3439; x_wconf 88' lang='lat' dir='ltr'>iisdem</span> <span class='ocrx_word' id='word_1_913' title='bbox 1998 3404 2114 3487; x_wconf 42' lang='lat' dir='ltr'>&#39;laona-</span> 
     </span>
     <span class='ocr_line' id='line_1_135' title="bbox 1733 3462 2066 3491; baseline 0.012 -6"><span class='ocrx_word' id='word_1_914' title='bbox 1733 3464 1756 3491; x_wconf 88' lang='lat'><em>2</em></span> <span class='ocrx_word' id='word_1_915' title='bbox 1982 3462 2007 3488; x_wconf 70' lang='lat' dir='ltr'>ti</span> <span class='ocrx_word' id='word_1_916' title='bbox 2038 3465 2066 3489; x_wconf 81' lang='lat' dir='ltr'>is</span> 
     </span>
    </p>
   </div>
  </div>
 </body>
</html>
