2366 3756
93 871 126 902 Ι..
163 881 187 900 1.
218 872 250 900 13-

92 909 155 950 pist.
188 922 231 942 ιο.

86 1179 119 1210 1..
149 1188 176 1216 3.
213 1182 248 1212 Ε.

87 1218 150 1259 Pist-
162 1230 207 1259 ²3·

97 3238 184 3270 Tom.
205 3235 234 3266 6.

352 112 453 161 256
663 101 702 146 S.
740 98 1061 147 Gnssoontt
1096 115 1336 147 εεΡτιΜῙ
1372 101 1729 149 ΡοΝτιιτιεῙς

282 189 395 234 posse,
422 184 521 229 longe
542 181 650 217 minus
673 182 846 229 suspendi.
874 185 979 232 Qod
999 196 1068 219 non
1080 185 1188 220 solus»
1232 187 1285 221 fex
1303 186 1386 221 recte*
1398 185 1503 221 asserit
1523 186 1693 221 audaciam
1704 185 1789 222 hane
1809 189 2018 233 effi-haeresim,
2043 201 2112 234 quae

281 250 361 274 cum
395 237 464 270 aliis
488 233 611 268 Africae
639 233 810 279 Episcopis
844 234 1051 280 Augustinus
1072 260 1081 276 ,
1118 236 1186 280 ied3
1232 239 1252 269 ἃ
1261 247 1360 278 parvo
1371 242 1584 278 temporecitra
1591 235 1712 279 sensum
1724 236 1794 280 visa
1798 238 1925 281 suboriri
1932 243 2111 282 pullulavit,

283 290 385 324 etiam
396 283 529 319 Atticus
546 283 937 329 Constantinopolitanus
966 286 1145 330 Episcopus
1158 310 1169 327 ‚
1183 293 1185 328 ξ
1213 286 1217 351 Ι
1231 286 1328 328 &sub
1338 294 1438 319 ovium
1449 287 1578 327 vestibus
1586 289 1668 328 lupos
1678 296 1802 328 rapaces
1813 288 1986 332 intrinsicus
2000 295 2113 333 celans,

280 350 319 373 ac
339 335 449 369 omnis
475 333 632 379 Ephefina
653 335 807 378 Synodus
828 337 998 371 multoties
1037 337 1186 379 iteratas·
1214 353 1216 370 ,ι
1225 336 1281 380 sub
1292 338 1499 379 appellationis
1507 336 1602 380 specie
1616 336 1750 379 Ecclesia·
1756 336 1873 382 satagit
1884 345 2027 374 unitatem
2046 351 2115 377 con-

279 387 465 431 Pelagianae
490 386 642 420 factionis
655 386 893 429 appellationes
916 386 1048 420 duxerit
1070 386 1165 420 frivo·
1181 395 1185 448 ί
1213 382 1355 421 ivellere.
1383 391 1470 420 Nam
1477 387 1505 428 fi
1513 400 1580 431 quae
1594 388 1704 428 Christi
1715 394 1816 422 unicus
1831 392 1966 422 Vicarius
1981 413 1992 430 ‚
2017 397 2114 428 Cano.

279 437 326 470 las
348 461 357 476 ,
384 437 419 469 &
441 435 621 470 exsui'flarit
641 458 651 475 ‚
679 436 826 481 solusque
852 435 1068 471 Haereliarcha
1098 437 1183 472 Ne·⁴
1212 415 1422 480 'nibussacris
1432 444 1526 472 eriam
1551 442 1584 472 θ
1590 442 1658 480 jim'
1662 437 1776 481 scripto
1798 437 1993 479 inhaerendo,
2017 442 2112 478 decre.

277 486 394 520 storius
423 487 460 520 fit
505 487 580 530 ipfis
612 498 750 521 conatus
773 488 968 531 patrocinari
991 513 1001 529 ,
1037 461 1185 523 ostendii
1210 463 1459 530 lvitllatuitque‚
1489 491 1523 523 6*
1539 488 1664 532 s'ervare
1690 496 1860 531 praecepir,
1885 489 2111 528 calumniatores

277 538 424 580 pluribus
451 538 484 571 in
502 539 632 580 praefato
656 539 815 581 opusculo
838 536 879 573 de
904 539 1001 571 variis
1022 527 1183 581 Synodis?
1227 538 1408 572 malevoli&¹
1419 538 1553 581 perverfi
1554 539 1758 583 subterfugere
1763 539 1908 579 Justitiam
1926 539 2114 585 praesumen-

276 598 392 622 contra
415 589 571 622 Haerexim
593 587 804 631 pelagianam
830 614 837 621 .

877 589 987 622 Etiam
1017 588 1163 623 Nestorii
1226 597 1270 621 tes
1285 613 1294 628 ,
1320 597 1373 629 per
1385 589 1516 623 ludibria
1519 589 1707 631 frivolorum
1730 590 1958 631 appellationum
1978 592 2114 634 adsum.

274 639 530 681 appellationem
555 638 695 682 graviter
719 638 920 682 improbavit
935 640 969 672 in
983 639 1100 674 litteris
1123 638 1161 671 ad
1226 650 1293 671 rum
1316 641 1495 679 Concilium,
1517 637 1570 683 seu
1589 641 1685 673 adid
1706 642 1787 682 quod
1806 651 1966 683 numquam
1988 643 2048 684 est,
2075 655 2111 677 ac

275 686 689 732 Conilantinopoliranum
722 689 856 723 clerum
889 690 1023 724 Saucius
1057 689 1161 732 Cyril-

273 737 325 771 lus
346 752 356 771 .·
391 738 490 772 Illum
529 738 669 782 appellat
704 740 854 773 miserum
897 740 931 774 ὃς
974 739 1138 775 seductum
1154 762 1166 779 ,

274 789 446 830 praesertim
471 786 559 833 quod
582 801 651 823 non
673 791 723 824 uti
745 801 817 824 rcus
837 813 850 831 ,
888 790 941 823 sed
973 790 1024 823 uti
1059 789 1159 833 Judex

272 839 306 871 ὅ(
332 838 506 873 Praelidens
528 839 635 874 adesse
647 840 787 882 Synodo
810 840 944 883 speraret
957 840 974 873 ὲ
989 840 1093 875 Sacris
1103 840 1160 873 cir·

271 888 458 931 cumscripti
472 889 634 933 Principis
650 887 843 933 jussionibus
858 915 865 923 .
894 889 1011 924 Exstat
1032 890 1147 934 Episto

270 938 302 971 la
323 939 357 972 in
386 938 480 974 Astis
502 940 628 982 Synodi
654 939 840 983 Ephefinae.
869 940 913 974 Et
944 941 978 974 in
995 939 1157 975 litterisad

269 987 415 1030 ejusdem
437 989 593 1025 Civitatis
619 990 756 1025 Clerum
783 990 818 1025 &
841 991 998 1034 populum
1024 992 1158 1025 San-stus

268 1036 358 1082 Papa
378 1039 592 1074 Caelestinus:
619 1042 699 1084 ,Qun
716 1045 872 1083 petitorem
892 1043 996 1080 synodi
1026 1042 1156 1074 crederet

267 1090 376 1128 synodo
386 1088 559 1131 defuturum
573 1092 586 1125 ?
612 1091 748 1134 Percussa
761 1091 799 1130 est
810 1091 872 1124 :llic
886 1090 1034 1134 falsitatis
1045 1092 1155 1124 levitas

263 1141 395 1181 pondere
407 1147 553 1174 vernarit
567 1165 579 1181 ,
605 1152 657 1174 nec
668 1141 702 1184 se
712 1139 785 1183 ausa
795 1140 954 1185 estfulgori
969 1142 1155 1175 radiantium

266 1191 456 1224 sacerdotum
467 1193 622 1224 latitantis
638 1192 747 1234 Pet-fidi
766 1191 857 1234 caligo
879 1190 1014 1234 miscere.
1041 1194 1155 1223 Lumen

263 1239 573 1285 tenebraefugernnt.
602 1240 776 1285 Infigniter
798 1242 996 1274 demonstrat
1017 1241 1120 1284 appell
1129 1263 1131 1266 ι
1145 1258 1157 1267 -

263 1290 391 1324 tionem
404 1293 498 1324 omni
512 1289 678 1332 Ephesmae
703 1290 842 1333 synodo
855 1290 1067 1334 displicuisse.
1098 1292 1156 1325 Ea-

261 1339 328 1374 iam
363 1338 561 1382 Eutychetis
596 1340 851 1382 appellationem
887 1341 982 1374 fuisse
1010 1342 1151 1384 imperiti

261 1391 349 1424 senis
370 1389 542 1423 audaciam
563 1389 747 1423 adfirmavit
759 1390 950 1424 constanter
962 1415 973 1431 ‚
999 1391 1034 1425 ἀ
1047 1392 1153 1434 Syno-

263 1440 344 1474 dum
368 1450 521 1474 excutere
542 1450 680 1473 conatus
710 1438 772 1474 fuit
784 1441 878 1474 omni
892 1440 1152 1486 modoMagnus

260 1490 355 1525 Leo.
383 1489 498 1525 Latius
520 1487 587 1523 baec
599 1489 760 1523 elucidavi
781 1491 814 1523 in
829 1489 963 1525 scholiis
983 1489 1025 1525 ad
1038 1492 1147 1534 Ephe·

258 1540 366 1574 finum
378 1539 609 1574 latrocinium.
638 1537 823 1573 Photianos
837 1539 1020 1583 Episcopos
1041 1541 1060 1574 a
1093 1541 1151 1574 Ni-

258 1591 348 1623 colai
374 1590 469 1634 primi
493 1590 526 1622 in
549 1590 580 1623 se
600 1589 725 1632 judicio
738 1598 977 1633 provocantes,
1003 1589 1045 1624 ad
1058 1599 1152 1625 retra·

258 1641 438 1674 &ationem
453 1641 485 1672 in
499 1641 609 1673 octava
634 1639 774 1681 Synodo
792 1639 1011 1681 potentissime
1021 1640 1152 1682 adjuve-

258 1700 338 1724 runt
363 1690 398 1723 &
421 1687 772 1732 Magnificentiffimus
797 1688 955 1723 patritius
978 1689 1151 1728 Bahanes,

257 1739 294 1773 δε
311 1737 386 1772 Sedi
401 1737 602 1781 Apostolicae
626 1737 761 1772 dileflus
783 1737 1023 1781 Metrophanes
1044 1738 1153 1782 Smyr·-

257 1789 407 1824 nenfium
433 1787 650 1831 Metropolim
673 1800 680 1819 :
709 1788 821 1834 Qam
861 1788 956 1822 inviti
978 1811 989 1827 ‚
1014 1788 1048 1822 δε
1075 1800 1151 1823 cum

257 1849 344 1884 quot
369 1836 623 1873 {imitationibus
643 1837 745 1881 ipsam
758 1837 951 1873 indulserint
965 1838 1151 1881 Apostolici

257 1888 400 1935 Legati,
426 1900 537 1934 quarta
550 1887 652 1923 Actio
663 1887 880 1923 demonstrat.
907 1888 953 1924 Et
977 1886 1149 1932 quomodo

258 1942 420 1987 Joannem
455 1938 710 1974 Theutonicum
745 1938 901 1974 Clemens
922 1947 1055 1981 quartus
1077 1961 1089 1977 ,
1115 1936 1150 1978 ἀ

257 1989 467 2025 Michaelem
493 1989 534 2023 de
559 1988 691 2027 Caesena
710 2012 720 2027 ,
750 1999 788 2021 ac
811 1988 915 2031 ipsum
937 1986 1149 2024 Ludovicutn

256 2040 493 2084 Imperatorem
529 2037 670 2082 Joannes
700 2037 875 2082 vigefimus
907 2037 1066 2071 secundus
1086 2046 1150 2071 tra-

256 2090 416 2125 &averint
437 2114 446 2130 ‚
484 2087 575 2131 supra
594 2088 782 2122 audivimus
817 2086 837 2119 a
863 2085 972 2120 Paulo
994 2086 1150 2129 Langio,

256 2142 292 2176 ὅ(
316 2139 457 2175 Abbatis
478 2136 697 2181 Uspergenfis
720 2135 945 2178 supplemento
966 2145 975 2167 :
1016 2135 1150 2182 Qibus

258 2191 292 2225 δε
305 2189 364 2223 alii
377 2187 571 2223 attestantur
583 2211 590 2219 .
618 2185 828 2219 Clementini
839 2183 1030 2220 Schismatis
1046 2196 1150 2229 pertz-

256 2242 291 2275 sa
312 2240 397 2272 olim
419 2249 497 2272 cum
518 2236 612 2272 omni
626 2236 800 2270 Gallicana
816 2235 960 2270 Ecclesia
971 2235 1150 2270 Parisienfis

257 2283 464 2326 Univerfitas
488 2286 668 2321 Benedicto
701 2285 834 2321 decimo
857 2285 956 2320 tertio
992 2283 1150 2320 subtraxit

256 2339 506 2377 obedientiam,
531 2336 566 2370 &
588 2336 779 2380 provocavit
800 2334 841 2370 ad
853 2335 1006 2381 generale
1027 2335 1149 2369 Conci·

258 2391 343 2425 lium
364 2413 371 2421 .
399 2388 444 2422 Et
465 2386 634 2421 adversum
661 2384 726 2420 haec
750 2385 970 2420 Benedistus:
998 2387 1148 2419 Nonnulli

258 2439 428 2476 Catholicae
440 2442 584 2472 veritatis
596 2438 715 2470 AEmuli
737 2446 839 2470 contra
852 2448 906 2470 nos
933 2437 968 2471 ὁ*
979 2439 1150 2470 Romanam

260 2487 420 2532 Ecclefiam
441 2486 608 2522 rebellionis
638 2488 806 2521 calcaneum
828 2492 936 2531 erigere
952 2485 1152 2529 praesumpse-

260 2550 354 2579 runt,
382 2542 403 2572 ei
417 2537 500 2572 nobis
513 2562 524 2578 ,
550 2538 631 2581 quod
638 2536 676 2577 est
687 2548 788 2572 contra
799 2540 966 2571 canonicas
972 2535 1152 2580 scindimus,

261 2591 475 2634 appellationes
499 2594 579 2626 inter
587 2595 695 2630 ponere
708 2599 765 2620 non
775 2596 934 2621 verenter.
961 2587 1055 2622 Licet
1075 2587 1152 2621 His-

263 2651 372 2686 panus
384 2665 394 2681 ‚
423 2641 456 2673 in
469 2637 645 2673 Gallicana
660 2647 770 2672 tamen
787 2637 924 2671 Ecclesia
935 2637 1090 2673 educatus
1115 2650 1152 2672 ac

263 2691 399 2727 edoctus
410 2699 477 2723 erat
489 2688 707 2728 Benedictus,
735 2686 977 2732 ideoquejuxta
999 2687 1067 2731 ejus
1091 2688 1152 2722 avi-

1221 686 1309 732 super
1331 690 1441 730 Christi
1451 693 1597 723 Vicarium
1606 694 1658 734 eJJe
1678 699 1733 722 aut
1757 695 1881 730 reperiri
1897 698 1995 733 nequit
2008 718 2020 734 ‚
2045 694 2112 727 obe-

1227 740 1372 772 dientiam
1387 766 1394 777 ,
1421 751 1488 783 quae
1507 740 1546 781 est
1568 741 1606 774 de
1618 742 1775 781 neceffitate
1797 739 1932 784 Ecclefiae
1957 741 2110 786 &salutis

1224 788 1429 832 universorum
1450 813 1460 828 ‚
1486 791 1615 832 improbe
1633 792 1784 825 declinam
1810 802 1845 824 ac
1865 793 1990 825 temer?-
2022 798 2111 828 Hane

1224 845 1316 883 igitur
1331 839 1594 883 Dmbolicospiritu
1605 843 1639 876 (α
1651 841 1789 882 instindlu
1801 847 1965 875 novitatem
1975 853 2110 876 exortam

1223 889 1435 931 considerantes
1448 915 1458 931 ‚
1485 898 1518 924 in
1528 898 1617 925 totius
1632 890 1766 933 Ecclefiae
1780 891 1942 926 Catholicae
1965 903 2023 925 non
2040 902 2114 927 ran-

1225 940 1287 973 tum
1295 947 1519 975 enervationem
1528 965 1539 981 ,
1559 940 1619 985 sed
1625 941 1800 983 eversionem
1810 948 1843 975 in
1852 946 2021 976 Mantuano
2032 947 2112 978 Con-

1225 1001 1317 1024 ventu
1328 990 1411 1034 saepe?
1423 993 1457 1026 o·
1470 994 1593 1025 multum
1605 991 1758 1036 discuffam
1771 995 1988 1026 damnavimus
2000 1018 2007 1025 .

1272 1042 1417 1076 Damnat
1447 1052 1512 1075 non
1545 1041 1650 1077 sulum
1677 1044 1810 1078 frivolas
1834 1067 1846 1083 ‚
1873 1045 1926 1078 seu
1958 1043 2110 1088 legitima

1223 1093 1316 1125 causa
1329 1093 1498 1126 destitutas
1509 1092 1746 1135 appellationes
1755 1119 1766 1134 ‚
1792 1094 1844 1127 sed
1858 1094 1958 1128 etiam
1986 1105 2024 1128 ac
2035 1104 2110 1138 ptae-

1224 1143 1331 1173 sertim
1344 1141 1418 1174 istas
1430 1164 1442 1180 ,
1469 1141 1511 1174 de
1524 1140 1642 1184 quibus
1655 1143 1689 1175 in
1702 1142 1787 1177 libro
1809 1143 1850 1178 de
1871 1144 1955 1178 statu
1968 1144 2109 1188 Europae

1221 1189 1278 1224 sub
1292 1190 1465 1225 Frederico
1478 1192 1578 1225 tertio
1591 1192 1755 1234 scripserat
1769 1192 1876 1228 adhuc
1891 1194 2020 1229 AEneas
2037 1195 2111 1237 syl·

1222 1241 1292 1274 vius
1311 1249 1423 1275 contra
1450 1240 1710 1276 Univerfitatem
1732 1241 1984 1278 Viennensem.-
2011 1243 2108 1278 Dona
2122 1250 2158 1287 ζ,
2186 1261 2235 1289 ,6.

1221 1288 1387 1329 Viennensis
1417 1290 1518 1334 schola
1563 1291 1713 1325 indoctam
1744 1289 1928 1335 sententiam
1961 1294 2107 1335 protulit.

1220 1339 1350 1384 Nempe
1375 1342 1581 1386 responderat
1614 1341 1807 1385 interpositae
1847 1341 1888 1376 ad
1921 1342 2109 1388 generalem

1220 1391 1394 1433 synodum
1428 1391 1643 1436 appellationi
1666 1393 1767 1428 ineffe
1786 1393 1938 1427 effectum
1961 1394 2111 1437 suspensi,-

1218 1452 1314 1475 vum.
1342 1442 1386 1476 Et
1399 1453 1506 1478 revera
1526 1442 1689 1477 sententia
1711 1442 1772 1477 ista
1793 1442 1839 1477 est
1852 1441 2003 1477 haeretica
2016 1467 2028 1484 ‚
2053 1455 2110 1479 ex·

1217 1491 1302 1527 cutit
1339 1489 1486 1527 debitam
1515 1491 1718 1536 Apostolicae
1751 1492 1827 1527 Sedi
1857 1491 2109 1534 obedientiam,

1217 1551 1256 1575 ac
1278 1540 1491 1577 rebellionem
1512 1541 1642 1579 inducit
1666 1542 1862 1579 &Schisma
1877 1568 1886 1576 .
1912 1543 1992 1578 Hoc
2016 1544 2110 1578 enim

1217 1590 1319 1625 unico
1339 1592 1374 1624 in
1398 1595 1521 1633 puncto
1535 1592 1624 1627 haefit
1648 1594 1784 1628 schisma
1796 1593 1989 1628 Eusebianae
2000 1594 2111 1628 factio-

1218 1638 1268 1674 nis
1293 1665 1300 1672 .
1328 1641 1429 1674 Suam
1452 1642 1494 1674 de
1513 1643 1633 1676 Sancto
1660 1642 1844 1676 Athanasio
1868 1643 1903 1675 ἀ
1923 1644 2046 1676 cassato
2070 1642 2107 1684 in

1217 1689 1322 1731 ipsum
1334 1689 1446 1731 Tyrio
1458 1690 1587 1732 Iudicio
1599 1691 1795 1726 sententiam
1807 1692 1971 1726 retractari
1991 1692 2024 1725 in
2037 1693 2108 1727 Sar·

1216 1737 1337 1771 dicensi
1358 1739 1498 1780 Synodo
1522 1741 1715 1783 permiserat
1732 1741 1774 1774 ad
1785 1740 1979 1783 Principum
1997 1750 2108 1783 preces

1216 1787 1411 1822 &Ecclefiae
1435 1799 1548 1832 pacem
1569 1788 1872 1833 Julius-Pontifex,
1897 1787 2057 1825 mandans
2068 1790 2111 1825 il—

1216 1837 1284 1870 lum
1297 1837 1429 1871 assidere
1453 1839 1500 1873 uti
1513 1839 1730 1874 Canonicum
1745 1839 1948 1884 Episcopum
1975 1851 2013 1874 ac
2028 1840 2109 1885 legi-

1216 1887 1333 1921 timum
1354 1887 1602 1929 patriarcham,
1628 1890 1782 1933 suamque
1802 1888 1844 1924 de
1868 1889 1930 1924 illo
1939 1889 2108 1925 definitio·

1217 1947 1292 1970 nem
1307 1937 1342 1971 in
1356 1937 1450 1971 nullo
1463 1939 1533 1973 laedi
1547 1940 1597 1973 vel
1611 1940 1772 1984 suspendi.
1798 1938 1902 1988 Qod
1913 1940 2108 1975 mandatum

1214 1986 1294 2022 dum
1308 1997 1363 2030 per
1376 1988 1533 2022 Canones
1542 1996 1696 2023 excutere
1707 1989 1824 2023 nesciit
1835 1990 1934 2022 factio
1944 2013 1955 2030 ,
1980 1989 2015 2023 ἀ
2028 1988 2108 2024 obe·

1214 2036 1283 2070 dire
1294 2037 1405 2071 noluit
1417 2061 1428 2077 ,
1441 2040 1536 2072 noste
1550 2037 1913 2083 fugit-Philippopolim
1924 2062 1936 2080 ,
1962 2037 2107 2083 Ecclefie

1215 2085 1363 2129 regimen
1385 2097 1455 2119 non
1470 2088 1505 2120 in
1521 2087 1590 2122 solo
1615 2089 1775 2123 Romano
1787 2089 1956 2132 Episcopo
1967 2089 2108 2124 Monar-

1214 2132 1349 2168 chicum
1365 2157 1378 2173 ‚
1403 2133 1457 2168 sed
1472 2135 1506 2168 in
1519 2135 1624 2169 tribus
1636 2137 1814 2180 aequalibus
1824 2137 2023 2173 patriarchis
2041 2139 2107 2175 effe

1216 2182 1489 2219 Aristocraticum
1509 2185 1664 2221 definivit
1686 2211 1699 2228 ,
1725 2196 1825 2230 atque
1848 2188 1893 2221 ita
1914 2186 2107 2223 Romanam

1215 2233 1468 2278 Rempublicam
1494 2247 1581 2270 nova
1607 2234 1713 2272 haerefi
1738 2236 1918 2272 maculavit
1946 2262 1954 2270 .
1991 2237 2107 2272 Etiam

1213 2282 1423 2319 Theodoreti
1453 2284 1495 2320 ab
1524 2284 1690 2329 Ephefino
1727 2287 1904 2322 latrocinio
1936 2286 2106 2332 degradati

1214 2335 1332 2369 fastam
1351 2334 1371 2367 ὲ
1393 2334 1510 2369 Sansto
1539 2337 1655 2371 Leone
1667 2337 1906 2380 reparationem
1919 2338 2056 2380 quidam
2068 2339 2106 2372 in

1215 2382 1477 2421 Chalcedonenfi
1496 2386 1636 2429 Synodo
1657 2386 1814 2431 Episcopi
1836 2388 2041 2430 postularunt
2061 2387 2107 2423 ad

1213 2434 1495 2475 retractationem,
1521 2435 1674 2481 &ipsum
1693 2448 1735 2472 eo
1760 2438 1862 2481 usque
1883 2437 2059 2472 voluerunt
2085 2436 2106 2472 ὲ

1215 2486 1273 2519 suo
1295 2485 1458 2520 consensu
1485 2486 1673 2530 suspensum
1695 2514 1703 2521 .
1731 2487 1860 2522 Verum
1886 2487 2107 2533 gloriofiffimi

1216 2535 1344 2578 Judices
1367 2536 1565 2573 censuerunt
1590 2537 1693 2583 longe
1713 2538 1828 2572 aliud:
1853 2538 2042 2582 Ingrediamr
2068 2539 2106 2572 0*

1215 2585 1482 2626 Reverendiffimus
1492 2585 1656 2629 Episcopus
1680 2587 1875 2620 Theodoretus
1888 2611 1899 2626 ‚
1924 2596 1957 2619 ut
1969 2584 2009 2626 fit
2023 2596 2100 2629 por-

1213 2642 1304 2678 ticeps
1319 2637 1423 2673 synodi
1435 2659 1446 2675 ,
1471 2642 1548 2678 qula
1566 2638 1601 2671 (θ’
1620 2636 1747 2676 restituit
1754 2642 1782 2670 ei
1795 2634 2014 2679 Episcopatum
2030 2636 2103 2679 san·

1214 2687 1350 2726 lltffimus
1363 2684 1603 2729 Arcbiepfiopus
1614 2690 1674 2720 Leo
1686 2711 1697 2727 ,
1723 2688 1758 2721 6·
1766 2685 1975 2732 [acratiffimus
1987 2685 2105 2730 aeplis-

264 2752 338 2778 tum
354 2741 387 2775 ὅ(
398 2750 476 2774 tunc
490 2740 683 2774 unanimem
693 2739 821 2773 sensum
834 2737 1032 2781 loquebatur.
1053 2739 1152 2772 Nem·
1211 2736 1302 2778 limus
1314 2740 1480 2778 tmperator
1483 2734 1592 2779 sanxit
1602 2748 1668 2771 eum
1678 2738 1772 2780 adesse
1778 2734 1895 2779 sanHae
1904 2739 2013 2781 sinodo
2022 2762 2029 2769 .
2057 2736 2102 2771 Et

265 2791 307 2836 pe
321 2792 465 2834 Joannes
475 2789 602 2823 Gerson
625 2788 733 2823 Gallis
745 2788 886 2823 necdum
905 2799 985 2821 tunc
1009 2788 1156 2832 praedica-

267 2849 357 2876 verat
379 2839 503 2882 Papam
515 2838 637 2873 subeffe
651 2838 809 2873 Concilio
823 2862 834 2878 ,
861 2837 998 2881 ideoque
1021 2838 1062 2873 ad
1088 2838 1154 2873 hoc

266 2890 311 2928 ab
323 2889 383 2925 illo
394 2888 543 2935 legitime
557 2890 741 2933 provocari.
773 2887 956 2922 Audaciam
969 2887 1062 2922 istam
1074 2889 1154 2923 mul·

268 2941 313 2978 tis
327 2941 498 2975 infestatur
511 2939 704 2973 Benedictus
714 2964 725 2980 ,
750 2940 785 2973 &
800 2938 923 2983 pergit:
949 2937 1061 2971 Idciho
1074 2938 1155 2972 habi-

270 2999 307 3026 ta
313 2990 402 3035 super
425 2990 474 3024 bis
497 2989 707 3024 deliberatione
716 2999 857 3028 matura,
882 2986 938 3021 bac
956 2988 1155 3029 constitutione

268 3042 412 3085 perpetuo
422 3042 572 3073 duratura
581 3063 591 3080 ,
616 3045 649 3073 in
657 3051 757 3074 omnes
772 3038 932 3083 &singulos
943 3045 994 3080 qut·
1015 3041 1035 3070 ὰ
1047 3042 1155 3073 Roma·

273 3097 323 3126 nis
335 3090 526 3133 Pontificibus
539 3092 686 3124 Canonice
696 3089 881 3124 intrantibus
902 3089 1054 3130 appellare
1075 3097 1157 3132 prae·

269 3139 477 3186 sumpserint,
504 3146 809 3174 excommunicationi:
825 3137 1007 3183 sententiam
1022 3142 1155 3181 promul-

270 3203 399 3237 gamus.
428 3191 510 3226 Acta
533 3190 602 3225 haec
614 3202 714 3234 nuper
734 3189 912 3234 publicavit
925 3187 1078 3224 Eruditus
1092 3191 1159 3225 Lu-

277 3253 332 3276 cas
351 3240 536 3276 Dacherius
548 3266 555 3274 .
583 3240 628 3275 Et
649 3253 690 3275 ex
709 3241 782 3285 ipsis
802 3239 893 3274 vides
912 3237 1004 3274 hasce
1021 3242 1159 3284 appella-

277 3294 385 3326 tiones
405 3290 531 3324 dudum
552 3301 632 3326 ante
651 3290 702 3324 Pii
729 3289 859 3324 secundi
891 3300 966 3323 cum
991 3291 1157 3336 Gregorio

263 3369 265 3374 A
278 3341 516 3386 Heymburgio
528 3340 740 3383 quaestionem
760 3340 853 3374 fuisse
865 3339 1034 3374 damnatas
1046 3366 1053 3373 .
1082 3342 1159 3376 Un-

278 3391 320 3427 de
341 3392 377 3428 iu
388 3391 502 3427 litteris
521 3388 562 3427 ad
574 3389 865 3436 NorImbergenses
886 3389 1035 3426 laudatus
1046 3392 1161 3427 Ponti-

1215 2786 1386 2821 adversum
1411 2786 1506 2821 duras
1528 2788 1706 2821 multorum
1730 2786 1972 2821 intercessiones
1991 2787 2102 2821 denuo

1216 2838 1425 2880 reposuerunt
1451 2849 1459 2869 :
1487 2839 1702 2878 PraeJudicium
1726 2848 1764 2870 ex
1784 2836 1910 2880 persona
1931 2837 2104 2871 Theodorei!

1216 2885 1358 2929 Episcopi
1381 2888 1455 2921 null}
1475 2887 1687 2932 generabitur,
1712 2885 1866 2930 reservata
1888 2889 2029 2921 videlicet
2038 2886 2101 2929 post

1217 2936 1278 2972 baec
1289 2942 1369 2971 omni
1381 2935 1557 2982 accusatione
1571 2938 1605 2971 Θ
1616 2938 1700 2970 vobis
1714 2939 1748 2971 (a
1759 2939 1823 2977 illi,
1850 2939 1885 2971 (9·
1894 2947 1961 2979 quae
1970 2943 2101 2970 invicem

1216 2999 1347 3022 exercere
1359 2990 1526 3022 volueritis.
1555 2986 1759 3022 Promittant
1780 2988 1910 3021 causam
1932 2989 2102 3022 retractan-

1217 3038 1293 3073 dam
1305 3060 1315 3076 ,
1341 3048 1374 3072 at
1386 3038 1531 3073 Romani
1544 3038 1696 3082 Episcopi
1709 3037 1903 3072 sententiam
1928 3037 2022 3072 nullo
2034 3049 2102 3072 mo·

1217 3089 1262 3123 do
1275 3088 1600 3131 voluntxsuspensam.
1628 3088 1672 3122 Et
1684 3089 1828 3133 ipsorum
1842 3087 1966 3131 judicio
1988 3088 2100 3122 omnis

1218 3139 1351 3173 tandem
1374 3138 1526 3181 Synodus
1537 3138 1700 3182 acquievit
1712 3164 1720 3171 .

1271 3189 1382 3236 Qam
1406 3188 1503 3222 fidem
1516 3188 1773 3224 constantiffime
1790 3186 1895 3223 tenuit
1917 3187 2020 3221 etiam
2043 3199 2099 3231 po-

1219 3239 1333 3274 sterior
1353 3240 1474 3281 semper
1497 3239 1658 3274 Ecclesia.
1687 3240 1820 3274 Etenim
1842 3236 1884 3270 de
1898 3237 2097 3281 Trajestcnfi

1220 3289 1363 3324 Civitate
1397 3289 1432 3323 &
1455 3288 1594 3324 Dioecefi
1619 3316 1630 3331 ‚
1667 3289 1817 3326 adversus
1838 3287 2098 3322 Ecclefiasticum

1221 3338 1358 3373 Martini
1370 3337 1478 3383 quinti
1490 3339 1701 3375 interdictum
1724 3337 1930 3383 appellante,
1957 3338 2098 3381 ideoque

1220 3388 1347 3426 Divina
1378 3390 1486 3425 officia
1508 3391 1527 3429 a
1550 3391 1688 3427 Clericis
1712 3390 1747 3426 δε
1772 3388 1950 3424 Monachis
1977 3387 2097 3423 resumi

1991 3449 2049 3474 aut

2117 2853 2184 2886 Ast·
