<?xml version="1.0" encoding="UTF-8"?>
<!DOCTYPE html PUBLIC "-//W3C//DTD XHTML 1.0 Transitional//EN"
    "http://www.w3.org/TR/xhtml1/DTD/xhtml1-transitional.dtd">
<html xmlns="http://www.w3.org/1999/xhtml" xml:lang="en" lang="en">
 <head>
  <title>
</title>
<meta http-equiv="Content-Type" content="text/html;charset=utf-8" />
  <meta name='ocr-system' content='tesseract 3.04.00' />
  <meta name='ocr-capabilities' content='ocr_page ocr_carea ocr_par ocr_line ocrx_word'/>
</head>
<body>
  <div class='ocr_page' id='page_1' title='image "./operaomniastudio05lupuuoft_0338.png"; bbox 0 0 2366 3756; ppageno 0'>
   <div class='ocr_carea' id='block_1_1' title="bbox 364 160 458 219">
    <p class='ocr_par' dir='ltr' id='par_1_1' title="bbox 364 160 458 219">
     <span class='ocr_line' id='line_1_1' title="bbox 364 160 458 219; baseline 0 0"><span class='ocrx_word' id='word_1_1' title='bbox 364 160 458 219; x_wconf 81' lang='lat'>328</span> 
     </span>
    </p>
   </div>
   <div class='ocr_carea' id='block_1_2' title="bbox 277 239 1178 1896">
    <p class='ocr_par' dir='ltr' id='par_1_2' title="bbox 268 239 1178 1896">
     <span class='ocr_line' id='line_1_2' title="bbox 294 239 1178 286; baseline -0.005 -7"><span class='ocrx_word' id='word_1_2' title='bbox 294 245 377 283; x_wconf 77' lang='lat' dir='ltr'>tensi</span> <span class='ocrx_word' id='word_1_3' title='bbox 399 243 564 286; x_wconf 76' lang='lat' dir='ltr'><strong>Episcopo</strong></span> <span class='ocrx_word' id='word_1_4' title='bbox 585 239 642 285; x_wconf 71' lang='lat' dir='ltr'>&#39;per</span> <span class='ocrx_word' id='word_1_5' title='bbox 673 239 798 277; x_wconf 87' lang='lat' dir='ltr'>Gallias</span> <span class='ocrx_word' id='word_1_6' title='bbox 822 241 907 275; x_wconf 85' lang='lat' dir='ltr'>olim</span> <span class='ocrx_word' id='word_1_7' title='bbox 931 240 1064 283; x_wconf 80' lang='lat' dir='ltr'>dederat</span> <span class='ocrx_word' id='word_1_8' title='bbox 1091 239 1178 285; x_wconf 82' lang='lat' dir='ltr'>Papa</span> 
     </span>
     <span class='ocr_line' id='line_1_3' title="bbox 294 290 1177 341; baseline -0.005 -12"><span class='ocrx_word' id='word_1_9' title='bbox 294 297 464 341; x_wconf 82' lang='lat' dir='ltr'>Zozymus</span> <span class='ocrx_word' id='word_1_10' title='bbox 479 315 490 332; x_wconf 93' lang='lat'>,</span> <span class='ocrx_word' id='word_1_11' title='bbox 516 301 579 325; x_wconf 90' lang='lat' dir='ltr'>nec</span> <span class='ocrx_word' id='word_1_12' title='bbox 600 302 669 325; x_wconf 86' lang='lat' dir='ltr'>non</span> <span class='ocrx_word' id='word_1_13' title='bbox 692 291 798 331; x_wconf 64' lang='lat' dir='ltr'>Sandti</span> <span class='ocrx_word' id='word_1_14' title='bbox 817 290 1011 335; x_wconf 80' lang='lat' dir='ltr'>Trophymi</span> <span class='ocrx_word' id='word_1_15' title='bbox 1031 314 1043 332; x_wconf 84' lang='lat'><strong>,</strong></span> <span class='ocrx_word' id='word_1_16' title='bbox 1069 290 1087 325; x_wconf 72' lang='grc' dir='ltr'>ὲ</span> <span class='ocrx_word' id='word_1_17' title='bbox 1109 302 1177 337; x_wconf 77' lang='lat' dir='ltr'>quo</span> 
     </span>
     <span class='ocr_line' id='line_1_4' title="bbox 293 340 1177 386; baseline -0.003 -9"><span class='ocrx_word' id='word_1_18' title='bbox 293 342 532 382; x_wconf 63' lang='lat' dir='ltr'>Arelatensium</span> <span class='ocrx_word' id='word_1_19' title='bbox 554 341 660 385; x_wconf 85' lang='lat' dir='ltr'>primo</span> <span class='ocrx_word' id='word_1_20' title='bbox 684 340 849 386; x_wconf 78' lang='lat' dir='ltr'>Episcopo</span> <span class='ocrx_word' id='word_1_21' title='bbox 869 340 1060 378; x_wconf 80' lang='lat' dir='ltr'>adfirmabat</span> <span class='ocrx_word' id='word_1_22' title='bbox 1072 341 1177 375; x_wconf 82' lang='lat' dir='ltr'>Evan-</span> 
     </span>
     <span class='ocr_line' id='line_1_5' title="bbox 292 391 1176 438; baseline -0.001 -11"><span class='ocrx_word' id='word_1_23' title='bbox 292 393 372 438; x_wconf 83' lang='lat' dir='ltr'>gelii</span> <span class='ocrx_word' id='word_1_24' title='bbox 386 392 527 437; x_wconf 83' lang='lat' dir='ltr'>gratiam</span> <span class='ocrx_word' id='word_1_25' title='bbox 551 391 675 431; x_wconf 86' lang='lat' dir='ltr'>illatam</span> <span class='ocrx_word' id='word_1_26' title='bbox 687 391 826 433; x_wconf 81' lang='lat' dir='ltr'>Galliae,</span> <span class='ocrx_word' id='word_1_27' title='bbox 852 393 977 434; x_wconf 82' lang='lat' dir='ltr'>meritis</span> <span class='ocrx_word' id='word_1_28' title='bbox 994 394 1092 434; x_wconf 80' lang='lat' dir='ltr'>fretus</span> <span class='ocrx_word' id='word_1_29' title='bbox 1113 391 1176 432; x_wconf 78' lang='lat' dir='ltr'>Hi.-</span> 
     </span>
     <span class='ocr_line' id='line_1_6' title="bbox 291 441 1176 486; baseline -0.005 -8"><span class='ocrx_word' id='word_1_30' title='bbox 291 443 393 480; x_wconf 87' lang='lat' dir='ltr'>larius</span> <span class='ocrx_word' id='word_1_31' title='bbox 404 441 461 476; x_wconf 85' lang='lat' dir='ltr'>fibi</span> <span class='ocrx_word' id='word_1_32' title='bbox 474 442 652 486; x_wconf 84' lang='lat' dir='ltr'>adrogab&#39;at</span> <span class='ocrx_word' id='word_1_33' title='bbox 663 441 846 479; x_wconf 86' lang='lat' dir='ltr'>Primatum</span> <span class='ocrx_word' id='word_1_34' title='bbox 857 454 912 486; x_wconf 89' lang='lat' dir='ltr'>per</span> <span class='ocrx_word' id='word_1_35' title='bbox 923 443 1028 486; x_wconf 84' lang='lat' dir='ltr'>plures</span> <span class='ocrx_word' id='word_1_36' title='bbox 1040 441 1176 482; x_wconf 80' lang='lat' dir='ltr'>Provin-</span> 
     </span>
     <span class='ocr_line' id='line_1_7' title="bbox 291 491 1178 536; baseline -0.001 -8"><span class='ocrx_word' id='word_1_37' title='bbox 291 493 361 531; x_wconf 84' lang='lat' dir='ltr'><strong>cias</strong></span> <span class='ocrx_word' id='word_1_38' title='bbox 376 517 387 534; x_wconf 94' lang='lat'>,</span> <span class='ocrx_word' id='word_1_39' title='bbox 413 493 447 527; x_wconf 78' lang='lat' dir='ltr'>dc</span> <span class='ocrx_word' id='word_1_40' title='bbox 469 493 608 536; x_wconf 81' lang='lat' dir='ltr'>ipsarum</span> <span class='ocrx_word' id='word_1_41' title='bbox 630 492 812 536; x_wconf 87' lang='lat' dir='ltr'>Episcopos</span> <span class='ocrx_word' id='word_1_42' title='bbox 843 491 1061 536; x_wconf 65' lang='lat' dir='ltr'>praetendebat</span> <span class='ocrx_word' id='word_1_43' title='bbox 1096 501 1178 529; x_wconf 89' lang='lat' dir='ltr'>tam.-</span> 
     </span>
     <span class='ocr_line' id='line_1_8' title="bbox 291 543 1174 589; baseline -0.001 -12"><span class='ocrx_word' id='word_1_44' title='bbox 291 553 390 589; x_wconf 87' lang='lat' dir='ltr'>quam</span> <span class='ocrx_word' id='word_1_45' title='bbox 443 543 542 581; x_wconf 84' lang='lat' dir='ltr'>rimas</span> <span class='ocrx_word' id='word_1_46' title='bbox 567 544 600 580; x_wconf 82' lang='lat'>&amp;</span> <span class='ocrx_word' id='word_1_47' title='bbox 623 544 818 584; x_wconf 79' lang='lat' dir='ltr'>confirmare</span> <span class='ocrx_word' id='word_1_48' title='bbox 842 543 875 580; x_wconf 71' lang='grc' dir='ltr'>ἀ</span> <span class='ocrx_word' id='word_1_49' title='bbox 898 544 1088 584; x_wconf 73' lang='lat' dir='ltr'>,consecrare</span> <span class='ocrx_word' id='word_1_50' title='bbox 1106 567 1113 576; x_wconf 91' lang='lat'><strong>.</strong></span> <span class='ocrx_word' id='word_1_51' title='bbox 1142 543 1174 583; x_wconf 64' lang='lat' dir='ltr'>A,</span> 
     </span>
     <span class='ocr_line' id='line_1_9' title="bbox 290 590 1176 642; baseline 0.001 -15"><span class='ocrx_word' id='word_1_52' title='bbox 290 590 465 633; x_wconf 76' lang='lat' dir='ltr'>civitatum</span> <span class='ocrx_word' id='word_1_53' title='bbox 488 594 586 629; x_wconf 90' lang='lat' dir='ltr'>Clero</span> <span class='ocrx_word' id='word_1_54' title='bbox 612 605 651 629; x_wconf 84' lang='lat' dir='ltr'>ac</span> <span class='ocrx_word' id='word_1_55' title='bbox 664 593 790 637; x_wconf 80' lang='lat' dir='ltr'>populo</span> <span class='ocrx_word' id='word_1_56' title='bbox 808 591 946 642; x_wconf 62' lang='lat' dir='ltr'>eleetos,</span> <span class='ocrx_word' id='word_1_57' title='bbox 972 605 1012 628; x_wconf 87' lang='lat' dir='ltr'>ac</span> <span class='ocrx_word' id='word_1_58' title='bbox 1032 592 1073 628; x_wconf 85' lang='lat' dir='ltr'>ab</span> <span class='ocrx_word' id='word_1_59' title='bbox 1095 593 1176 637; x_wconf 84' lang='lat' dir='ltr'>ipsa-</span> 
     </span>
     <span class='ocr_line' id='line_1_10' title="bbox 287 643 1176 687; baseline 0.001 -10"><span class='ocrx_word' id='word_1_60' title='bbox 287 655 365 684; x_wconf 60' lang='lat' dir='ltr'>rum</span> <span class='ocrx_word' id='word_1_61' title='bbox 388 643 615 687; x_wconf 82' lang='lat' dir='ltr'>Metropolitis</span> <span class='ocrx_word' id='word_1_62' title='bbox 649 644 863 684; x_wconf 80' lang='lat' dir='ltr'>confirmatos</span> <span class='ocrx_word' id='word_1_63' title='bbox 894 644 930 679; x_wconf 78' lang='grc' dir='ltr'>δε</span> <span class='ocrx_word' id='word_1_64' title='bbox 969 644 1176 682; x_wconf 76' lang='lat' dir='ltr'>consecratos</span> 
     </span>
     <span class='ocr_line' id='line_1_11' title="bbox 288 693 1173 739; baseline -0.003 -9"><span class='ocrx_word' id='word_1_65' title='bbox 288 694 441 739; x_wconf 71' lang='lat' dir='ltr'>ejiciebat</span> <span class='ocrx_word' id='word_1_66' title='bbox 462 704 587 734; x_wconf 79' lang='lat' dir='ltr'>armata</span> <span class='ocrx_word' id='word_1_67' title='bbox 596 704 720 735; x_wconf 87' lang='lat' dir='ltr'>manu,</span> <span class='ocrx_word' id='word_1_68' title='bbox 746 694 781 729; x_wconf 79' lang='grc' dir='ltr'>δε</span> <span class='ocrx_word' id='word_1_69' title='bbox 802 695 878 731; x_wconf 87' lang='lat' dir='ltr'>suos</span> <span class='ocrx_word' id='word_1_70' title='bbox 891 693 1005 736; x_wconf 85' lang='lat' dir='ltr'>eadem</span> <span class='ocrx_word' id='word_1_71' title='bbox 1015 694 1173 733; x_wconf 87' lang='lat' dir='ltr'>violentia</span> 
     </span>
     <span class='ocr_line' id='line_1_12' title="bbox 288 743 1174 785; baseline -0.001 -6"><span class='ocrx_word' id='word_1_72' title='bbox 288 744 479 779; x_wconf 83' lang='lat' dir='ltr'>intrudebat</span> <span class='ocrx_word' id='word_1_73' title='bbox 498 770 505 784; x_wconf 75' lang='grc'><strong>,</strong></span> <span class='ocrx_word' id='word_1_74' title='bbox 533 746 582 780; x_wconf 92' lang='lat' dir='ltr'>Ita</span> <span class='ocrx_word' id='word_1_75' title='bbox 602 755 672 779; x_wconf 90' lang='lat' dir='ltr'>non</span> <span class='ocrx_word' id='word_1_76' title='bbox 694 744 780 780; x_wconf 90' lang='lat' dir='ltr'>solas</span> <span class='ocrx_word' id='word_1_77' title='bbox 801 745 1064 785; x_wconf 83' lang='lat' dir='ltr'>consecrationes</span> <span class='ocrx_word' id='word_1_78' title='bbox 1086 768 1097 784; x_wconf 94' lang='lat'>‚</span> <span class='ocrx_word' id='word_1_79' title='bbox 1122 743 1174 778; x_wconf 89' lang='lat' dir='ltr'>sed</span> 
     </span>
     <span class='ocr_line' id='line_1_13' title="bbox 287 793 1173 832; baseline 0.001 -4"><span class='ocrx_word' id='word_1_80' title='bbox 287 795 521 832; x_wconf 81' lang='lat' dir='ltr'>&amp;Canonicas</span> <span class='ocrx_word' id='word_1_81' title='bbox 547 794 744 829; x_wconf 87' lang='lat' dir='ltr'>Antistitum</span> <span class='ocrx_word' id='word_1_82' title='bbox 768 796 943 830; x_wconf 68' lang='lat' dir='ltr'>electiones</span> <span class='ocrx_word' id='word_1_83' title='bbox 965 793 1111 829; x_wconf 83' lang='lat' dir='ltr'>violabat</span> <span class='ocrx_word' id='word_1_84' title='bbox 1136 805 1173 829; x_wconf 80' lang='lat' dir='ltr'>ac</span> 
     </span>
     <span class='ocr_line' id='line_1_14' title="bbox 287 843 1171 888; baseline 0.002 -10"><span class='ocrx_word' id='word_1_85' title='bbox 287 843 464 884; x_wconf 81' lang='lat' dir='ltr'>invadebat</span> <span class='ocrx_word' id='word_1_86' title='bbox 474 870 482 878; x_wconf 91' lang='lat'><strong>.</strong></span> <span class='ocrx_word' id='word_1_87' title='bbox 510 845 554 879; x_wconf 89' lang='lat' dir='ltr'>Et</span> <span class='ocrx_word' id='word_1_88' title='bbox 567 844 655 880; x_wconf 89' lang='lat' dir='ltr'>hanc</span> <span class='ocrx_word' id='word_1_89' title='bbox 667 844 735 887; x_wconf 81' lang='lat' dir='ltr'>ejus</span> <span class='ocrx_word' id='word_1_90' title='bbox 748 845 958 880; x_wconf 85' lang='lat' dir='ltr'>insolentiam</span> <span class='ocrx_word' id='word_1_91' title='bbox 975 854 1171 888; x_wconf 83' lang='lat' dir='ltr'>praeventura</span> 
     </span>
     <span class='ocr_line' id='line_1_15' title="bbox 286 894 1172 939; baseline 0.002 -10"><span class='ocrx_word' id='word_1_92' title='bbox 286 906 326 929; x_wconf 89' lang='lat' dir='ltr'>ac</span> <span class='ocrx_word' id='word_1_93' title='bbox 339 896 470 929; x_wconf 88' lang='lat' dir='ltr'>evasura</span> <span class='ocrx_word' id='word_1_94' title='bbox 483 894 743 936; x_wconf 86' lang='lat' dir='ltr'>Ebredunenfis,</span> <span class='ocrx_word' id='word_1_95' title='bbox 772 894 911 939; x_wconf 83' lang='lat' dir='ltr'>Alpium</span> <span class='ocrx_word' id='word_1_96' title='bbox 934 895 1172 938; x_wconf 72' lang='lat' dir='ltr'>maritimarum</span> 
     </span>
     <span class='ocr_line' id='line_1_16' title="bbox 284 945 1173 993; baseline 0 -13"><span class='ocrx_word' id='word_1_97' title='bbox 284 945 547 991; x_wconf 86' lang='lat' dir='ltr'>Metropolitana</span> <span class='ocrx_word' id='word_1_98' title='bbox 569 970 581 986; x_wconf 93' lang='lat'>,</span> <span class='ocrx_word' id='word_1_99' title='bbox 606 945 751 981; x_wconf 83' lang='lat' dir='ltr'>Ecclesia</span> <span class='ocrx_word' id='word_1_100' title='bbox 767 946 1005 993; x_wconf 75' lang='lat' dir='ltr'>praecipitanter</span> <span class='ocrx_word' id='word_1_101' title='bbox 1024 945 1085 979; x_wconf 86' lang='lat' dir='ltr'>fibi</span> <span class='ocrx_word' id='word_1_102' title='bbox 1111 946 1173 980; x_wconf 89' lang='lat' dir='ltr'>ele-</span> 
     </span>
     <span class='ocr_line' id='line_1_17' title="bbox 284 994 1172 1048; baseline 0 -19"><span class='ocrx_word' id='word_1_103' title='bbox 284 995 335 1043; x_wconf 83' lang='lat' dir='ltr'>git</span> <span class='ocrx_word' id='word_1_104' title='bbox 357 994 602 1033; x_wconf 85' lang='lat' dir='ltr'>Armentarium</span> <span class='ocrx_word' id='word_1_105' title='bbox 625 1020 636 1038; x_wconf 90' lang='lat'>‚</span> <span class='ocrx_word' id='word_1_106' title='bbox 664 996 699 1031; x_wconf 76' lang='grc' dir='ltr'>ἀ</span> <span class='ocrx_word' id='word_1_107' title='bbox 719 1007 774 1048; x_wconf 79' lang='lat' dir='ltr'>per</span> <span class='ocrx_word' id='word_1_108' title='bbox 795 996 878 1032; x_wconf 90' lang='lat' dir='ltr'>duos</span> <span class='ocrx_word' id='word_1_109' title='bbox 897 994 1071 1038; x_wconf 77' lang='lat' dir='ltr'>dumtaxat</span> <span class='ocrx_word' id='word_1_110' title='bbox 1095 995 1172 1039; x_wconf 86' lang='lat' dir='ltr'>Epi-</span> 
     </span>
     <span class='ocr_line' id='line_1_18' title="bbox 283 1046 1172 1089; baseline -0.002 -7"><span class='ocrx_word' id='word_1_111' title='bbox 283 1047 401 1088; x_wconf 80' lang='lat' dir='ltr'>scopos</span> <span class='ocrx_word' id='word_1_112' title='bbox 420 1048 502 1087; x_wconf 78' lang='lat' dir='ltr'>fecit</span> <span class='ocrx_word' id='word_1_113' title='bbox 523 1047 702 1088; x_wconf 82' lang='lat' dir='ltr'>consecrari</span> <span class='ocrx_word' id='word_1_114' title='bbox 724 1056 838 1088; x_wconf 76' lang='lat' dir='ltr'>contra</span> <span class='ocrx_word' id='word_1_115' title='bbox 860 1046 1018 1086; x_wconf 81' lang='lat' dir='ltr'>Canones</span> <span class='ocrx_word' id='word_1_116' title='bbox 1037 1070 1049 1086; x_wconf 91' lang='lat'>,</span> <span class='ocrx_word' id='word_1_117' title='bbox 1073 1055 1172 1089; x_wconf 90' lang='lat' dir='ltr'>atque</span> 
     </span>
     <span class='ocr_line' id='line_1_19' title="bbox 281 1095 1170 1141; baseline 0.001 -13"><span class='ocrx_word' id='word_1_118' title='bbox 281 1095 330 1133; x_wconf 83' lang='lat' dir='ltr'>ita</span> <span class='ocrx_word' id='word_1_119' title='bbox 352 1096 431 1134; x_wconf 84' lang='lat' dir='ltr'>fecit</span> <span class='ocrx_word' id='word_1_120' title='bbox 452 1096 643 1132; x_wconf 85' lang='lat' dir='ltr'>obnoxium</span> <span class='ocrx_word' id='word_1_121' title='bbox 664 1097 894 1141; x_wconf 85' lang='lat' dir='ltr'>degradationi</span> <span class='ocrx_word' id='word_1_122' title='bbox 916 1121 927 1138; x_wconf 90' lang='lat'>‚</span> <span class='ocrx_word' id='word_1_123' title='bbox 964 1095 1094 1130; x_wconf 68' lang='lat' dir='ltr'>inflistae</span> <span class='ocrx_word' id='word_1_124' title='bbox 1116 1107 1170 1139; x_wconf 86' lang='lat' dir='ltr'>per</span> 
     </span>
     <span class='ocr_line' id='line_1_20' title="bbox 284 1144 1170 1192; baseline -0.003 -10.053"><span class='ocrx_word' id='word_1_125' title='bbox 284 1144 459 1188; x_wconf 81' lang='lat' dir='ltr'>Synodum</span> <span class='ocrx_word' id='word_1_126' title='bbox 476 1146 667 1191; x_wconf 69' lang='lat' dir='ltr'>Rejensem‚</span> <span class='ocrx_word' id='word_1_127' title='bbox 694 1148 790 1181; x_wconf 87' lang='lat' dir='ltr'>Hinc</span> <span class='ocrx_word' id='word_1_128' title='bbox 812 1147 894 1181; x_wconf 89' lang='lat' dir='ltr'>item</span> <span class='ocrx_word' id='word_1_129' title='bbox 907 1144 1170 1192; x_wconf 81' lang='lat' dir='ltr'>Chelidonium,</span> 
     </span>
     <span class='ocr_line' id='line_1_21' title="bbox 278 1194 1169 1240; baseline -0.007 -7"><span class='ocrx_word' id='word_1_130' title='bbox 278 1195 434 1233; x_wconf 72' lang='lat' dir='ltr'>maxima:</span> <span class='ocrx_word' id='word_1_131' title='bbox 445 1197 671 1240; x_wconf 81' lang='lat' dir='ltr'>Sequanorum</span> <span class='ocrx_word' id='word_1_132' title='bbox 690 1196 876 1238; x_wconf 61' lang='lat' dir='ltr'>yrovinciae</span> <span class='ocrx_word' id='word_1_133' title='bbox 896 1194 1169 1238; x_wconf 81' lang='lat' dir='ltr'>Metropolitam,</span> 
     </span>
     <span class='ocr_line' id='line_1_22' title="bbox 277 1245 1171 1290; baseline -0.001 -11"><span class='ocrx_word' id='word_1_134' title='bbox 277 1245 372 1290; x_wconf 72' lang='lat' dir='ltr'>quod</span> <span class='ocrx_word' id='word_1_135' title='bbox 384 1247 450 1281; x_wconf 87' lang='lat' dir='ltr'>fine</span> <span class='ocrx_word' id='word_1_136' title='bbox 461 1247 520 1281; x_wconf 87' lang='lat' dir='ltr'>suo</span> <span class='ocrx_word' id='word_1_137' title='bbox 531 1247 717 1286; x_wconf 83' lang='lat' dir='ltr'>interventu</span> <span class='ocrx_word' id='word_1_138' title='bbox 738 1253 910 1290; x_wconf 85' lang='lat' dir='ltr'>promotus</span> <span class='ocrx_word' id='word_1_139' title='bbox 932 1245 1034 1284; x_wconf 77' lang='lat' dir='ltr'>esset,</span> <span class='ocrx_word' id='word_1_140' title='bbox 1059 1246 1171 1279; x_wconf 82' lang='lat' dir='ltr'>excus-</span> 
     </span>
     <span class='ocr_line' id='line_1_23' title="bbox 284 1292 1169 1340; baseline -0.001 -11"><span class='ocrx_word' id='word_1_141' title='bbox 284 1298 377 1330; x_wconf 84' lang='lat' dir='ltr'>surus</span> <span class='ocrx_word' id='word_1_142' title='bbox 395 1296 545 1330; x_wconf 85' lang='lat' dir='ltr'>Hilarius</span> <span class='ocrx_word' id='word_1_143' title='bbox 565 1296 630 1330; x_wconf 87' lang='lat' dir='ltr'>fuit</span> <span class='ocrx_word' id='word_1_144' title='bbox 640 1293 858 1331; x_wconf 81' lang='lat' dir='ltr'>calumniatus</span> <span class='ocrx_word' id='word_1_145' title='bbox 879 1294 920 1329; x_wconf 90' lang='lat' dir='ltr'>de</span> <span class='ocrx_word' id='word_1_146' title='bbox 932 1292 1096 1340; x_wconf 85' lang='lat' dir='ltr'>bigamia.</span> <span class='ocrx_word' id='word_1_147' title='bbox 1125 1295 1169 1328; x_wconf 88' lang='lat' dir='ltr'>Et</span> 
     </span>
     <span class='ocr_line' id='line_1_24' title="bbox 285 1343 1168 1385; baseline 0.001 -7"><span class='ocrx_word' id='word_1_148' title='bbox 285 1343 377 1383; x_wconf 79' lang='lat' dir='ltr'>hisce</span> <span class='ocrx_word' id='word_1_149' title='bbox 386 1344 587 1380; x_wconf 86' lang='lat' dir='ltr'>facinoribus</span> <span class='ocrx_word' id='word_1_150' title='bbox 606 1344 736 1379; x_wconf 73' lang='lat' dir='ltr'>lassatus</span> <span class='ocrx_word' id='word_1_151' title='bbox 748 1345 818 1378; x_wconf 90' lang='lat' dir='ltr'>Leo</span> <span class='ocrx_word' id='word_1_152' title='bbox 829 1343 989 1385; x_wconf 75' lang='lat' dir='ltr'>Pontifex</span> <span class='ocrx_word' id='word_1_153' title='bbox 1001 1345 1168 1379; x_wconf 87' lang='lat' dir='ltr'>Hilarium</span> 
     </span>
     <span class='ocr_line' id='line_1_25' title="bbox 284 1393 1170 1434; baseline 0.002 -6"><span class='ocrx_word' id='word_1_154' title='bbox 284 1394 401 1434; x_wconf 67' lang='lat' dir='ltr'>citavit</span> <span class='ocrx_word' id='word_1_155' title='bbox 419 1395 565 1431; x_wconf 87' lang='lat' dir='ltr'>Romam</span> <span class='ocrx_word' id='word_1_156' title='bbox 588 1407 597 1427; x_wconf 89' lang='lat'>:</span> <span class='ocrx_word' id='word_1_157' title='bbox 624 1394 669 1428; x_wconf 86' lang='lat' dir='ltr'>Et</span> <span class='ocrx_word' id='word_1_158' title='bbox 691 1393 840 1429; x_wconf 87' lang='lat' dir='ltr'>Hilarius</span> <span class='ocrx_word' id='word_1_159' title='bbox 859 1394 1000 1433; x_wconf 70' lang='lat' dir='ltr'>omnino</span> <span class='ocrx_word' id='word_1_160' title='bbox 1021 1393 1170 1430; x_wconf 86' lang='lat' dir='ltr'>obedivit</span> 
     </span>
     <span class='ocr_line' id='line_1_26' title="bbox 283 1439 1169 1492; baseline 0.001 -13"><span class='ocrx_word' id='word_1_161' title='bbox 283 1456 383 1487; x_wconf 85' lang='lat' dir='ltr'>atque</span> <span class='ocrx_word' id='word_1_162' title='bbox 392 1444 539 1482; x_wconf 85' lang='lat' dir='ltr'>acceffit.</span> <span class='ocrx_word' id='word_1_163' title='bbox 565 1444 673 1492; x_wconf 75' lang='lat' dir='ltr'>Qod</span> <span class='ocrx_word' id='word_1_164' title='bbox 683 1445 781 1489; x_wconf 85' lang='lat' dir='ltr'>pedes</span> <span class='ocrx_word' id='word_1_165' title='bbox 798 1445 980 1483; x_wconf 84' lang='lat' dir='ltr'>cumomni</span> <span class='ocrx_word' id='word_1_166' title='bbox 1002 1439 1169 1481; x_wconf 66' lang='lat' dir='ltr'>Humilita-</span> 
     </span>
     <span class='ocr_line' id='line_1_27' title="bbox 285 1495 1168 1539; baseline -0.002 -9"><span class='ocrx_word' id='word_1_167' title='bbox 285 1505 319 1530; x_wconf 93' lang='lat' dir='ltr'>te</span> <span class='ocrx_word' id='word_1_168' title='bbox 339 1495 524 1538; x_wconf 84' lang='lat' dir='ltr'>accefferit,</span> <span class='ocrx_word' id='word_1_169' title='bbox 549 1496 684 1534; x_wconf 83' lang='lat' dir='ltr'>testatur</span> <span class='ocrx_word' id='word_1_170' title='bbox 708 1495 777 1539; x_wconf 83' lang='lat' dir='ltr'>ejus</span> <span class='ocrx_word' id='word_1_171' title='bbox 797 1496 862 1530; x_wconf 87' lang='lat' dir='ltr'>vita</span> <span class='ocrx_word' id='word_1_172' title='bbox 883 1518 891 1529; x_wconf 85' lang='lat'>.</span> <span class='ocrx_word' id='word_1_173' title='bbox 935 1496 1063 1533; x_wconf 74' lang='lat' dir='ltr'>Verum</span> <span class='ocrx_word' id='word_1_174' title='bbox 1089 1495 1168 1531; x_wconf 87' lang='lat' dir='ltr'>dum</span> 
     </span>
     <span class='ocr_line' id='line_1_28' title="bbox 283 1543 1167 1591; baseline -0.002 -12"><span class='ocrx_word' id='word_1_175' title='bbox 283 1543 443 1583; x_wconf 83' lang='lat' dir='ltr'>Pontifici</span> <span class='ocrx_word' id='word_1_176' title='bbox 453 1546 524 1585; x_wconf 83' lang='lat' dir='ltr'>suas</span> <span class='ocrx_word' id='word_1_177' title='bbox 547 1557 616 1586; x_wconf 83' lang='lat' dir='ltr'>non</span> <span class='ocrx_word' id='word_1_178' title='bbox 628 1545 733 1591; x_wconf 82' lang='lat' dir='ltr'>potest</span> <span class='ocrx_word' id='word_1_179' title='bbox 744 1543 930 1588; x_wconf 86' lang='lat' dir='ltr'>persuadere</span> <span class='ocrx_word' id='word_1_180' title='bbox 953 1545 1144 1581; x_wconf 84' lang='lat' dir='ltr'>insolentias</span> <span class='ocrx_word' id='word_1_181' title='bbox 1157 1568 1167 1583; x_wconf 97' lang='lat'>,</span> 
     </span>
     <span class='ocr_line' id='line_1_29' title="bbox 283 1593 1172 1640; baseline -0.004 -9"><span class='ocrx_word' id='word_1_182' title='bbox 283 1595 318 1633; x_wconf 68' lang='grc' dir='ltr'>δι</span> <span class='ocrx_word' id='word_1_183' title='bbox 330 1595 478 1640; x_wconf 81' lang='lat' dir='ltr'>castigari</span> <span class='ocrx_word' id='word_1_184' title='bbox 494 1596 610 1636; x_wconf 81' lang='lat' dir='ltr'>timet,</span> <span class='ocrx_word' id='word_1_185' title='bbox 635 1595 706 1640; x_wconf 78' lang='lat' dir='ltr'>ipso</span> <span class='ocrx_word' id='word_1_186' title='bbox 717 1594 897 1635; x_wconf 85' lang='lat' dir='ltr'>insalutato</span> <span class='ocrx_word' id='word_1_187' title='bbox 908 1593 1028 1634; x_wconf 77' lang='lat' dir='ltr'>redivit</span> <span class='ocrx_word' id='word_1_188' title='bbox 1048 1594 1083 1628; x_wconf 88' lang='lat' dir='ltr'>in</span> <span class='ocrx_word' id='word_1_189' title='bbox 1095 1594 1172 1627; x_wconf 86' lang='lat' dir='ltr'>Gal·</span> 
     </span>
     <span class='ocr_line' id='line_1_30' title="bbox 282 1642 1169 1691; baseline -0.001 -12"><span class='ocrx_word' id='word_1_190' title='bbox 282 1645 363 1680; x_wconf 82' lang='lat' dir='ltr'>liam</span> <span class='ocrx_word' id='word_1_191' title='bbox 375 1670 386 1688; x_wconf 89' lang='lat'>‚</span> <span class='ocrx_word' id='word_1_192' title='bbox 413 1656 512 1691; x_wconf 82' lang='lat' dir='ltr'>atque</span> <span class='ocrx_word' id='word_1_193' title='bbox 522 1646 568 1685; x_wconf 87' lang='lat' dir='ltr'>ita</span> <span class='ocrx_word' id='word_1_194' title='bbox 577 1647 716 1681; x_wconf 83' lang='lat' dir='ltr'>crimina</span> <span class='ocrx_word' id='word_1_195' title='bbox 726 1643 921 1685; x_wconf 76' lang='lat' dir='ltr'>criminibus</span> <span class='ocrx_word' id='word_1_196' title='bbox 930 1642 1153 1684; x_wconf 79' lang='lat' dir='ltr'>adcumulavit</span> <span class='ocrx_word' id='word_1_197' title='bbox 1162 1670 1169 1678; x_wconf 87' lang='lat'><strong>.</strong></span> 
     </span>
     <span class='ocr_line' id='line_1_31' title="bbox 283 1692 1172 1746; baseline -0.002 -17"><span class='ocrx_word' id='word_1_198' title='bbox 283 1695 380 1746; x_wconf 84' lang='lat' dir='ltr'>Qin</span> <span class='ocrx_word' id='word_1_199' title='bbox 407 1695 554 1731; x_wconf 84' lang='lat' dir='ltr'>&amp;redux</span> <span class='ocrx_word' id='word_1_200' title='bbox 575 1694 667 1740; x_wconf 82' lang='lat' dir='ltr'>plura</span> <span class='ocrx_word' id='word_1_201' title='bbox 679 1693 720 1734; x_wconf 80' lang='lat' dir='ltr'>de</span> <span class='ocrx_word' id='word_1_202' title='bbox 740 1692 871 1735; x_wconf 80' lang='lat' dir='ltr'>optimo</span> <span class='ocrx_word' id='word_1_203' title='bbox 886 1693 1002 1735; x_wconf 77' lang='lat' dir='ltr'>Leone</span> <span class='ocrx_word' id='word_1_204' title='bbox 1012 1693 1172 1729; x_wconf 87' lang='lat' dir='ltr'>mentitus</span> 
     </span>
     <span class='ocr_line' id='line_1_32' title="bbox 282 1741 1172 1791; baseline -0.006 -11"><span class='ocrx_word' id='word_1_205' title='bbox 282 1747 329 1784; x_wconf 78' lang='lat' dir='ltr'>est</span> <span class='ocrx_word' id='word_1_206' title='bbox 355 1769 366 1787; x_wconf 92' lang='lat'><strong>,</strong></span> <span class='ocrx_word' id='word_1_207' title='bbox 390 1744 535 1790; x_wconf 85' lang='lat' dir='ltr'>garriens</span> <span class='ocrx_word' id='word_1_208' title='bbox 556 1744 647 1791; x_wconf 81' lang='lat' dir='ltr'>quod</span> <span class='ocrx_word' id='word_1_209' title='bbox 668 1744 737 1788; x_wconf 82' lang='lat' dir='ltr'>ipse</span> <span class='ocrx_word' id='word_1_210' title='bbox 758 1742 1011 1778; x_wconf 84' lang='lat' dir='ltr'>Gallicanorum</span> <span class='ocrx_word' id='word_1_211' title='bbox 1030 1741 1172 1777; x_wconf 77' lang='lat' dir='ltr'>Antisti-</span> 
     </span>
     <span class='ocr_line' id='line_1_33' title="bbox 284 1792 1168 1837; baseline -0.006 -6"><span class='ocrx_word' id='word_1_212' title='bbox 284 1803 358 1831; x_wconf 82' lang='lat' dir='ltr'>tum</span> <span class='ocrx_word' id='word_1_213' title='bbox 383 1795 648 1831; x_wconf 85' lang='lat' dir='ltr'>consecrationes</span> <span class='ocrx_word' id='word_1_214' title='bbox 668 1793 688 1837; x_wconf 81' lang='grc'>,’</span> <span class='ocrx_word' id='word_1_215' title='bbox 718 1793 753 1827; x_wconf 79' lang='grc' dir='ltr'>δε</span> <span class='ocrx_word' id='word_1_216' title='bbox 789 1793 854 1828; x_wconf 87' lang='lat' dir='ltr'>alia</span> <span class='ocrx_word' id='word_1_217' title='bbox 874 1792 1168 1836; x_wconf 82' lang='lat' dir='ltr'>Metropolitarum</span> 
     </span>
     <span class='ocr_line' id='line_1_34' title="bbox 282 1842 1166 1896; baseline -0.006 -14"><span class='ocrx_word' id='word_1_218' title='bbox 282 1845 353 1896; x_wconf 70' lang='lat' dir='ltr'>iura</span> <span class='ocrx_word' id='word_1_219' title='bbox 371 1846 473 1882; x_wconf 86' lang='lat' dir='ltr'>vellet</span> <span class='ocrx_word' id='word_1_220' title='bbox 494 1843 651 1883; x_wconf 85' lang='lat' dir='ltr'>invadere</span> <span class='ocrx_word' id='word_1_221' title='bbox 676 1858 689 1887; x_wconf 73' lang='lat'>‚-</span> <span class='ocrx_word' id='word_1_222' title='bbox 726 1844 923 1886; x_wconf 73' lang='lat' dir='ltr'>Gallicanos</span> <span class='ocrx_word' id='word_1_223' title='bbox 957 1842 1140 1895; x_wconf 76' lang='lat' dir='ltr'>Episcopos</span> <span class='ocrx_word' id='word_1_224' title='bbox 1154 1866 1166 1886; x_wconf 85' lang='lat'>‚</span> 
     </span>
    </p>
   </div>
   <div class='ocr_carea' id='block_1_3' title="bbox 670 155 1732 209">
    <p class='ocr_par' dir='ltr' id='par_1_3' title="bbox 670 155 1732 209">
     <span class='ocr_line' id='line_1_35' title="bbox 670 155 1732 209; baseline 0 -8"><span class='ocrx_word' id='word_1_225' title='bbox 670 157 710 207; x_wconf 77' lang='lat' dir='ltr'>S,</span> <span class='ocrx_word' id='word_1_226' title='bbox 747 155 1338 209; x_wconf 68' lang='lat' dir='ltr'>Giteoonrrseprrm1</span> <span class='ocrx_word' id='word_1_227' title='bbox 1375 155 1732 209; x_wconf 54' lang='lat' dir='ltr'>Pon-sirica</span> 
     </span>
    </p>
   </div>
   <div class='ocr_carea' id='block_1_4' title="bbox 1233 239 2125 1832">
    <p class='ocr_par' dir='ltr' id='par_1_4' title="bbox 1233 239 2125 1832">
     <span class='ocr_line' id='line_1_36' title="bbox 1240 239 2120 286; baseline 0 -10"><span class='ocrx_word' id='word_1_228' title='bbox 1240 252 1323 286; x_wconf 90' lang='lat' dir='ltr'>quos</span> <span class='ocrx_word' id='word_1_229' title='bbox 1347 248 1502 286; x_wconf 81' lang='lat' dir='ltr'>tanquam</span> <span class='ocrx_word' id='word_1_230' title='bbox 1523 239 1762 283; x_wconf 82' lang='lat' dir='ltr'>suburbicarios</span> <span class='ocrx_word' id='word_1_231' title='bbox 1783 240 1918 283; x_wconf 85' lang='lat' dir='ltr'>speravit</span> <span class='ocrx_word' id='word_1_232' title='bbox 1941 243 2030 282; x_wconf 77' lang='lat' dir='ltr'>nolle</span> <span class='ocrx_word' id='word_1_233' title='bbox 2048 245 2120 283; x_wconf 60' lang='lat' dir='ltr'>Ro,</span> 
     </span>
     <span class='ocr_line' id='line_1_37' title="bbox 1241 290 2118 339; baseline 0.001 -13"><span class='ocrx_word' id='word_1_234' title='bbox 1241 303 1329 331; x_wconf 82' lang='lat' dir='ltr'>mam</span> <span class='ocrx_word' id='word_1_235' title='bbox 1340 290 1490 333; x_wconf 83' lang='lat' dir='ltr'>accedere</span> <span class='ocrx_word' id='word_1_236' title='bbox 1504 290 1760 334; x_wconf 75' lang='lat' dir='ltr'>consecrationis</span> <span class='ocrx_word' id='word_1_237' title='bbox 1771 290 1875 339; x_wconf 80' lang='lat' dir='ltr'>gratia</span> <span class='ocrx_word' id='word_1_238' title='bbox 1886 315 1898 331; x_wconf 89' lang='lat'>,</span> <span class='ocrx_word' id='word_1_239' title='bbox 1923 295 2060 333; x_wconf 80' lang='lat' dir='ltr'>tentavit</span> <span class='ocrx_word' id='word_1_240' title='bbox 2082 297 2118 333; x_wconf 72' lang='lat' dir='ltr'>in</span> 
     </span>
     <span class='ocr_line' id='line_1_38' title="bbox 1243 339 2119 386; baseline -0.006 -8"><span class='ocrx_word' id='word_1_241' title='bbox 1243 344 1313 383; x_wconf 80' lang='lat' dir='ltr'>suas</span> <span class='ocrx_word' id='word_1_242' title='bbox 1323 343 1517 386; x_wconf 86' lang='lat' dir='ltr'>cupiditates</span> <span class='ocrx_word' id='word_1_243' title='bbox 1527 340 1789 383; x_wconf 78' lang='lat' dir='ltr'>circumscribere</span> <span class='ocrx_word' id='word_1_244' title='bbox 1800 366 1808 375; x_wconf 90' lang='lat'>.</span> <span class='ocrx_word' id='word_1_245' title='bbox 1832 339 1926 380; x_wconf 82' lang='lat' dir='ltr'>Hinc</span> <span class='ocrx_word' id='word_1_246' title='bbox 1952 341 2119 383; x_wconf 76' lang='lat' dir='ltr'>Viennen.</span> 
     </span>
     <span class='ocr_line' id='line_1_39' title="bbox 1242 390 2118 434; baseline 0.001 -7"><span class='ocrx_word' id='word_1_247' title='bbox 1242 394 1307 433; x_wconf 82' lang='lat' dir='ltr'>sem</span> <span class='ocrx_word' id='word_1_248' title='bbox 1329 392 1540 434; x_wconf 75' lang='lat' dir='ltr'>Provinciam</span> <span class='ocrx_word' id='word_1_249' title='bbox 1562 392 1714 429; x_wconf 81' lang='lat' dir='ltr'>instruxit</span> <span class='ocrx_word' id='word_1_250' title='bbox 1736 390 1920 434; x_wconf 78' lang='lat' dir='ltr'>Pontifex,</span> <span class='ocrx_word' id='word_1_251' title='bbox 1944 391 2118 433; x_wconf 80' lang='lat' dir='ltr'>adfirmans</span> 
     </span>
     <span class='ocr_line' id='line_1_40' title="bbox 1242 440 2122 489; baseline -0.001 -12"><span class='ocrx_word' id='word_1_252' title='bbox 1242 444 1274 482; x_wconf 68' lang='lat' dir='ltr'>‚se</span> <span class='ocrx_word' id='word_1_253' title='bbox 1297 454 1366 477; x_wconf 90' lang='lat' dir='ltr'>non</span> <span class='ocrx_word' id='word_1_254' title='bbox 1389 454 1449 489; x_wconf 81' lang='lat' dir='ltr'>pro</span> <span class='ocrx_word' id='word_1_255' title='bbox 1471 442 1657 487; x_wconf 79' lang='lat' dir='ltr'>amplianda</span> <span class='ocrx_word' id='word_1_256' title='bbox 1670 442 1831 482; x_wconf 74' lang='lat' dir='ltr'>Romana:</span> <span class='ocrx_word' id='word_1_257' title='bbox 1842 440 2012 482; x_wconf 73' lang='lat' dir='ltr'>,Cathedrae</span> <span class='ocrx_word' id='word_1_258' title='bbox 2033 454 2122 486; x_wconf 60' lang='lat' dir='ltr'>poter</span> 
     </span>
     <span class='ocr_line' id='line_1_41' title="bbox 1241 490 2121 536; baseline 0 -9"><span class='ocrx_word' id='word_1_259' title='bbox 1241 492 1321 531; x_wconf 82' lang='lat' dir='ltr'>state</span> <span class='ocrx_word' id='word_1_260' title='bbox 1342 517 1353 534; x_wconf 90' lang='lat'>,</span> <span class='ocrx_word' id='word_1_261' title='bbox 1380 492 1434 534; x_wconf 84' lang='lat' dir='ltr'>sed</span> <span class='ocrx_word' id='word_1_262' title='bbox 1446 504 1504 536; x_wconf 89' lang='lat' dir='ltr'>pro</span> <span class='ocrx_word' id='word_1_263' title='bbox 1517 492 1702 536; x_wconf 79' lang='lat' dir='ltr'>reparandis</span> <span class='ocrx_word' id='word_1_264' title='bbox 1726 490 1994 530; x_wconf 79' lang='lat' dir='ltr'>&amp;custodiendis</span> <span class='ocrx_word' id='word_1_265' title='bbox 2015 493 2121 533; x_wconf 74' lang='lat' dir='ltr'>,Galli-</span> 
     </span>
     <span class='ocr_line' id='line_1_42' title="bbox 1239 541 2120 588; baseline -0.001 -10"><span class='ocrx_word' id='word_1_266' title='bbox 1239 554 1400 584; x_wconf 85' lang='lat' dir='ltr'>canorum</span> <span class='ocrx_word' id='word_1_267' title='bbox 1423 541 1712 587; x_wconf 80' lang='lat' dir='ltr'>Metropolitarum</span> <span class='ocrx_word' id='word_1_268' title='bbox 1735 541 1914 587; x_wconf 74' lang='lat' dir='ltr'>privilegiis</span> <span class='ocrx_word' id='word_1_269' title='bbox 1935 553 2030 588; x_wconf 86' lang='lat' dir='ltr'>agere</span> <span class='ocrx_word' id='word_1_270' title='bbox 2044 567 2054 584; x_wconf 92' lang='lat'>‚</span> <span class='ocrx_word' id='word_1_271' title='bbox 2079 555 2120 583; x_wconf 76' lang='lat' dir='ltr'>ae</span> 
     </span>
     <span class='ocr_line' id='line_1_43' title="bbox 1240 590 2119 636; baseline 0.003 -9"><span class='ocrx_word' id='word_1_272' title='bbox 1240 593 1466 633; x_wconf 71' lang='lat' dir='ltr'>demonstrans</span> <span class='ocrx_word' id='word_1_273' title='bbox 1480 593 1670 631; x_wconf 77' lang='lat' dir='ltr'>Gallicanas</span> <span class='ocrx_word' id='word_1_274' title='bbox 1690 590 1731 627; x_wconf 87' lang='lat' dir='ltr'>ad</span> <span class='ocrx_word' id='word_1_275' title='bbox 1752 590 1980 636; x_wconf 77' lang='lat' dir='ltr'>Apostolicam</span> <span class='ocrx_word' id='word_1_276' title='bbox 2001 593 2119 631; x_wconf 84' lang='lat' dir='ltr'>sedem</span> 
     </span>
     <span class='ocr_line' id='line_1_44' title="bbox 1240 643 2119 690; baseline 0 -11"><span class='ocrx_word' id='word_1_277' title='bbox 1240 643 1413 679; x_wconf 86' lang='lat' dir='ltr'>relationes</span> <span class='ocrx_word' id='word_1_278' title='bbox 1437 667 1449 684; x_wconf 91' lang='lat'>‚</span> <span class='ocrx_word' id='word_1_279' title='bbox 1473 644 1707 690; x_wconf 81' lang='lat' dir='ltr'>appellationes</span> <span class='ocrx_word' id='word_1_280' title='bbox 1724 667 1735 684; x_wconf 92' lang='lat'>,</span> <span class='ocrx_word' id='word_1_281' title='bbox 1770 653 1809 682; x_wconf 82' lang='lat' dir='ltr'>ac</span> <span class='ocrx_word' id='word_1_282' title='bbox 1828 643 2037 679; x_wconf 73' lang='lat' dir='ltr'>evocationes</span> <span class='ocrx_word' id='word_1_283' title='bbox 2055 645 2119 683; x_wconf 84' lang='lat' dir='ltr'>effe</span> 
     </span>
     <span class='ocr_line' id='line_1_45' title="bbox 1241 692 2118 739; baseline 0.001 -11"><span class='ocrx_word' id='word_1_284' title='bbox 1241 694 1494 739; x_wconf 69' lang='lat' dir='ltr'>andquiffimas,</span> <span class='ocrx_word' id='word_1_285' title='bbox 1518 695 1552 733; x_wconf 70' lang='grc' dir='ltr'>ὃς</span> <span class='ocrx_word' id='word_1_286' title='bbox 1576 696 1700 738; x_wconf 88' lang='lat' dir='ltr'>semper</span> <span class='ocrx_word' id='word_1_287' title='bbox 1718 692 1811 733; x_wconf 74' lang='lat' dir='ltr'>fuisse</span> <span class='ocrx_word' id='word_1_288' title='bbox 1831 692 2118 738; x_wconf 72' lang='lat' dir='ltr'>frequentiffimas,</span> 
     </span>
     <span class='ocr_line' id='line_1_46' title="bbox 1242 743 2119 790; baseline 0 -11"><span class='ocrx_word' id='word_1_289' title='bbox 1242 745 1286 780; x_wconf 88' lang='lat' dir='ltr'>Et</span> <span class='ocrx_word' id='word_1_290' title='bbox 1298 743 1364 780; x_wconf 83' lang='lat' dir='ltr'>haec</span> <span class='ocrx_word' id='word_1_291' title='bbox 1375 745 1488 780; x_wconf 87' lang='lat' dir='ltr'>omnia</span> <span class='ocrx_word' id='word_1_292' title='bbox 1499 743 1648 790; x_wconf 80' lang='lat' dir='ltr'>Augusta</span> <span class='ocrx_word' id='word_1_293' title='bbox 1660 745 1733 789; x_wconf 87' lang='lat' dir='ltr'>lege</span> <span class='ocrx_word' id='word_1_294' title='bbox 1743 743 1931 789; x_wconf 77' lang='lat' dir='ltr'>impetravit</span> <span class='ocrx_word' id='word_1_295' title='bbox 1949 745 2119 783; x_wconf 84' lang='lat' dir='ltr'>confirma-</span> 
     </span>
     <span class='ocr_line' id='line_1_47' title="bbox 1241 790 2120 841; baseline 0.003 -13"><span class='ocrx_word' id='word_1_296' title='bbox 1241 795 1286 835; x_wconf 61' lang='lat' dir='ltr'>ri,</span> <span class='ocrx_word' id='word_1_297' title='bbox 1313 795 1384 830; x_wconf 86' lang='lat' dir='ltr'>Hic</span> <span class='ocrx_word' id='word_1_298' title='bbox 1395 795 1440 830; x_wconf 88' lang='lat' dir='ltr'>est</span> <span class='ocrx_word' id='word_1_299' title='bbox 1453 796 1567 841; x_wconf 81' lang='lat' dir='ltr'>scopus</span> <span class='ocrx_word' id='word_1_300' title='bbox 1581 796 1671 832; x_wconf 83' lang='lat' dir='ltr'>istius</span> <span class='ocrx_word' id='word_1_301' title='bbox 1682 790 1866 839; x_wconf 75' lang='lat' dir='ltr'>legis.‘An</span> <span class='ocrx_word' id='word_1_302' title='bbox 1888 793 1989 834; x_wconf 79' lang='lat' dir='ltr'>etiam</span> <span class='ocrx_word' id='word_1_303' title='bbox 2009 794 2120 833; x_wconf 60' lang='lat' dir='ltr'>adver*</span> 
     </span>
     <span class='ocr_line' id='line_1_48' title="bbox 1239 844 2120 889; baseline -0.001 -10"><span class='ocrx_word' id='word_1_304' title='bbox 1239 846 1312 880; x_wconf 76' lang='lat' dir='ltr'>sum</span> <span class='ocrx_word' id='word_1_305' title='bbox 1325 844 1520 881; x_wconf 87' lang='lat' dir='ltr'>Chelidonii</span> <span class='ocrx_word' id='word_1_306' title='bbox 1547 857 1584 881; x_wconf 90' lang='lat' dir='ltr'>ac</span> <span class='ocrx_word' id='word_1_307' title='bbox 1607 844 1746 889; x_wconf 73' lang='lat' dir='ltr'>Projeffl</span> <span class='ocrx_word' id='word_1_308' title='bbox 1766 844 2002 888; x_wconf 84' lang='lat' dir='ltr'>reparationem</span> <span class='ocrx_word' id='word_1_309' title='bbox 2024 844 2120 883; x_wconf 87' lang='lat' dir='ltr'>Hila-</span> 
     </span>
     <span class='ocr_line' id='line_1_49' title="bbox 1239 892 2121 940; baseline -0.002 -10"><span class='ocrx_word' id='word_1_310' title='bbox 1239 897 1305 937; x_wconf 80' lang='lat' dir='ltr'>rius</span> <span class='ocrx_word' id='word_1_311' title='bbox 1316 895 1526 933; x_wconf 72' lang='lat' dir='ltr'>recalcitratis</span> <span class='ocrx_word' id='word_1_312' title='bbox 1536 920 1547 934; x_wconf 94' lang='lat'>,</span> <span class='ocrx_word' id='word_1_313' title='bbox 1572 893 1719 940; x_wconf 87' lang='lat' dir='ltr'>adeoque</span> <span class='ocrx_word' id='word_1_314' title='bbox 1744 895 1779 929; x_wconf 77' lang='grc' dir='ltr'>δε</span> <span class='ocrx_word' id='word_1_315' title='bbox 1791 892 1859 929; x_wconf 84' lang='lat' dir='ltr'>haec</span> <span class='ocrx_word' id='word_1_316' title='bbox 1868 894 1937 939; x_wconf 85' lang='lat' dir='ltr'>ejus</span> <span class='ocrx_word' id='word_1_317' title='bbox 1949 903 2121 934; x_wconf 79' lang='lat' dir='ltr'>contuma-</span> 
     </span>
     <span class='ocr_line' id='line_1_50' title="bbox 1238 943 2122 990; baseline -0.002 -9"><span class='ocrx_word' id='word_1_318' title='bbox 1238 945 1287 986; x_wconf 76' lang='lat' dir='ltr'>cia</span> <span class='ocrx_word' id='word_1_319' title='bbox 1299 947 1515 983; x_wconf 68' lang='lat' dir='ltr'>necessitatem</span> <span class='ocrx_word' id='word_1_320' title='bbox 1528 946 1687 981; x_wconf 83' lang='lat' dir='ltr'>Pontifici</span> <span class='ocrx_word' id='word_1_321' title='bbox 1700 945 1846 990; x_wconf 79' lang='lat' dir='ltr'>injecerit</span> <span class='ocrx_word' id='word_1_322' title='bbox 1869 943 2045 981; x_wconf 89' lang='lat' dir='ltr'>invocandi</span> <span class='ocrx_word' id='word_1_323' title='bbox 2065 956 2122 979; x_wconf 85' lang='lat' dir='ltr'>au-</span> 
     </span>
     <span class='ocr_line' id='line_1_51' title="bbox 1237 995 2120 1039; baseline -0.001 -9"><span class='ocrx_word' id='word_1_324' title='bbox 1237 996 1544 1039; x_wconf 85' lang='lat' dir='ltr'>xiliumlrnperialis</span> <span class='ocrx_word' id='word_1_325' title='bbox 1555 995 1698 1037; x_wconf 88' lang='lat' dir='ltr'>brachii,</span> <span class='ocrx_word' id='word_1_326' title='bbox 1726 1005 1833 1035; x_wconf 81' lang='lat' dir='ltr'>certus</span> <span class='ocrx_word' id='word_1_327' title='bbox 1860 1006 1928 1035; x_wconf 82' lang='lat' dir='ltr'>non</span> <span class='ocrx_word' id='word_1_328' title='bbox 1941 995 2031 1039; x_wconf 83' lang='lat' dir='ltr'>scio,</span> <span class='ocrx_word' id='word_1_329' title='bbox 2058 1006 2120 1034; x_wconf 86' lang='lat' dir='ltr'>nee</span> 
     </span>
     <span class='ocr_line' id='line_1_52' title="bbox 1237 1045 2120 1090; baseline -0.002 -9"><span class='ocrx_word' id='word_1_330' title='bbox 1237 1048 1272 1085; x_wconf 83' lang='lat' dir='ltr'>in</span> <span class='ocrx_word' id='word_1_331' title='bbox 1284 1058 1352 1081; x_wconf 89' lang='lat' dir='ltr'>rem</span> <span class='ocrx_word' id='word_1_332' title='bbox 1363 1046 1497 1083; x_wconf 84' lang='lat' dir='ltr'>dubiam</span> <span class='ocrx_word' id='word_1_333' title='bbox 1508 1045 1588 1081; x_wconf 91' lang='lat' dir='ltr'>volo</span> <span class='ocrx_word' id='word_1_334' title='bbox 1601 1056 1729 1090; x_wconf 88' lang='lat' dir='ltr'>tempus</span> <span class='ocrx_word' id='word_1_335' title='bbox 1748 1045 1932 1089; x_wconf 82' lang='lat' dir='ltr'>expendere</span> <span class='ocrx_word' id='word_1_336' title='bbox 1944 1070 1951 1078; x_wconf 90' lang='lat'><strong>.</strong></span> <span class='ocrx_word' id='word_1_337' title='bbox 1979 1045 2120 1082; x_wconf 84' lang='lat' dir='ltr'>Certum</span> 
     </span>
     <span class='ocr_line' id='line_1_53' title="bbox 1235 1095 2120 1141; baseline -0.002 -11"><span class='ocrx_word' id='word_1_338' title='bbox 1235 1097 1282 1131; x_wconf 80' lang='lat' dir='ltr'>est</span> <span class='ocrx_word' id='word_1_339' title='bbox 1295 1095 1380 1134; x_wconf 80' lang='lat' dir='ltr'>hanc</span> <span class='ocrx_word' id='word_1_340' title='bbox 1393 1106 1462 1133; x_wconf 82' lang='lat' dir='ltr'>non</span> <span class='ocrx_word' id='word_1_341' title='bbox 1479 1095 1578 1131; x_wconf 81' lang='lat' dir='ltr'>suiffe</span> <span class='ocrx_word' id='word_1_342' title='bbox 1597 1098 1724 1134; x_wconf 62' lang='lat' dir='ltr'>causam</span> <span class='ocrx_word' id='word_1_343' title='bbox 1746 1095 1958 1140; x_wconf 87' lang='lat' dir='ltr'>principalem</span> <span class='ocrx_word' id='word_1_344' title='bbox 1970 1120 1978 1130; x_wconf 74' lang='lat'><em>.</em></span> <span class='ocrx_word' id='word_1_345' title='bbox 2007 1096 2120 1141; x_wconf 78' lang='lat' dir='ltr'>Qare</span> 
     </span>
     <span class='ocr_line' id='line_1_54' title="bbox 1238 1144 2118 1191; baseline 0.001 -12"><span class='ocrx_word' id='word_1_346' title='bbox 1238 1146 1398 1191; x_wconf 73' lang='lat' dir='ltr'>insignem</span> <span class='ocrx_word' id='word_1_347' title='bbox 1408 1154 1550 1180; x_wconf 87' lang='lat' dir='ltr'>errorem</span> <span class='ocrx_word' id='word_1_348' title='bbox 1562 1145 1740 1182; x_wconf 84' lang='lat' dir='ltr'>continent</span> <span class='ocrx_word' id='word_1_349' title='bbox 1751 1146 1818 1186; x_wconf 75' lang='lat' dir='ltr'>haec</span> <span class='ocrx_word' id='word_1_350' title='bbox 1829 1147 1872 1179; x_wconf 91' lang='lat' dir='ltr'>D.</span> <span class='ocrx_word' id='word_1_351' title='bbox 1887 1144 2118 1188; x_wconf 86' lang='lat' dir='ltr'>Archiepisco·</span> 
     </span>
     <span class='ocr_line' id='line_1_55' title="bbox 1239 1192 2117 1238; baseline 0 -10"><span class='ocrx_word' id='word_1_352' title='bbox 1239 1195 1271 1238; x_wconf 90' lang='lat' dir='ltr'>pi</span> <span class='ocrx_word' id='word_1_353' title='bbox 1298 1193 1392 1231; x_wconf 87' lang='lat' dir='ltr'>verba</span> <span class='ocrx_word' id='word_1_354' title='bbox 1405 1208 1416 1228; x_wconf 85' lang='grc'>.-</span> <span class='ocrx_word' id='word_1_355' title='bbox 1443 1193 1526 1227; x_wconf 71' lang='lat' dir='ltr'>Galli</span> <span class='ocrx_word' id='word_1_356' title='bbox 1545 1192 1751 1233; x_wconf 72' lang='lat' dir='ltr'>extsttmaerunt</span> <span class='ocrx_word' id='word_1_357' title='bbox 1768 1195 1806 1234; x_wconf 83' lang='lat' dir='ltr'>fic</span> <span class='ocrx_word' id='word_1_358' title='bbox 1828 1196 1881 1238; x_wconf 81' lang='lat' dir='ltr'>effe</span> <span class='ocrx_word' id='word_1_359' title='bbox 1898 1194 2117 1238; x_wconf 77' lang='lat' dir='ltr'>obsequendum</span> 
     </span>
     <span class='ocr_line' id='line_1_56' title="bbox 1238 1242 2118 1289; baseline 0 -11"><span class='ocrx_word' id='word_1_360' title='bbox 1238 1246 1374 1289; x_wconf 64' lang='lat' dir='ltr'>Pontifici</span> <span class='ocrx_word' id='word_1_361' title='bbox 1386 1269 1397 1285; x_wconf 91' lang='lat'>‚</span> <span class='ocrx_word' id='word_1_362' title='bbox 1423 1251 1458 1279; x_wconf 85' lang='lat' dir='ltr'>ut</span> <span class='ocrx_word' id='word_1_363' title='bbox 1466 1249 1587 1278; x_wconf 73' lang='lat' dir='ltr'>interim</span> <span class='ocrx_word' id='word_1_364' title='bbox 1598 1243 1676 1276; x_wconf 68' lang='lat' dir='ltr'>nihil</span> <span class='ocrx_word' id='word_1_365' title='bbox 1686 1242 1894 1281; x_wconf 72' lang='lat' dir='ltr'>detraheretur</span> <span class='ocrx_word' id='word_1_366' title='bbox 1909 1246 1946 1280; x_wconf 81' lang='lat' dir='ltr'>de</span> <span class='ocrx_word' id='word_1_367' title='bbox 1958 1245 2118 1283; x_wconf 59' lang='lat' dir='ltr'>audon-tta-</span> 
     </span>
     <span class='ocr_line' id='line_1_57' title="bbox 1235 1291 2120 1336; baseline 0.001 -9"><span class='ocrx_word' id='word_1_368' title='bbox 1235 1303 1264 1328; x_wconf 74' lang='grc' dir='ltr'>ιε</span> <span class='ocrx_word' id='word_1_369' title='bbox 1287 1299 1443 1328; x_wconf 86' lang='lat' dir='ltr'>Canonum</span> <span class='ocrx_word' id='word_1_370' title='bbox 1467 1291 1676 1335; x_wconf 76' lang='lat' dir='ltr'>Sardicenfium</span> <span class='ocrx_word' id='word_1_371' title='bbox 1694 1318 1702 1327; x_wconf 83' lang='lat'><strong>.</strong></span> <span class='ocrx_word' id='word_1_372' title='bbox 1728 1292 1811 1331; x_wconf 80' lang='lat' dir='ltr'>Haec</span> <span class='ocrx_word' id='word_1_373' title='bbox 1830 1293 1922 1329; x_wconf 84' lang='lat' dir='ltr'>enim</span> <span class='ocrx_word' id='word_1_374' title='bbox 1942 1295 2120 1336; x_wconf 72' lang='grc' dir='ltr'><strong>εκῦβρῑῐο,</strong></span> 
     </span>
     <span class='ocr_line' id='line_1_58' title="bbox 1237 1341 2118 1389; baseline -0.001 -10"><span class='ocrx_word' id='word_1_375' title='bbox 1237 1356 1308 1389; x_wconf 84' lang='lat' dir='ltr'>quae</span> <span class='ocrx_word' id='word_1_376' title='bbox 1335 1345 1367 1378; x_wconf 79' lang='grc' dir='ltr'>δε</span> <span class='ocrx_word' id='word_1_377' title='bbox 1389 1344 1425 1380; x_wconf 88' lang='lat' dir='ltr'>in</span> <span class='ocrx_word' id='word_1_378' title='bbox 1445 1342 1621 1388; x_wconf 88' lang='lat' dir='ltr'>Papalibus</span> <span class='ocrx_word' id='word_1_379' title='bbox 1647 1344 1681 1378; x_wconf 78' lang='grc' dir='ltr'>δε</span> <span class='ocrx_word' id='word_1_380' title='bbox 1706 1344 1741 1384; x_wconf 81' lang='lat' dir='ltr'>in</span> <span class='ocrx_word' id='word_1_381' title='bbox 1755 1341 1980 1386; x_wconf 71' lang='lat' dir='ltr'>imperialibus</span> <span class='ocrx_word' id='word_1_382' title='bbox 1999 1343 2118 1378; x_wconf 86' lang='lat' dir='ltr'>litteris</span> 
     </span>
     <span class='ocr_line' id='line_1_59' title="bbox 1240 1391 2121 1439; baseline 0 -10"><span class='ocrx_word' id='word_1_383' title='bbox 1240 1394 1323 1429; x_wconf 90' lang='lat' dir='ltr'>nihil</span> <span class='ocrx_word' id='word_1_384' title='bbox 1344 1393 1552 1431; x_wconf 88' lang='lat' dir='ltr'>fundamenti</span> <span class='ocrx_word' id='word_1_385' title='bbox 1573 1391 1672 1435; x_wconf 83' lang='lat' dir='ltr'>habet</span> <span class='ocrx_word' id='word_1_386' title='bbox 1693 1418 1705 1439; x_wconf 82' lang='lat'>‚</span> <span class='ocrx_word' id='word_1_387' title='bbox 1730 1392 1913 1429; x_wconf 88' lang='lat' dir='ltr'>Gallicanis</span> <span class='ocrx_word' id='word_1_388' title='bbox 1949 1392 2121 1438; x_wconf 77' lang='lat' dir='ltr'>Episcopis</span> 
     </span>
     <span class='ocr_line' id='line_1_60' title="bbox 1239 1442 2125 1489; baseline -0.002 -9"><span class='ocrx_word' id='word_1_389' title='bbox 1239 1445 1342 1481; x_wconf 85' lang='lat' dir='ltr'>necin</span> <span class='ocrx_word' id='word_1_390' title='bbox 1355 1455 1501 1481; x_wconf 84' lang='lat' dir='ltr'>mentem</span> <span class='ocrx_word' id='word_1_391' title='bbox 1514 1443 1629 1483; x_wconf 86' lang='lat' dir='ltr'>cadere</span> <span class='ocrx_word' id='word_1_392' title='bbox 1639 1444 1769 1489; x_wconf 85' lang='lat' dir='ltr'>potuit.</span> <span class='ocrx_word' id='word_1_393' title='bbox 1795 1443 1913 1484; x_wconf 73' lang='lat' dir='ltr'>Ambae</span> <span class='ocrx_word' id='word_1_394' title='bbox 1933 1442 2046 1478; x_wconf 82' lang='lat' dir='ltr'>litterae</span> <span class='ocrx_word' id='word_1_395' title='bbox 2068 1454 2125 1478; x_wconf 85' lang='lat' dir='ltr'>ve-</span> 
     </span>
     <span class='ocr_line' id='line_1_61' title="bbox 1237 1494 2123 1538; baseline -0.001 -9"><span class='ocrx_word' id='word_1_396' title='bbox 1237 1504 1339 1535; x_wconf 78' lang='lat' dir='ltr'>terem</span> <span class='ocrx_word' id='word_1_397' title='bbox 1352 1494 1503 1531; x_wconf 81' lang='lat' dir='ltr'>Ecclefiae</span> <span class='ocrx_word' id='word_1_398' title='bbox 1514 1495 1788 1534; x_wconf 83' lang='lat' dir='ltr'>consuetudinem</span> <span class='ocrx_word' id='word_1_399' title='bbox 1799 1519 1810 1536; x_wconf 92' lang='lat'>‚</span> <span class='ocrx_word' id='word_1_400' title='bbox 1835 1494 1982 1538; x_wconf 83' lang='lat' dir='ltr'>adeoque</span> <span class='ocrx_word' id='word_1_401' title='bbox 2006 1494 2123 1529; x_wconf 75' lang='lat' dir='ltr'>&amp;Saro</span> 
     </span>
     <span class='ocr_line' id='line_1_62' title="bbox 1235 1543 2121 1590; baseline -0.001 -12"><span class='ocrx_word' id='word_1_402' title='bbox 1235 1546 1381 1579; x_wconf 79' lang='lat' dir='ltr'>dicenses</span> <span class='ocrx_word' id='word_1_403' title='bbox 1391 1546 1547 1587; x_wconf 79' lang='lat' dir='ltr'>Canones</span> <span class='ocrx_word' id='word_1_404' title='bbox 1555 1545 1815 1590; x_wconf 84' lang='lat' dir='ltr'>exsequebantur</span> <span class='ocrx_word' id='word_1_405' title='bbox 1823 1569 1835 1586; x_wconf 92' lang='lat'><strong><em>,</em></strong></span> <span class='ocrx_word' id='word_1_406' title='bbox 1859 1545 1894 1580; x_wconf 69' lang='grc' dir='ltr'>ἀ</span> <span class='ocrx_word' id='word_1_407' title='bbox 1906 1543 2121 1581; x_wconf 81' lang='lat' dir='ltr'>innovabant.</span> 
     </span>
     <span class='ocr_line' id='line_1_63' title="bbox 1237 1591 2121 1640; baseline -0.003 -7"><span class='ocrx_word' id='word_1_408' title='bbox 1237 1594 1280 1633; x_wconf 82' lang='lat' dir='ltr'>Et</span> <span class='ocrx_word' id='word_1_409' title='bbox 1304 1593 1392 1638; x_wconf 70' lang='lat' dir='ltr'>quod</span> <span class='ocrx_word' id='word_1_410' title='bbox 1417 1597 1484 1640; x_wconf 80' lang='lat' dir='ltr'>ipse</span> <span class='ocrx_word' id='word_1_411' title='bbox 1495 1595 1644 1631; x_wconf 86' lang='lat' dir='ltr'>Hilarius</span> <span class='ocrx_word' id='word_1_412' title='bbox 1665 1597 1828 1636; x_wconf 76' lang='lat' dir='ltr'>offensum</span> <span class='ocrx_word' id='word_1_413' title='bbox 1841 1595 2043 1633; x_wconf 82' lang='lat' dir='ltr'>Pontificem</span> <span class='ocrx_word' id='word_1_414' title='bbox 2059 1591 2121 1629; x_wconf 87' lang='lat' dir='ltr'>hu-</span> 
     </span>
     <span class='ocr_line' id='line_1_64' title="bbox 1236 1643 2121 1693; baseline -0.006 -12"><span class='ocrx_word' id='word_1_415' title='bbox 1236 1643 1385 1681; x_wconf 83' lang='lat' dir='ltr'>minimis</span> <span class='ocrx_word' id='word_1_416' title='bbox 1408 1645 1543 1680; x_wconf 89' lang='lat' dir='ltr'>tandem</span> <span class='ocrx_word' id='word_1_417' title='bbox 1566 1645 1732 1688; x_wconf 84' lang='lat' dir='ltr'>obsequiis</span> <span class='ocrx_word' id='word_1_418' title='bbox 1752 1645 1889 1693; x_wconf 82' lang='lat' dir='ltr'>placarit</span> <span class='ocrx_word' id='word_1_419' title='bbox 1911 1668 1923 1684; x_wconf 92' lang='lat'><strong>,</strong></span> <span class='ocrx_word' id='word_1_420' title='bbox 1956 1644 2121 1678; x_wconf 67' lang='lat' dir='ltr'>excelsum</span> 
     </span>
     <span class='ocr_line' id='line_1_65' title="bbox 1233 1693 2118 1737; baseline -0.002 -10"><span class='ocrx_word' id='word_1_421' title='bbox 1233 1693 1269 1727; x_wconf 77' lang='grc' dir='ltr'>δε</span> <span class='ocrx_word' id='word_1_422' title='bbox 1289 1694 1466 1731; x_wconf 87' lang='lat' dir='ltr'>Canonum</span> <span class='ocrx_word' id='word_1_423' title='bbox 1478 1694 1774 1737; x_wconf 71' lang='lat' dir='ltr'>praevaricationem</span> <span class='ocrx_word' id='word_1_424' title='bbox 1788 1693 1950 1735; x_wconf 88' lang='lat' dir='ltr'>poenitens</span> <span class='ocrx_word' id='word_1_425' title='bbox 1972 1701 2118 1736; x_wconf 79' lang='lat' dir='ltr'>agnove-</span> 
     </span>
     <span class='ocr_line' id='line_1_66' title="bbox 1233 1741 2123 1785; baseline 0.004 -10"><span class='ocrx_word' id='word_1_426' title='bbox 1233 1742 1276 1782; x_wconf 78' lang='lat' dir='ltr'>rit</span> <span class='ocrx_word' id='word_1_427' title='bbox 1296 1765 1308 1784; x_wconf 88' lang='lat'><strong>,</strong></span> <span class='ocrx_word' id='word_1_428' title='bbox 1334 1751 1432 1783; x_wconf 89' lang='lat' dir='ltr'>atque</span> <span class='ocrx_word' id='word_1_429' title='bbox 1457 1743 1504 1775; x_wconf 86' lang='lat' dir='ltr'>ita</span> <span class='ocrx_word' id='word_1_430' title='bbox 1527 1742 1565 1775; x_wconf 87' lang='lat' dir='ltr'>in</span> <span class='ocrx_word' id='word_1_431' title='bbox 1587 1742 1695 1783; x_wconf 77' lang='lat' dir='ltr'>virum</span> <span class='ocrx_word' id='word_1_432' title='bbox 1715 1743 1860 1783; x_wconf 66' lang='lat' dir='ltr'>faustum</span> <span class='ocrx_word' id='word_1_433' title='bbox 1879 1742 2015 1778; x_wconf 83' lang='lat' dir='ltr'>evaserit</span> <span class='ocrx_word' id='word_1_434' title='bbox 2035 1764 2048 1785; x_wconf 77' lang='lat'>‚</span> <span class='ocrx_word' id='word_1_435' title='bbox 2072 1741 2123 1779; x_wconf 67' lang='lat' dir='ltr'>est</span> 
     </span>
     <span class='ocr_line' id='line_1_67' title="bbox 1233 1790 1535 1832; baseline -0.01 -4"><span class='ocrx_word' id='word_1_436' title='bbox 1233 1790 1388 1832; x_wconf 81' lang='lat' dir='ltr'>omnibus</span> <span class='ocrx_word' id='word_1_437' title='bbox 1398 1800 1517 1827; x_wconf 87' lang='lat' dir='ltr'>notum</span> <span class='ocrx_word' id='word_1_438' title='bbox 1527 1814 1535 1824; x_wconf 92' lang='lat'><em>.</em></span> 
     </span>
    </p>
   </div>
   <div class='ocr_carea' id='block_1_5' title="bbox 690 2165 1693 3053">
    <p class='ocr_par' dir='ltr' id='par_1_5' title="bbox 690 2165 1693 3053">
     <span class='ocr_line' id='line_1_68' title="bbox 690 2165 1693 3053; baseline 0 0"><span class='ocrx_word' id='word_1_439' title='bbox 690 2165 1693 3053; x_wconf 95' lang='lat' dir='ltr'> </span> 
     </span>
    </p>
   </div>
   <div class='ocr_carea' id='block_1_6' title="bbox 1787 3434 2011 3545">
    <p class='ocr_par' dir='ltr' id='par_1_6' title="bbox 1787 3434 2011 3545">
     <span class='ocr_line' id='line_1_69' title="bbox 1787 3434 2011 3545; baseline -0.013 -26"><span class='ocrx_word' id='word_1_440' title='bbox 1787 3434 2011 3545; x_wconf 76' lang='lat' dir='ltr'>Expo-</span> 
     </span>
    </p>
   </div>
  </div>
 </body>
</html>
