2366 3756
366 120 460 163 302

603 158 608 162 .
671 103 710 147 S.
747 100 1062 147 Gueoontt
1096 116 1336 149 senrtMi
1372 101 1730 147 Ponnmcxs

287 189 402 233 utique
413 190 644 227 Romanorum
657 183 895 230 Episcoporum
908 209 918 227 ‚
942 190 1170 227 provocationes
1236 196 1293 222 nes
1305 182 1523 222 scholasticus
1532 208 1543 225 ,
1567 190 1666 231 quem
1677 183 1713 219 in
1723 182 1812 225 ejefli
1824 179 1930 220 Sanffi
1950 175 2115 229 Eutychi}

286 239 325 272 ab
337 239 469 273 omnibus
487 233 646 280 Episcopis
657 259 668 279 ‚
688 233 748 278 sed
766 235 806 270 ab
822 240 860 269 iis
870 237 1096 280 tantummodo,
1121 240 1174 282 qui

284 291 382 327 adem
388 284 515 330 subjecit
524 294 632 327 erant,
657 286 725 321 duci
754 293 884 328 oportere
896 287 1042 320 decernit.

335 336 536 380 Respondet>
556 336 712 373 Canones
723 335 884 372 istomon
898 334 1029 373 tantum
1041 336 1064 377 ,a
1079 333 1173 381 Joan·

286 398 327 422 ne
338 389 499 428 Zonara,
519 386 576 422 sed
596 386 696 423 etiam
715 384 932 424 aTheodoro
956 386 1174 429 Rufamne,

285 439 317 472 δε
330 437 489 480 plerisque
501 435 619 473 Photii
645 446 701 470 aut
723 435 900 470 Michaelis
917 435 1077 473 Ceruiarii
1094 445 1173 474 con-

284 486 477 531 gerronibus
503 486 544 520 fic
564 485 708 533 intelligi
742 509 751 520 .
778 486 909 524 Tantus
928 498 988 531 pro
1013 486 1172 524 Romano

285 537 431 574 Primatu
443 536 554 582 fulgor
564 536 637 574 ferit
649 538 794 580 ipsorum
806 536 923 573 oculos
932 561 943 577 ,
955 536 1051 581 ideoq
1054 549 1068 583 ,-
1080 536 1171 571 aliud

283 587 435 625 nesciunt
447 587 546 632 quarn
557 588 677 630 garrire
691 609 704 630 ‚
729 585 818 629 quod
830 585 948 623 statuat
959 587 1001 624 de
1012 588 1085 621 solo
1102 586 1171 624 Ro·

283 648 385 675 mano
407 634 648 674 patriarchatu.
677 636 764 674 Ecce
787 635 939 680 equibus
960 635 1111 675 fontibus
1124 636 1172 674 bi-

281 687 337 725 bat
347 713 358 732 ,
378 688 414 723 &
423 687 521 725 nobis
533 687 685 734 propinet
697 686 741 724 Di
756 685 1032 731 Archiepiscopus
1045 711 1053 724 .
1079 687 1170 736 Qis

280 738 374 774 enim
394 734 602 774 orthodoxus
621 748 766 780 unquam
789 735 916 774 audivit
935 734 1168 774 Patriarchalia

280 787 316 824 in
343 788 523 832 Episcopos
543 786 665 832 judicia
678 788 742 822 eise
764 788 910 831 suprema
924 811 936 829 ,
960 798 999 823 ac
1022 787 1169 825 Romam

280 837 555 882 inappellabilia?
582 838 668 888 Quis
678 833 823 883 unquam
837 836 962 873 audivit
984 837 1028 871 ita
1052 836 1167 874 sanciri

280 898 336 935 per
347 887 503 935 Synodos
527 887 958 932 Constantinopolitanam‚
983 884 1169 924 Chalcedo-

279 939 435 980 nensem,
461 939 497 974 δε
509 937 709 976 Trullanam
725 940 738 976 ἓ
762 937 866 975 Nulla
877 948 1024 985 unquam
1036 938 1070 973 id
1084 939 1168 978 som-

278 988 386 1026 niavit
409 988 592 1036 Synodus:
619 987 681 1026 Est«
703 987 945 1026 schismaticum
970 989 1165 1033 figmentum

277 1037 474 1076 Eusebianos
482 1039 634 1077 fastionis
646 1038 682 1075 in
694 1037 1002 1085 Philippopolitano
1013 1039 1165 1075 Conven-

275 1095 333 1123 tu.
360 1088 406 1125 Et
430 1087 511 1127 hinc
522 1100 591 1124 non
611 1100 671 1135 pro
695 1088 772 1126 solis
784 1087 1084 1131 occidentalibus,
1108 1086 1163 1124 sed

277 1138 449 1185 praesertim
470 1151 531 1182 pro
553 1139 782 1176 Orientalibus
794 1138 964 1182 Episcopis
985 1137 1072 1174 dixit
1090 1138 1164 1173 Ho-

275 1189 337 1224 fius
358 1201 366 1223 ;
392 1189 495 1224 samii
516 1193 602 1225 Petri
624 1188 747 1231 Apostoli
772 1193 942 1223 memoriam
968 1187 1141 1221 honoremus
1156 1211 1163 1218 .

275 1238 462 1275 Eusebiana
484 1239 583 1275 factio
605 1239 647 1273 de
675 1240 775 1274 noste·
787 1236 1053 1280 Philippopolim
1075 1236 1164 1280 fuge-

274 1297 348 1331 rat,
374 1288 556 1328 fremebat,
583 1289 652 1322 illic
673 1286 824 1321 adversus
854 1288 1006 1323 sancium
1026 1286 1162 1322 Petrum

275 1338 309 1373 δι
333 1338 367 1371 in
389 1337 456 1379 ejus
479 1335 710 1381 Apostolicam
732 1336 851 1372 Sedent
861 1337 1080 1372 meditabatur
1096 1336 1165 1372 ina·

275 1387 353 1428 nia,
378 1386 555 1421 damnabat
567 1386 737 1422 Romanas
754 1387 993 1432 appellationes
1003 1397 1023 1427 ,·
1042 1386 1163 1422 sancie-

274 1436 333 1473 bat
355 1436 484 1472 Divino
501 1436 564 1480 juri
588 1435 751 1478 adversas,
781 1436 1019 1472 Patriarchalia
1040 1436 1163 1480 judicia

272 1486 441 1523 sanciebat
454 1488 600 1531 suprema
610 1498 648 1522 ac
662 1486 907 1530 inappellabilia
919 1511 930 1527 ‚
942 1488 975 1521 &
986 1486 1032 1523 ob
1043 1486 1162 1522 horum

271 1537 310 1574 in
335 1534 518 1574 Athanafio
539 1536 662 1573 acaliis
672 1535 903 1573 Orientalibus
928 1535 1100 1581 Epist-opis
1110 1547 1162 1581 pa-

273 1595 392 1622 tratam
404 1585 700 1634 praevaricationem
714 1587 749 1621 in
762 1586 888 1631 Iulium
900 1584 1104 1622 Pontificem
1118 1585 1160 1619 la-

274 1636 380 1673 trabat
389 1632 576 1673 convitium
588 1635 945 1673 excommunicationis
957 1647 994 1669 ac
1006 1634 1162 1680 degrada·

274 1687 378 1723 tionis
388 1712 395 1719 .
424 1686 612 1721 Adversum
624 1685 682 1719 has
695 1710 706 1727 ‚
732 1696 812 1731 quas
823 1685 870 1721 sol
883 1686 984 1728 usque
997 1692 1078 1719 tunc
1091 1695 1159 1719 non

273 1737 420 1777 viderat,
446 1735 639 1771 insolentias
657 1735 811 1771 clamavit
833 1734 944 1769 omnis
965 1733 1162 1770 Sardicenfis

274 1785 452 1832 Synodus:
478 1785 582 1821 sanavi
595 1788 679 1821 Petri
689 1790 859 1821 memoriam
868 1783 1054 1819 honoremur,
1082 1783 1162 1818 Hoc

273 1839 343 1880 est,
370 1848 440 1872 non
462 1835 758 1877 Occidentalibus,
783 1835 825 1871 de
845 1833 962 1882 quibus
978 1834 1068 1869 nulla
1079 1844 1161 1880 quae-

275 1887 338 1922 stio
361 1883 372 1929 ,’
398 1886 453 1922 sed
474 1886 701 1922 Orientalibus
728 1886 901 1932 Episcopis
927 1883 1160 1929 Apostolicum

274 1951 312 1973 ac
335 1937 578 1982 Evangelicum
599 1936 763 1973 Romanae
773 1933 945 1971 Cathedrae
966 1932 1162 1969 invocanda

274 2001 312 2024 ac
335 1987 594 2032 appellandaejus
618 1986 653 2020 δε
668 1996 794 2021 morem
815 1995 905 2019 novo
921 1983 1064 2018 Canone
1082 1993 1162 2017 con-

274 2041 461 2074 firmemus.
490 2037 534 2071 Et
556 2035 636 2072 hinc
660 2036 693 2070 in
711 2032 974 2079 Prosphonetico
995 2032 1038 2067 ad
1058 2033 1162 2074 Impe-

273 2098 416 2124 ratorem
442 2086 664 2121 ‚Mattianum
698 2085 846 2118 sermone
888 2081 975 2114 dixit
1011 2080 1162 2115 universa

275 2135 556 2174 Chalcedonensis
581 2132 735 2176 Synodus
756 2143 765 2163 ε
804 2133 871 2177 ,Qui
896 2130 983 2172 apud
1006 2131 1160 2164 sardicam

275 2195 377 2224 contra
403 2189 465 2219 Arii
484 2185 631 2228 reliquias
642 2190 844 2217 convenerunt
857 2204 868 2222 ‚
894 2180 1097 2215 Orientalibus
1119 2181 1163 2215 di-

275 2244 416 2274 rexerunt
421 2234 471 2280 sui
483 2234 649 2276 constituta
652 2234 764 2275 judicii
777 2256 785 2265 .
814 2228 919 2279 Qod
932 2242 1000 2265 non
1013 2238 1082 2265 tarn
1103 2242 1161 2274 pro

277 2284 552 2324 occidentalibus
572 2309 583 2325 ,
619 2283 718 2327 quam
741 2293 800 2326 pro
831 2279 1059 2316 Orientalibus
1084 2291 1160 2314 con-

277 2337 471 2375 stituissent.
500 2334 545 2368 Et
568 2334 613 2368 ita
637 2332 733 2376 plene
744 2339 902 2367 corruunt
913 2330 1014 2365 etiarn
1029 2326 1095 2364 haec
1117 2331 1159 2363 D.

278 2384 531 2430 Archiepiscopi
544 2381 584 2418 ad
603 2381 825 2419 Sardicensem
849 2382 1024 2416 Canonem
1044 2379 1139 2414 verba
1151 2393 1162 2414 .-

277 2441 376 2481 Hujus
396 2438 480 2479 ‚iuris
493 2445 604 2469 novam
625 2433 678 2476 effe
688 2432 897 2474 institutionem
912 2431 1045 2474 probant
1068 2430 1163 2464 verba

278 2492 416 2523 Cononis
432 2511 444 2529 ,
468 2485 503 2521 Si
515 2484 619 2530 placet
633 2482 748 2525 vobis,
773 2481 883 2517 Sanffl
896 2480 986 2516 Petri
1008 2479 1161 2525 Apostoli

279 2537 475 2574 memoriam
503 2534 703 2570 honoremus
726 2557 734 2565 .
769 2537 842 2566 Non
862 2537 909 2566 ait
929 2530 1165 2574 confirmandam

283 2590 337 2633 effe
363 2592 525 2630 antiquam
559 2585 754 2619 traditionem
778 2608 789 2625 ‚
825 2583 1074 2625 quemadmodum
1095 2581 1167 2624 fieri

280 2637 437 2684 consuevit
463 2641 495 2670 in
505 2640 627 2680 negotiis
639 2658 652 2675 ,
678 2645 746 2677 quae
755 2637 948 2667 renovatione
968 2633 1088 2666 tantum
1112 2638 1166 2665 aut

283 2690 479 2732 explicatione
489 2691 609 2729 antiqui
623 2686 707 2727 juris
721 2685 876 2728 indigent.
903 2682 1036 2716 Exinde
1057 2682 1166 2717 censet

285 2739 460 2775 Romanas
469 2735 705 2782 appellationes
715 2735 816 2778 usque
829 2743 909 2769 tunc
920 2733 1014 2767 fuisse
1025 2733 1165 2776 ignotas.

284 2788 490 2832 Respondeo
500 2787 594 2822 fuiffe
605 2784 784 2821 notiffimas
796 2809 803 2817 .
828 2783 965 2818 Etenim
987 2794 1055 2816 non
1068 2781 1167 2817 solius

287 2836 462 2874 Athanasii
485 2859 497 2876 ‚
531 2835 586 2869 sed
612 2836 647 2870 &
668 2835 884 2878 plurimorum
903 2833 1032 2876 insuper
1051 2833 1169 2867 Orien-

287 2888 406 2924 talium
443 2883 682 2930 Episcoporum
715 2884 751 2918 δε
786 2882 990 2917 Clericorum
1030 2883 1168 2927 appella-

289 2939 400 2974 tiones
420 2936 598 2979 susceperat
624 2946 663 2970 ac
685 2933 865 2968 retraaarat
887 2932 989 2976 Julius
998 2932 1168 2967 Pontifex.-

289 2988 339 3026 Et
359 2996 459 3022 omne
468 2986 564 3030 ipsms
583 2984 619 3018 in
642 2983 694 3019 his
709 2984 830 3018 fabium
849 2980 1002 3026 Synodus
1021 2981 1171 3026 probavit

291 3048 333 3074 uc
352 3035 498 3071 firmavit
523 3059 531 3068 .
563 3032 726 3070 Videatur
746 3032 843 3077 hujus
866 3031 1014 3077 Epistola
1034 3032 1076 3067 ad
1095 3033 1169 3068 Ale·

293 3085 492 3122 xandrinam
513 3084 711 3120 Ecclesiam.
737 3082 859 3118 Iterum
880 3083 978 3117 dico.-
1006 3080 1171 3118 Adversns

293 3136 372 3173 istas
392 3159 405 3177 ,
431 3145 512 3179 quas
522 3133 568 3168 sol
581 3134 683 3177 usque
701 3144 783 3169 tunc
803 3144 872 3169 non
885 3132 1030 3174 viderat,
1054 3133 1089 3167 δε
1108 3134 1172 3167 Eu-

295 3185 429 3222 sebiana
449 3183 550 3221 factio
570 3182 763 3218 Antiochiae
780 3192 954 3227 conceptas
971 3192 1053 3217 tunc
1073 3183 1174 3218 enite-

298 3234 395 3271 batur
404 3234 491 3279 apud
502 3232 780 3278 Philippopolim,
796 3233 957 3269 violentas
970 3232 1173 3273 insolentias,

1234 233 1645 280 constantinopolitanam
1664 232 1772 270 sedem
1785 233 1911 273 intrusit
1932 235 2110 281 Imperator

1234 285 1459 334 JnstinianuS,
1485 285 1572 329 ipsos
1592 282 1749 327 imposuit
1769 283 1829 318 suo
1851 282 2111 322 Nemo-Cano.

1233 335 1292 376 ni,
1318 334 1451 370 laudato
1473 347 1528 380 per
1548 333 1729 373 Nicolaum
1741 333 1884 379 primum
1894 331 2111 372 Pontificem.

1233 385 1329 434 Qin
1352 386 1466 432 &ipse
1486 385 1523 422 in
1533 386 1663 428 prolixo
1686 394 1746 430 pro
1755 381 1933 421 catholica
1951 382 2016 418 fide
2035 384 2112 425 Edi-

1233 436 1286 471 §io
1305 436 1484 480 Imperator
1505 434 1707 483 Justinianus
1725 444 1768 470 ex
1788 433 1909 480 Magni
1935 430 2120 473 Athanasii

1233 485 1426 522 austeritate
1435 485 1586 522 adfirmat
1595 484 1818 521 Sardicensem
1827 481 1998 529 Synodum
2017 483 2110 523 fuisse

1234 536 1451 573 universalem
1469 560 1482 578 ,
1509 535 1543 572 δε
1562 546 1605 571 ex
1627 535 1724 583 ipsius
1744 534 1899 577 exemplo
1920 533 2037 578 probat
2056 544 2114 568 oc-

1233 585 1340 623 cultos
1350 587 1384 622 in
1396 585 1569 624 catholica
1580 597 1658 630 pace
1669 585 1838 622 defunctos
1851 582 2019 621 haereticos
2040 585 2112 628 pos-

1234 637 1267 671 se
1278 635 1349 679 post
1372 646 1535 678 mortem,
1560 637 1583 672 fi
1596 647 1677 671 tunc
1698 635 1914 679 detegantur,
1940 633 1982 669 ab
1995 634 2111 674 Eccle-

1232 685 1273 721 fia
1284 684 1431 722 damnari
1442 712 1450 722 .
1476 684 1580 734 Qod
1602 685 1763 723 Trullana
1775 684 1928 728 synodus
1942 683 2111 721 Romanas

1231 735 1456 774 Orientalium
1478 736 1711 784 appellationes
1743 746 1813 771 non
1834 733 1995 770 mutilarit
2018 757 2029 775 ,
2063 734 2110 769 est

1231 785 1321 831 aeque
1341 798 1486 824 certum.
1512 788 1614 823 Hanc
1636 785 1875 822 schismaticam
1896 784 2111 821 insolentiam

1231 837 1356 879 primus
1376 838 1447 881 post
1459 835 1802 883 Philippopolitanum
1823 834 2112 873 conventiculum

1229 888 1405 924 attentavit
1421 886 1565 924 Photius
1576 912 1584 923 .

1277 935 1434 973 Tertium
1478 948 1518 972 ac
1550 936 1720 981 pessimum
1752 947 1896 973 errorem
1931 935 2110 972 continent

1227 985 1295 1022 haec
1317 986 1432 1021 verba:
1461 989 1661 1030 appellationi
1682 989 1758 1022 locus
1780 998 1838 1022 non
1853 993 1944 1028 erat,
1968 986 2112 1028 nullaque

1226 1037 1290 1071 alia
1309 1037 1480 1080 antiquitus
1503 1042 1581 1071 ratio
1596 1035 1777 1083 suppetebat
1799 1038 1956 1072 damnatis
1979 1060 1991 1077 ,
2019 1037 2111 1080 quam

1226 1094 1258 1119 ut
1268 1085 1421 1130 Rescripta
1442 1089 1591 1128 Principis
1601 1094 1746 1133 negotium
1767 1087 1977 1122 retractaretur
1999 1092 2033 1119 in
2047 1097 2113 1119 ma·

1218 1139 1282 1176 jori
1292 1137 1420 1174 synodo.
1450 1134 1575 1170 Auctor
1593 1141 1733 1180 exponit
1753 1138 1847 1172 snum
1870 1138 1999 1172 sensum
2013 1149 2024 1169 .·
2049 1139 2112 1170 Ca·
2129 1148 2159 1179 1⁴.
2171 1155 2231 1181 7-c-
2237 1154 2266 1184 3.

1226 1196 1300 1219 none
1312 1189 1439 1220 Nicaeno
1446 1183 1574 1228 firmata
1584 1183 1621 1225 est
1632 1182 1772 1227 suprema
1781 1188 1956 1228 synodorum
1980 1187 2113 1220 Provin-

1226 1237 1345 1269 cialium
1365 1234 1531 1270 aut‘loritas
1553 1239 1587 1267 in
1602 1233 1743 1279 ferendis
1758 1236 1885 1275 judiciis
1900 1260 1910 1269 .
1935 1238 2017 1279 ,ραι
2037 1244 2113 1276 tem-¹

1222 1293 1332 1327 perata
1347 1283 1412 1328 fuit
1438 1282 1603 1330 Rescriptis
1637 1287 1812 1326 Principum
1832 1308 1844 1325 ,
1879 1289 1935 1328 qui
1955 1283 2113 1325 revifionee

1225 1333 1382 1380 causarum
1386 1335 1454 1379 fieri
1461 1334 1680 1379 precipiebam
1691 1360 1699 1370 .
1727 1337 1804 1368 Hinc
1815 1345 1903 1370 novae
1915 1335 2023 1378 regulae
2037 1335 2113 1367 data

1227 1384 1346 1427 occasio,
1370 1396 1463 1428 quam
1481 1383 1652 1429 sardicense
1671 1386 1836 1420 Concilium
1854 1385 1990 1420 condidit
2002 1409 2010 1417 .
2037 1385 2114 1428 ,Qua

1226 1434 1383 1480 transfusa
1405 1434 1443 1477 esi
1463 1439 1497 1468 in
1508 1439 1677 1475 Romanum
1687 1433 1868 1479 Episcopum
1886 1433 2014 1479 potestas
2035 1436 2114 1475 itia,

1224 1497 1293 1529 qttae
1314 1481 1549 1529 imperatoribus
1570 1486 1754 1528 competebat
1767 1510 1778 1526 ,
1803 1486 1980 1520 concedendi
1998 1482 2115 1527 revtfio·

1225 1547 1275 1568 nes
1285 1534 1452 1578 hujusmodi
1468 1560 1475 1567 .
1501 1537 1550 1569 Eo
1579 1545 1679 1570 tamen
1716 1537 1823 1570 addito
1857 1542 2116 1577 temperamento,

1223 1585 1302 1627 quod
1311 1583 1395 1625 infra
1406 1584 1601 1620 adnotabitur
1621 1592 1654 1620 in
1666 1588 1866 1630 explicatione
1888 1588 2048 1620 canonum
2059 1582 2114 1621 bu·

1216 1636 1274 1677 jus
1299 1636 1426 1668 concilii
1448 1658 1455 1666 .
1495 1634 1588 1668 Audi
1613 1644 1906 1678 temperamentum
1931 1646 1939 1666 =
1965 1636 2112 1675 septimus

1223 1687 1331 1717 Canon
1352 1682 1521 1726 prasci-ibit
1537 1684 1669 1716 ordinem
1682 1685 1886 1723 judiciorum,
1904 1681 2059 1725 postquam
2069 1681 2110 1717 ab

1224 1731 1372 1776 Episcopo
1393 1735 1527 1765 Romano
1548 1733 1673 1775 conceffa
1691 1732 1790 1774 ficerit
1811 1729 1928 1771 maristo,
1958 1740 2051 1772 atque
2062 1737 2111 1766 ita

1223 1782 1372 1826 agendum
1383 1781 1436 1825 effe
1445 1792 1477 1814 eo
1485 1779 1555 1825 casu
1565 1804 1576 1821 ,
1602 1787 1636 1814 ut
1644 1778 1714 1825 fiam
1732 1776 1733 1779 ’
1765 1793 1781 1814 s
1794 1779 1939 1823 Pontifex
1952 1780 2040 1813 donet
2046 1782 2114 1824 Ju-

1224 1833 1366 1867 dicenex
1387 1837 1491 1865 vicina
1516 1834 1679 1865 ProvincIa
1695 1855 1706 1871 ‚
1753 1836 1785 1864 ui
1805 1828 1925 1873 causam
1945 1828 2111 1865 retractent

1223 1893 1286 1917 cum
1296 1881 1448 1923 prioribus
1452 1885 1487 1927 J
1489 1881 1626 1915 udicibus
1637 1905 1649 1921 ‚
1676 1879 1740 1927 tum
1753 1890 1788 1915 ut
1800 1879 1944 1924 Pontifex
1962 1882 2112 1923 Legatum

1223 1942 1334 1974 quoque
1345 1936 1464 1965 mittere
1470 1932 1552 1974 posJi't
1564 1930 1691 1966 Concilio
1695 1929 1899 1973 praefuturum
1911 1953 1921 1969 ,
1941 1928 1973 1971 Jt‘
1988 1928 2045 1972 ipſs
2062 1934 2111 1965 vi-

1223 1979 1289 2023 sum
1295 1980 1397 2022 fuerit
1409 1981 1539 2023 aliquem
1550 1981 1743 2014 mittendum.
1772 1978 1888 2020 Revisio
1907 1978 1972 2012 haec
1991 1980 2110 2012 omnino

1218 2028 1325 2071 fimilis
1345 2030 1385 2070 est
1404 2030 1593 2072 propositioni
1603 2041 1694 2073 quam
1719 2038 1828 2063 vocant
1840 2032 1947 2063 erroris
1959 2027 2109 2063 adversus

1226 2081 1384 2112 Decretum
1396 2081 1607 2119 Parlamenti,
1633 2090 1699 2121 quae
1718 2077 1872 2121 Reftripto
1886 2081 2035 2119 Prinoipis
2062 2083 2110 2110 in-

1218 2127 1369 2169 stituitur,
1394 2133 1441 2161 cui
1455 2128 1773 2171 definiendaeintereffe
1795 2127 1902 2161 debent
1911 2133 2026 2170 priores
2042 2131 2110 2174 Ju-

1224 2179 1306 2217 dices
1318 2203 1330 2220 ‚
1354 2182 1482 2221 itemque
1488 2185 1551 2220 par
1569 2187 1712 2211 novorum
1716 2177 1866 2222 judicum
1890 2187 2027 2210 numerus
2039 2200 2050 2216 ‚
2074 2188 2111 2211 ac

1219 2236 1372 2271 praeterea
1384 2229 1452 2262 duo.
1472 2227 1594 2263 Multis
1603 2228 1755 2262 adfirmat
1766 2227 1920 2271 quintum
1933 2226 2109 2261 Nicaenum

1225 2278 1426 2318 Canonem‚
1451 2278 1486 2313 δε
1508 2278 1549 2313 ab
1564 2278 1635 2322 ipso
1659 2276 1836 2312 stabilitam
1849 2276 2110 2313 provincialium

1225 2328 1438 2371 Synodorum
1478 2329 1658 2371 supremam
1681 2327 1905 2361 auctoritatem
1933 2337 2003 2360 non
2037 2324 2110 2359 laedi

1224 2379 1243 2412 a
1269 2378 1446 2413 Sardicenli
1467 2376 1606 2421 Synodo
1643 2401 1654 2419 ,
1681 2377 1839 2411 Romano
1856 2374 2014 2410 Pontifici
2041 2386 2112 2409 non

1225 2427 1436 2463 admittendae
1456 2426 1685 2473 appellationis
1706 2449 1719 2468 ,
1757 2425 1812 2461 sed
1832 2425 1940 2459 solnm
1959 2424 2115 2469 delegan-

1224 2477 1274 2513 dae
1294 2477 1463 2515 revisionis
1485 2476 1535 2520 jus
1555 2476 1720 2517 adscribi,
1745 2476 1922 2519 appellandi
1948 2475 2112 2517 &provo-

1225 2529 1314 2562 candi
1333 2527 1501 2563 vocabulis
1526 2526 1617 2563 abuti
1642 2527 1786 2563 Hostum
1799 2550 1812 2567 ,
1837 2526 1871 2561 δε
1883 2525 2110 2570 prosequitur:

1226 2583 1262 2612 In
1273 2576 1439 2620 sardicenfi
1452 2578 1559 2616 synodo
1568 2576 1724 2620 quaefitum
1736 2580 1869 2610 Romano
1892 2573 2036 2617 Episcopo
2050 2575 2110 2615 Jus

1225 2629 1265 2669 est
1286 2625 1436 2670 diversum
1451 2627 1576 2670 prorsus
1597 2628 1618 2659 ἃ
1638 2627 1752 2667 ‚iudicio
1775 2625 1983 2666 appellationis
2003 2646 2015 2664 ,
2041 2620 2108 2657 cum

1227 2677 1307 2712 nibil
1323 2679 1408 2711 aliud
1431 2674 1681 2720 eiconceffumfit‚
1707 2677 1799 2719 quam
1810 2682 1843 2708 ut
1855 2675 2008 2708 decernere
2023 2673 2108 2716 poffit

1226 2726 1323 2773 causae
1347 2728 1604 2763 retrablationem.
1631 2726 1809 2761 Invocatus
1835 2734 1891 2767 per
1911 2722 2105 2767 appellatio-

1229 2790 1304 2816 nem
1317 2778 1421 2823 Judex
1433 2789 1501 2813 non
1511 2776 1641 2813 tantum
1651 2775 1766 2820 prioris
1775 2773 1889 2818 judicii
1900 2783 2005 2817 partes
2016 2796 2028 2814 ,
2050 2770 2109 2808 sed

1228 2830 1263 2864 δε
1277 2829 1383 2873 ipsum
1396 2827 1542 2873 Judicem
1553 2836 1690 2862 evocare
1698 2824 1801 2869 potest
1813 2824 1854 2858 ad
1878 2824 1971 2859 suum
1984 2822 2109 2858 Tribu-

1229 2879 1305 2920 nal,
1330 2880 1363 2913 ἀ
1377 2879 1444 2925 ipse
1453 2879 1582 2914 causam
1602 2877 1786 2912 retractare.
1815 2874 1895 2909 Hoc
1915 2871 2036 2917 Papale
2056 2872 2107 2915 jus

1229 2929 1248 2965 ὲ
1265 2929 1375 2964 Gallia
1402 2927 1595 2974 proscribere
1618 2925 1723 2961 studet
1743 2925 1911 2961 Dominus
1933 2921 2107 2966 Archiepi-

1232 2981 1349 3025 scopus
1358 3002 1369 3019 ‚
1394 2979 1533 3024 ideoque
1542 2977 1561 3012 a
1571 2977 1746 3012 Sardicenfi
1757 2974 1893 3020 Synodo
1906 2972 2019 3008 induci
2031 2981 2109 3007 σειν.

1233 3031 1279 3066 set
1305 3030 1407 3064 solam
1432 3029 1618 3065 revifionem
1651 3051 1663 3068 ,
1689 3038 1758 3061 non
1785 3034 1894 3060 veram
1918 3020 2112 3067 appellatio-

1233 3091 1327 3116 nem.
1354 3077 1531 3115 Christiani
1554 3078 1784 3112 Romanorum
1803 3075 2015 3118 Imperatores
2035 3097 2048 3113 ,
2068 3071 2110 3106 li-

1234 3131 1285 3166 cet
1293 3130 1475 3165 criminales
1485 3128 1720 3173 Episcoporum
1730 3128 1763 3162 δε
1774 3125 1977 3161 clericorum
1989 3147 2001 3163 ‚
2018 3121 2109 3156 alias·

1234 3192 1297 3226 que
1309 3179 1544 3216 Ecclefiasticas
1553 3179 1665 3213 causas
1677 3187 1856 3222 numquam
1867 3174 2031 3209 retractare
2049 3181 2110 3206 aut

1232 3231 1376 3276 judicare
1395 3229 1582 3274 potuerint,
1607 3239 1664 3263 aut
1682 3228 1766 3263 citra
1786 3225 1976 3269 sacrilegam
1997 3232 2110 3265 tyran-

298 3285 423 3322 Hofius
447 3284 510 3319 isto
531 3281 720 3328 emphatico
743 3284 884 3319 exordio
909 3282 971 3318 fuit
996 3283 1070 3318 usus
1083 3306 1092 3316 .
1131 3282 1174 3317 Et
1236 3280 1346 3316 nidem
1359 3280 1608 3325 praesumpserint
1619 3303 1632 3320 ‚
1656 3279 1796 3322 ipsarum
1806 3285 1916 3312 tamen
1927 3273 2108 3307 retrastato·

300 3335 400 3380 ipfius
408 3333 566 3370 Canones
574 3332 700 3368 dudum
709 3343 785 3368 ante
795 3333 992 3368 Trullanam
1003 3332 1175 3376 Synodum
1236 3331 1283 3366 ria
1293 3330 1414 3374 judicia
1426 3354 1438 3371 ‚
1463 3330 1483 3364 a
1494 3328 1655 3364 damnatis
1667 3327 1838 3373 Episcopis
1846 3333 1902 3358 aut
1913 3322 2052 3359 Clericis
2061 3320 2110 3354 in·

300 3383 501 3424 admiserunt
523 3384 559 3421 δι
574 3382 759 3422 dilexerunt
775 3382 898 3420 Graeci.
924 3383 1060 3420 Etenim
1080 3384 1177 3428 Joan-

1237 3379 1396 3428 ‘C‘Pelliti
1408 3403 1423 3423 a
1443 3380 1627 3425 frequenter
1634 3377 1827 3425 delegarunt
1845 3374 1921 3410 aliis
1933 3370 2077 3429 synodis
2095 3391 2111 3411 ,

1887 3424 2062 3472 praesertuu
