2366 3756
374 147 471 197 316

682 136 720 180 S.
759 134 1086 182 Gneoonn
1123 148 1360 183 sepum
1396 135 1764 182 Ponrrtrcts

302 219 582 267 trariasefacquros
599 217 811 260 praedicabant
824 243 831 253 ,
859 222 947 252 Nam
969 216 1126 261 Episcopos
1148 219 1183 252 6·
1245 218 1278 254 &
1302 229 1370 251 non
1394 216 1505 253 minus
1518 217 1614 261 quim
1627 217 1803 262 appellatio
1813 217 1979 261 suspendat
1990 220 2102 255 omnia
2113 245 2125 261 ‚

302 273 471 307 sacerdotes
483 273 615 302 Orientis
625 293 636 310 ,
662 273 713 311 qui
723 266 800 311 ipsos
815 269 964 312 antegreffi
966 266 1092 309 fuerant
1108 291 1119 308 ‚
1130 273 1183 302 mi-

302 323 382 356 nime
387 319 556 364 refragatos
567 317 619 361 esse
629 316 774 361 Episcopo
783 321 917 355 Romano
929 343 939 362 ‚
953 329 1016 354 cum
1028 322 1183 355 Novatia-

300 382 357 404 nus
378 377 445 403 erat
463 367 590 410 Ecclessa
612 368 652 400 ab
672 379 704 401 eo
728 368 836 412 effeetus
859 393 868 404 .
898 366 1014 405 Primo
1034 368 1150 404 dicunt
1172 393 1183 412 ,

299 417 389 465 quod
401 419 574 455 Romanus
589 418 771 462 Episcopus
782 417 900 462 primas
911 428 1020 453 teneat
1035 431 1043 455 ;
1069 416 1181 456 verum

297 469 398 505 solius
416 469 503 511 loci,
531 479 600 502 non
614 467 796 512 potestatis,
824 469 1022 506 Omnestres
1046 466 1182 506 Patriar·

296 518 375 554 chas
387 519 504 555 volunt
517 518 580 553 effe
589 517 725 563 aequales
745 518 780 555 &
801 518 964 562 supremos
977 543 988 558 ‚
1014 517 1184 556 distinstos

296 570 368 605 solo
395 569 463 605 loci
487 568 626 603 ordine.
665 567 759 605 Hinc
779 569 928 607 inferunt
952 567 1183 610 ,Patriarchales

295 618 477 655 Orientalis
488 618 633 655 Ecclefiae
646 617 822 655 sententias
831 619 897 653 effe
909 619 1071 665 supremas
1083 628 1183 665 atque

270 701 285 716 ,
294 668 541 715 inappellabiles
550 692 561 711 ‚
588 667 727 716 ideoque
739 679 795 712 per
804 667 994 704 Romanam
1008 668 1181 706 Ecclefiarn

293 720 463 755 reformari
473 730 543 755 non
558 719 647 763 poffe
660 742 671 759 ‚
683 729 739 753 aut
750 720 911 754 retraetari
924 744 932 757 ,.
956 717 1077 757 Tertio
1089 718 1182 753 adfir-

293 770 441 806 mantfic
465 769 622 806 statutum
643 769 662 803 a
684 769 817 805 Nicaena
837 770 1000 815 synodo,
1025 769 1140 813 utique
1164 768 1182 802 a

292 819 490 866 quintoeyus
505 819 664 855 Canone.
693 819 823 868 Qarto
835 815 974 859 aiunt&
999 819 1096 857 ,istum
1120 818 1183 853 Ca-

291 881 419 915 nope·
430 872 464 907 δε
475 865 653 915 antiquans
660 870 810 908 Ecclesia:
821 870 927 916 legem
940 881 997 914 per
1017 878 1182 917 receptum

284 926 331 957 hc
341 931 522 966 reparatum
535 919 748 957 Athanasium
762 921 826 959 effe
837 919 987 959 violata}
999 920 1088 966 Julio
1101 943 1112 961 ‚
1132 921 1180 964 ip·

290 971 362 1007 sum
375 970 630 1008 communicasse
640 969 758 1009 alienis
772 969 936 1009 damnatis
947 997 957 1014 ‚
969 971 1111 1017 ideoque
1118 972 1180 1006 effe

287 1021 332 1055 ab
343 1022 461 1056 eodem
471 1022 616 1059 Conone
625 1021 819 1060 damnatum
832 1047 840 1059 ,
867 1021 1002 1071 Qinto
1015 1022 1045 1055 ei
1059 1032 1180 1064 repara-

280 1071 416 1107 ·tionem
429 1072 630 1116 promittunt
641 1097 653 1116 ,
664 1072 850 1108 dummodo
864 1072 907 1107 ab
920 1072 979 1107 ista
991 1072 1044 1109 sua
1056 1071 1177 1107 scabio-

288 1123 322 1156 sa
341 1123 649 1160 communicatione
669 1124 784 1166 cesset,
804 1122 839 1156 ὅ(
862 1122 1014 1165 deinceps
1036 1121 1177 1166 interpo-

285 1172 404 1207 nendis
416 1173 457 1210 ad
466 1175 572 1216 ipsum
582 1172 860 1217 appellationibus
871 1171 1040 1209 renunciet
1053 1197 1060 1205 .
1075 1171 1177 1205 Sexto

285 1222 412 1266 ipsum,
438 1223 496 1257 nifi
506 1222 660 1266 obediat,
687 1224 856 1259 minantur
866 1220 1114 1264 irreparabiliter
1125 1218 1176 1254 de·

283 1272 508 1317 gradandum.
537 1274 582 1308 Et
595 1271 723 1311 hincad
746 1270 842 1306 hasce
855 1271 978 1305 litteras
1003 1269 1107 1314 Julius
1131 1281 1174 1304 re-

282 1323 423 1366 scripsit:
450 1327 523 1355 Non
529 1321 589 1364 [εἰσ
599 1344 610 1360 ,
630 1331 683 1356 cur
693 1320 777 1357 vobis
788 1325 839 1354 ita
851 1332 915 1355 rem
923 1332 1013 1367 agere
1033 1322 1152 1363 placuit
1163 1345 1174 1361 ,

283 1373 318 1404 (θ’
330 1378 426 1405 nos-in
437 1372 513 1405 banc
523 1376 684 1413 opinionem
694 1372 838 1414 redigatis
849 1395 860 1411 ‚
880 1380 915 1405 ut
926 1371 1107 1405 arbitremur
1121 1382 1175 1405 nos

277 1420 335 1465 sub
341 1420 437 1466 specie
449 1426 625 1457 reverentia
634 1430 691 1463 pro
701 1421 828 1457 ludibrio
839 1422 891 1465 effe
913 1420 1032 1455 habitos
1043 1445 1055 1464 ‚
1079 1420 1174 1455 dida·

280 1484 338 1514 que
348 1471 447 1515 vestra
458 1473 650 1506 irridentium
657 1471 746 1515 fuiffe
759 1497 770 1513 ,
795 1483 861 1506 cum
873 1472 907 1506 ἐν
926 1471 1111 1512 Presbyteros
1125 1484 1174 1507 no-

275 1522 352 1563 stros
364 1523 407 1556 ad
418 1534 471 1556 vos
479 1522 572 1565 missos
583 1546 594 1562 ,
606 1533 679 1564 quos
689 1533 755 1557 cum
761 1523 876 1565 gaudio
885 1522 1011 1565 remffl‘os
1026 1528 1151 1563 oportuit
1163 1546 1173 1561 ,

279 1583 346 1607 cum
365 1572 443 1607 lucia
465 1570 638 1614 remiseritis
657 1571 692 1607 ob
709 1582 767 1619 eq,
795 1582 867 1614 quae
889 1570 952 1614 istic
970 1576 1037 1614 gert'
1061 1569 1171 1613 conspi-

278 1623 397 1658 ciebant
417 1648 425 1658 .
452 1625 519 1667 Ego
537 1623 612 1656 certe
635 1645 646 1661 ‚
682 1622 746 1653 ciam
770 1621 891 1655 litteras
913 1620 1030 1662 vestras
1054 1620 1172 1656 evolve·

278 1684 344 1706 rem
368 1697 379 1713 ,
401 1671 463 1716 post
486 1676 593 1707 varias
610 1672 836 1713 ultro'citroque
859 1675 1054 1713 cogitationes
1069 1693 1084 1711 ‚
1122 1681 1173 1702 eas

275 1721 511 1767 supprimendas
527 1725 658 1764 cogitavi
676 1730 711 1754 ea
728 1718 785 1764 spe
803 1744 814 1760 ,
841 1720 921 1763 quod
943 1719 1093 1754 crederem
1108 1716 1173 1764 sal-

280 1782 340 1808 tem
361 1774 473 1815 aliquos
492 1783 530 1805 ex
556 1769 663 1812 vestris
685 1770 870 1803 adventuros
893 1794 905 1809 ‚
943 1779 993 1802 nec
1014 1777 1087 1811 opus
1106 1767 1176 1811 fore

279 1821 438 1868 istiusmodi
461 1819 622 1864 epistolis,
649 1831 686 1856 ne
693 1819 722 1862 fi
726 1820 788 1853 illae
797 1825 830 1853 in
836 1820 985 1863 publicum
1003 1827 1174 1862 promeren-

279 1883 329 1907 tur
341 1898 352 1913 ,
379 1873 486 1906 multos
497 1871 544 1906 bic
557 1872 653 1906 dolore
663 1869 824 1916 adficerent
838 1894 846 1903 .
870 1871 1022 1904 Caeterum
1046 1869 1096 1903 ubi
1111 1870 1174 1902 nul·

278 1925 327 1959 ius
339 1923 469 1961 oestrum
488 1920 729 1967 supervenerat,
755 1921 893 1966 necessum
905 1920 975 1964 fuit
986 1928 1019 1952 ut
1029 1931 1080 1953 eas
1104 1927 1175 1960 pro-

271 1974 391 2019 ferrem
400 1999 407 2005 .
436 1974 559 2008 Credite
572 1971 665 2012 mihi,
694 1982 794 2006 omnes
810 1971 1011 2003 admiratione
1018 1968 1104 2009 pleni
1115 1972 1173 2000 vix

280 2025 379 2059 induci
394 2032 537 2066 poterant
552 2046 563 2062 ‚
599 2029 633 2055 ut
652 2021 807 2055 crederent
829 2016 987 2061 istiusmodi
1013 2019 1132 2051 litteras
1155 2019 1175 2049 a

281 2074 371 2109 vobis
379 2072 532 2116 profeHas
543 2071 594 2114 ere
605 2094 617 2111 ,
641 2076 674 2104 in
685 2069 793 2111 quibus
807 2069 933 2101 rixandi
938 2067 1040 2109 potius
1051 2088 1062 2106 ‚
1083 2067 1175 2109 quam

280 2124 442 2159 eharitatis
460 2121 601 2163 *adflatus
621 2117 788 2153 eminebat.
817 2118 913 2159 ‚Quod
914 2114 944 2157 fi
949 2115 1109 2150 ambitione
1117 2115 1175 2148 elo-

281 2178 413 2217 quentiae
422 2169 607 2213 ostentandae
618 2172 663 2200 ita
675 2174 807 2209 excepta
813 2164 886 2209 sunt
897 2168 917 2199 ἂ
943 2165 1094 2199 Dictatore
1106 2190 1117 2208 ‚
1143 2165 1179 2198 id

280 2225 355 2259 cert?
366 2221 501 2264 studium
524 2220 570 2254 ad
581 2220 654 2253 aiios
664 2216 814 2264 spet‘i‘avit
827 2241 834 2249 .
863 2221 901 2250 In
915 2215 1000 2250 rebus
1015 2221 1094 2249 enim
1117 2217 1175 2249 Ec-

282 2273 437 2317 clefiasticis
461 2282 519 2306 non
527 2269 676 2315 specimen
686 2269 859 2311 eloquentia
871 2291 882 2307 ‚
903 2264 962 2309 fid
982 2269 1122 2300 Canones
1137 2269 1176 2298 A·

276 2324 406 2369 postolici'
426 2325 642 2365 requiruntur,
667 2326 812 2360 opemque
824 2318 894 2350 dari
917 2313 995 2359 solet
1009 2339 1020 2355 ‚
1046 2327 1082 2349 ne
1108 2321 1176 2356 quis

283 2387 322 2410 ex
331 2378 442 2418 parvis
453 2377 485 2405 in
498 2368 624 2411 Ecclesia
641 2366 865 2412 scandalizetur
878 2391 885 2399 .
913 2366 1051 2408 Expedit
1070 2370 1149 2398 enim
1167 2389 1176 2404 ,

277 2423 443 2469 secundnm
463 2418 687 2462 Ecclefiasticum
714 2418 837 2453 verbum
851 2441 862 2458 ‚
888 2417 993 2450 molem
1018 2413 1177 2458 afinariam

278 2473 547 2520 suspendie‘collo,
573 2477 661 2514 atque
684 2474 730 2502 ita
752 2469 909 2513 demergi,
936 2476 1027 2510 quam
1051 2477 1142 2500 unum
1157 2466 1179 2500 ti

283 2524 395 2569 pufillis
402 2521 629 2569 scandalizare.
660 2518 831 2564 Ejusmodi
857 2524 1046 2551 commenta
1072 2516 1179 2551 soluf-

285 2586 352 2620 que
369 2584 450 2609 tunc
463 2584 532 2607 non
545 2570 686 2605 viderat:
714 2568 809 2603 Hinc
823 2566 932 2603 omnis
941 2567 1094 2602 Romana
1119 2566 1179 2609 Sy-

286 2624 396 2661 nodus
409 2623 470 2659 fuit
482 2619 603 2657 merito
613 2619 771 2655 admirata
783 2620 817 2654 &
826 2617 1041 2652 scandalizata
1056 2641 1063 2648 .
1084 2615 1127 2649 Et
1140 2624 1181 2648 ex

286 2676 356 2710 istis
368 2673 527 2715 sceleratis
537 2671 652 2706 litteris
660 2670 703 2703 D.
714 2668 987 2712 Archiepiscopus
997 2666 1103 2701 firmat
1113 2666 1183 2699 suas

289 2725 509 2772 cogitationes
529 2744 546 2765 ,ν
580 2721 811 2768 profiteturque
836 2720 869 2754 se
900 2728 976 2753 cum
1006 2716 1079 2761 ipfis
1114 2717 1182 2751 sen·

291 2785 368 2811 tire.

343 2825 388 2858 Et
397 2823 494 2857 Pauli
506 2823 734 2857 Samosatenfis
743 2819 929 2863 exemplum
942 2815 1026 2853 nihil
1039 2815 1182 2852 omnino

292 2873 425 2916 fac'rtad
437 2873 582 2916 ipsorum
595 2883 662 2906 rem
671 2897 681 2912 ‚
709 2871 763 2905 sed
778 2868 954 2913 plurimum
964 2868 1005 2902 ad
1018 2868 1161 2902 nostram
1172 2891 1180 2900 .

293 2924 432 2960 Etenim
450 2922 570 2967 Paulus
595 2932 663 2956 non
683 2919 859 2963 appellavit
871 2918 1033 2952 Romam:
1060 2919 1179 2953 Sciens

294 2975 367 3010 illic
389 2971 609 3018 pertinacibus
632 2970 788 3005 haereticis
811 2980 878 3003 non
906 2967 1086 3003 subveniri.
1116 2967 1182 3011 Ap·

295 3023 428 3070 pellavit
440 3023 481 3057 ad
493 3023 726 3066 Imperatorem
737 3020 950 3054 Aurelianum
964 3042 971 3050 .
999 3018 1043 3051 Et
1056 3016 1111 3052 hic
1124 3016 1184 3051 ho-

296 3073 561 3110 minema-emisit
574 3071 614 3106 ad
626 3071 818 3106 R'omanum
840 3068 1039 3105 Pontificem
1063 3079 1102 3102 ac
1123 3066 1182 3102 Ita·

298 3125 350 3160 liae
373 3123 572 3167 Episcopos.
608 3121 874 3156 Christianorum
907 3118 1084 3153 Canonum
1105 3118 1185 3162 peri·

298 3185 352 3210 tus
372 3174 527 3216 Princeps
550 3181 645 3207 norat
672 3172 753 3206 istuc
773 3172 793 3205 ὲ
818 3169 980 3205 damnatis
990 3166 1183 3202 Patriarchis

299 3223 549 3269 appellandum.
577 3222 620 3256 Et
642 3220 736 3255 Pauli
755 3219 940 3255 damnatrix
971 3216 1183 3253 Antiochena

301 3272 453 3318 synodus
476 3275 571 3307 suum
589 3270 748 3316 judicium
768 3271 879 3306 retulit
891 3268 1056 3311 Dionyfio
1068 3269 1185 3303 Ponti·

301 3324 357 3358 fici
378 3348 389 3364 ‚
427 3323 567 3367 ideoque
596 3323 630 3356 &
650 3321 694 3358 ad
719 3319 787 3364 ejus
805 3319 977 3355 arbitrium
1001 3317 1182 3363 suspendit.

1243 269 1369 306 cunctis
1388 268 1562 313 Legum&
1586 268 1767 303 Canonum
1801 267 1911 311 peritis
1934 269 1980 302 est
2014 272 2125 314 explo-

1244 328 1368 354 ratum.
1397 318 1507 354 Etiam
1527 317 1618 365 quod
1630 319 1697 352 fine
1709 316 1823 361 praevia
1834 316 1876 350 ad
1900 317 2125 361 Apostolicam

1244 368 1360 404 Sedem
1382 368 1543 404 relatione
1565 392 1577 409 ,
1613 369 1647 403 &
1670 368 1750 402 dato
1768 365 1809 400 ad
1829 366 1931 411 ipsam
1953 366 2125 414 Rescripto

1245 418 1400 458 damnare
1426 418 1569 454 Paulum
1595 415 1817 454 Patriarcham
1849 428 1917 451 non
1952 419 2095 461 potuerit
2113 444 2125 461 ,

1246 469 1418 511 profitetur
1439 467 1553 502 eadem
1577 467 1730 512 Synodus
1754 491 1765 507 ,
1802 466 1922 511 allegat
1943 466 2126 503 intermina

1243 516 1339 562 hujus
1359 519 1471 555 formae
1494 518 1693 563 graviffimas
1713 518 1844 557 causas,
1872 515 2020 562 adeoque
2056 518 2127 553 suo·

1245 579 1317 603 rum
1343 567 1541 615 judiciorum
1562 567 1794 603 omnimodam
1816 567 1834 601 a
1865 566 2022 602 Romano
2039 565 2128 603 thro-

1246 630 1291 652 no
1312 617 1566 665 dependentium
1577 617 1757 661 pleniffime
1768 617 1934 661 agnoscit.
1961 618 2005 652 Et
2016 618 2050 652 in
2063 618 2127 653 suis

1244 668 1360 704 litteris
1385 668 1488 705 lulius
1507 666 1653 704 addidit:
1690 672 1763 703 Non
1783 671 1913 700 omnium
1935 669 2027 702 talem
2046 680 2128 703 men-

1244 727 1303 753 tem
1325 717 1412 762 fuiffe
1430 718 1558 754 arbitror
1578 743 1585 751 .
1634 719 1770 755 Etenim
1789 715 2002 751 Antiochena
2024 719 2127 762 Syno-

1242 768 1324 808 dus,
1352 767 1429 808 licet
1444 767 1618 805 Eusebiani
1630 767 1874 816 praevaluerint,
1900 765 2059 803 habuit&
2077 779 2128 803 orh

1242 817 1411 855 thodoxos
1432 819 1638 865 Episcopos,
1665 819 1722 863 qui
1742 829 1811 853 non
1831 817 1943 853 minus
1964 816 2023 852 has
2033 817 2128 853 schis—

1242 870 1376 904 maticas
1397 870 1609 911 insolentias,
1647 870 1744 916 quam
1767 868 1910 906 Arianos
1930 879 2052 904 errores
2062 870 2128 904 fue·

1242 930 1318 955 runt
1339 919 1527 955 constanter
1546 920 1694 956 detestati
1710 945 1717 955 .

1290 969 1400 1015 Pergit
1415 972 1457 1005 D.
1472 969 1768 1016 Archiepiscopus·:
1795 973 1835 1005 At
1835 969 1948 1016 Julius
1961 972 2049 1012 Papa
2071 967 2129 1012 rell

1236 1022 1375 1063 pondens
1384 1019 1451 1054 huic
1462 1020 1620 1062 Βριζβοῐα,
1644 1032 1703 1055 non
1729 1022 1904 1056 contradicit
1932 1018 2063 1063 absolute
2076 1018 2127 1063 su-

1235 1079 1372 1113 premam
1394 1073 1582 1105 orientalium
1605 1073 1799 1106 conciliorum
1819 1070 2025 1104 auctoritatem
2038 1094 2050 1110 ,
2070 1067 2131 1112 sed

1241 1119 1394 1164 Athanasii
1412 1117 1530 1154 tentum
1547 1120 1635 1162 fado
1664 1121 1800 1166 inbaefit‚
1828 1120 2059 1163 txpiuandoqae
2074 1122 2128 1162 ju-

1239 1171 1312 1202 dicio
1325 1194 1335 1210 ‚
1365 1169 1444 1212 quod
1465 1169 1618 1203 adversus
1636 1180 1710 1203 eam
1727 1171 1832 1212 ficerat
1851 1172 1947 1206 iatum
1968 1175 2002 1203 in
2020 1170 2128 1208 synodo

1238 1222 1325 1258 Tyria
1338 1244 1346 1251 .
1375 1225 1425 1253 Ait
1435 1225 1516 1253 enim
1541 1219 1621 1252 illud
1634 1219 1686 1263 effe
1708 1223 1849 1260 irritam,
1874 1222 1954 1263 quod
1974 1220 2126 1254 adversus

1241 1267 1452 1311 Athanafium,
1478 1268 1737 1312 presbyterumque
1760 1270 1826 1310 eJ‘us
1837 1272 2027 1309 Mae-arium,
2052 1268 2128 1310 testi-

1237 1326 1335 1353 monia
1355 1321 1417 1354 illis
1438 1318 1609 1363 absentibus
1632 1327 1749 1362 recepta
1763 1319 1887 1362 fuerint
1916 1320 1939 1351 ἃ
1956 1318 2125 1365 Judicibus

1237 1370 1402 1414 delegatis,
1433 1371 1619 1413 aperiiffimis
1643 1368 1799 1411 Athanasii
1819 1368 1968 1410 hostibus,
1993 1369 2027 1402 ὑ·
2048 1368 2128 1402 abeo

1238 1422 1363 1462 ejiiratis
1378 1445 1389 1462 ‚
1416 1421 1535 1464 ideoque
1548 1421 1701 1462 judicium
1731 1421 1810 1454 iilud
1826 1425 1974 1463 integrum
1985 1416 2130 1463 nonsatis·

1230 1470 1264 1514 se
1277 1495 1288 1511 ‚
1309 1469 1493 1516 sedtanti'cm
1518 1471 1552 1495 ἐκ
1573 1466 1734 1503 nonum*
1746 1495 1757 1512 ‚
1783 1482 1823 1505 ex
1847 1466 2082 1515 qquequeretm
2092 1468 2129 1502 il-

1233 1523 1289 1557 lud
1307 1521 1471 1556 executioni
1491 1533 1550 1555 non
1572 1522 1625 1566 effe
1645 1522 1854 1554 mandandum
1874 1546 1882 1554 .
1923 1520 2002 1554 cum
2027 1524 2128 1562 itaque

1237 1569 1427 1612 Athanafium
1447 1577 1481 1606 in
1498 1570 1587 1615 suam
1596 1577 1823 1610 communionem
1831 1569 2021 1615 sufteperat,
2051 1567 2131 1603 nihii

1229 1618 1263 1664 se
1288 1622 1461 1654 canonibus
1484 1620 1649 1664 adversum
1674 1622 1757 1665 egiffe
1780 1646 1793 1663 ,
1818 1627 1957 1665 quoniam
1976 1618 2128 1664 sententia

1233 1675 1541 1711 excommunicationis
1565 1670 1649 1703 nulla
1669 1679 1738 1704 erat
1752 1694 1760 1702 .
1788 1670 1990 1713 Respondeo
2007 1678 2069 1702 nec
2083 1667 2129 1701 A·

1235 1718 1418 1754 thanafium
1443 1730 1621 1763 provocare
1641 1718 1780 1761 potuisse
1803 1719 1821 1753 a
1835 1718 1918 1763 justa
1941 1717 2129 1759 sententia,

1236 1779 1297 1803 nec
1318 1768 1435 1812 iustam
1459 1767 1655 1805 sententiam
1677 1766 1696 1801 a
1718 1767 1967 1811 Julio.rescindi
1993 1790 2000 1799 .
2025 1765 2129 1813 ·Q1is

1235 1817 1327 1853 enim
1350 1818 1472 1853 nesciat
1496 1816 1678 1860 interjectas
1704 1813 1874 1852 adversum
1897 1815 1979 1861 justa
2004 1815 2129 1860 judicia

1235 1868 1469 1912 appellationes
1491 1867 1554 1902 effe
1566 1867 1700 1902 frivolas
1714 1891 1726 1907 ,
1752 1867 1942 1915 refutandas
1955 1891 1966 1908 ,
1991 1865 2134 1910 punien-

1235 1918 1316 1953 das?
1349 1917 1443 1952 Hinc
1465 1928 1545 1962 ergo
1571 1918 1605 1952 ὅς
1631 1920 1726 1952 suum
1753 1916 1788 1951 δε
1809 1915 1977 1951 Athanafii
2006 1917 2129 1951 facium

1237 1977 1432 2012 purgaturus
1454 1968 1559 2013 Julius
1579 1992 1590 2009 ‚
1619 1967 1736 2002 merito
1756 1966 1955 2001 demonstrat
1979 1965 2128 2008 Tyrium

1235 2014 1395 2059 judicium
1418 2018 1452 2052 ὃς
1473 2018 1507 2051 in
1523 2017 1698 2051 substantia
1712 2041 1723 2057 ‚
1737 2017 1770 2050 &
1784 2017 1817 2050 in
1830 2015 1932 2050 modo
1944 2015 2103 2050 excessiffe
2115 2026 2125 2057 3

1237 2077 1292 2109 per
1315 2067 1403 2110 leges
1424 2068 1458 2102 δε
1480 2067 1638 2101 Canones
1650 2066 1743 2101 fuisse
1754 2066 1905 2106 irritum,
1932 2065 2073 2109 ideoque
2083 2065 2128 2099 ab

1240 2113 1422 2150 Athanasio
1444 2115 1527 2149 reete
1550 2116 1750 2158 appellatum
1773 2112 1812 2149 ad
1826 2114 2026 2158 Apostolicae
2035 2114 2128 2150 Sedis

1211 2198 1214 2200 ,
1238 2165 1405 2207 tribunal,
1432 2164 1512 2210 juste
1538 2164 1556 2199 a
1583 2165 1615 2199 se
1640 2166 1867 2208 retractatum,
1893 2165 2126 2206 reformatum,

1238 2215 1464 2250 exsufflatum.
1492 2216 1536 2250 Et
1558 2214 1676 2259 quibus
1699 2213 1803 2251 verbis
1827 2215 1966 2260 agnovit
1977 2214 2130 2251 orienta-

1241 2266 1321 2301 lium
1333 2266 1531 2309 judiciorum
1546 2267 1727 2310 supremam
1738 2266 1961 2300 auctoritatem
1974 2265 1992 2297 ἓ
2018 2262 2129 2298 Ιιπωὸ

1239 2314 1316 2351 huic
1345 2315 1529 2352 austeritati
1569 2313 1784 2359 patentiffime
1810 2316 1842 2348 &
1872 2313 2129 2349 constantiffime

1239 2365 1464 2401 contradixit:
1485 2367 1569 2409 Jam
1578 2366 1629 2399 ubi
1641 2368 1752 2405 iidem,
1781 2370 1834 2407 qui
1859 2366 1879 2397 ἃ
1901 2364 1987 2398 vobis
1994 2371 2052 2406 pro
2057 2375 2129 2408 gra-

1240 2416 1328 2450 vibus
1350 2420 1426 2450 viris
1440 2418 1481 2450 ὑ
1504 2415 1565 2459 fide
1588 2413 1672 2460 digni
1704 2414 1801 2448 habiti
1816 2413 1945 2456 fuerunt
1958 2438 1968 2454 ,
1995 2413 2130 2447 aaBores

1241 2466 1314 2499 mibi
1332 2465 1483 2507 fuerunt,
1510 2474 1544 2498 ut
1567 2476 1621 2498 vos
1633 2470 1841 2505 convenirem,
1867 2466 1946 2498 certe*
1963 2459 2130 2497 taavobi'r

1242 2518 1320 2560 aegre
1333 2515 1415 2558 ferri
1426 2526 1483 2549 non
1496 2514 1617 2557 debuit,
1640 2513 1803 2558 sedpotius
1814 2514 1953 2549 alacriter
1963 2513 2129 2548 adcitatio-

1241 2578 1308 2599 nem
1336 2576 1502 2599 occurrere.
1532 2568 1725 2608 ,Quapropter
1747 2566 1914 2609 indignatio
1935 2573 2050 2602 mm,
2074 2567 2128 2605 'm

1242 2616 1295 2649 bac
1316 2621 1454 2650 citatione
1467 2613 1656 2655 offenduntur
1666 2639 1676 2655 ,
1708 2620 1871 2647 temeraria
1884 2638 1894 2653 ‚
1904 2609 2130 2655 &tergiversa-

1241 2673 1281 2700 tio
1299 2665 1418 2709 fistendi
1435 2662 1467 2709 se
1494 2665 1664 2705 injudicio,
1694 2661 1843 2701 inhonesta
1868 2684 1878 2699 ‚
1917 2663 1951 2696 ό·
1968 2659 2127 2704 fiispiciosa

1241 2718 1363 2750 videtur
1373 2741 1380 2748 .
1408 2714 1455 2748 An
1469 2712 1625 2758 quisquam
1631 2712 1812 2753 stomachari
1825 2710 1909 2744 debet
1919 2735 1929 2752 ,
1954 2710 1979 2754 fi
1986 2722 2054 2753 quae
2064 2708 2127 2754 ipse

1233 2767 1314 2810 fecit
1327 2791 1338 2807 ,
1362 2765 1401 2798 ab
1408 2766 1477 2798 aliis
1490 2764 1560 2806 fieri
1568 2763 1694 2797 videat?
1718 2762 1749 2797 51⁴
1758 2768 1837 2797 enim
1850 2786 1860 2801 ,
1876 2770 1909 2794 ut
1917 2759 2071 2803 scribtus,
2081 2766 2129 2795 in)

1241 2816 1396 2859 concussam
1413 2814 1507 2848 babet
1523 2813 1730 2847 audoritatem
1753 2811 1892 2855 quaelibet
1915 2810 2134 2851 synodon-o·

1241 2866 1444 2902 contumeliosi
1465 2873 1568 2908 agitur
1595 2874 1660 2897 cum
1673 2866 1705 2906 J
1708 2864 1792 2896 udice
1799 2887 1810 2903 ,
1839 2859 2128 2904 cuinsjudiciumael

1242 2918 1312 2951 aliis
1332 2921 1543 2957 examinatur,
1567 2912 1741 2955 confiderate
1763 2910 1861 2955 quaeso
1878 2936 1888 2953 ,
1925 2910 2127 2958 Dileffifflmi,

1242 2973 1366 3012 quinam
1387 2964 1459 3008 fint-
1473 2970 1533 3010 quiy
1549 2963 1691 3001 synodum
1716 2962 1905 3004 improbant,
1932 2962 1967 2994 eb·
1990 2966 2041 3003 qui
2058 2960 2130 2993 alia

1243 3028 1311 3052 rum
1328 3017 1471 3059 judicata
1494 3011 1663 3056 rescindunt
1685 3038 1696 3054 ,
1734 3024 1771 3046 ne
1790 3011 1907 3055 fingula
1931 3011 2128 3050 excutiendae

1243 3065 1337 3103 certos
1363 3066 1494 3100 homines
1514 3074 1642 3107 gravem
1655 3087 1663 3094 .
1701 3062 1857 3097 Palmatis
1885 3061 2017 3095 istarum
2043 3060 2130 3094 litto·

1244 3129 1359 3153 rarum·
1378 3118 1493 3159 scopus
1525 3113 1571 3148 est
1595 3112 1837 3153 demonstrare,
1864 3109 1952 3155 quod
1975 3110 2131 3145 Orienu‘·

1244 3168 1326 3203 lium
1356 3165 1565 3210 synodorum
1593 3161 1829 3198 Patriarchalia
1864 3162 1966 3196 etiam
2003 3159 2128 3202 judiei-

1234 3229 1317 3254 mon
1343 3218 1406 3251 fiut
1430 3215 1617 3250 inconcussa
1634 3237 1646 3255 ,
1673 3223 1730 3248 aut
1755 3212 1900 3248 Romam
1916 3208 2130 3252 inappeilabi³

1245 3269 1310 3310 lia,
1338 3265 1518 3309 ideoque&
1533 3263 1750 3304 Athanasius,
1774 3263 1809 3299 ὅ(
1834 3260 1954 3295 Paulus
1965 3257 2129 3293 Constan-

1245 3317 1509 3362 tinopolitanus‚
1535 3315 1570 3348 &
1596 3314 1775 3348 Marcellus
1801 3311 2023 3354 normanus,
2060 3308 2129 3341 alii-

298 3371 404 3423 Qod
424 3373 516 3409 enim
535 3371 652 3409 relatio
680 3369 723 3408 ad
746 3370 858 3408 'solum
878 3369 1082 3415 Superiorem
1094 3369 1151 3405 fiat
1170 3393 1182 3410 ‚
1244 3379 1309 3413 que
1331 3367 1435 3412 plures
1451 3365 1492 3402 ab
1514 3365 1583 3399 istis
1594 3362 1736 3409 Synodis
1746 3359 1892 3423 damnati
1917 3358 2072 3404 Episcopi
2093 3356 2129 3393 3⁶

1976 3407 2080 3444 Cleri-
