2366 3756
194 326 239 355 5²·

118 663 262 699 l’raemi

118 858 210 892 LRo'.
233 861 280 888 81.

113 1161 226 1204 Quaest.
232 1175 245 1193 2
251 1168 266 1196 8

372 121 477 167 '226

654 120 698 164 S.
735 116 1068 165 Gateoan
1103 130 1339 162 sunm
1374 117 1756 165 Ponr1r1c1s

291 200 354 247 fit,
374 203 483 245 fovet.
511 201 556 234 Et
577 198 618 234 de
642 199 761 233 Sancto
778 197 910 231 Abbate
932 195 1061 241 Apollo
1079 197 1189 234 scribit
1251 194 1434 240 didloresque
1454 198 1556 239 capilli
1580 197 1627 230 bis
1645 197 1742 242 fient,
1766 203 1821 237 vel
1831 204 1911 238 alias
1923 205 2140 249 calamistrati,

297 254 335 288 in
349 253 500 287 Laufiaca
511 248 646 283 historia
661 247 1022 292 PalladiusEpiscopus
1040 248 1188 283 Heleno-

297 303 487 348 politanus:
516 301 645 333 Multum
657 297 889 341 reprehendebat
911 309 977 339 eos,
1006 304 1057 341 qui
1075 309 1188 339 comam
1251 306 1400 341 unguenta
1414 321 1427 338 ,
1452 299 1487 332 Θ
1511 300 1670 343 diligenter
1684 298 1830 341 pedendo
1845 307 1995 346 expoliunt

1249 249 1282 282 (5
1294 248 1461 281 indecenter
1467 249 1608 290 perplexi
1620 272 1631 288 ‚
1655 247 1715 292 sed
1724 257 1815 284 varta
1826 253 1872 287 bts
1877 253 2023 300 superins
2057 258 2136 291 dunt

2058 309 2135 351 dque
2155 282 2184 312 1⁴⁸
2202 291 2228 312 1'

300 349 472 386 nutriebant
491 375 498 383 .
530 350 574 384 Et
598 348 679 384 hinc
699 348 790 383 vides
813 347 1053 393 Apostolicam.
1084 349 1190 394 legem
1246 348 1376 390 perinde*
1383 354 1570 390 praecipuum
1581 361 1617 383 ac
1629 353 1754 394 Regium
1766 352 1853 385 decus
1868 354 2053 394 constitutum
2072 358 2134 399 est,

299 403 336 436 in
349 398 569 435 Antiocheno
579 423 591 440 ,
618 398 677 434 ubi
689 400 822 435 sanstus
841 399 980 442 Ioannes
993 396 1191 443 Chrysosto·

299 463 372 487 mus
398 451 514 486 docuit
548 474 562 492 ,
587 446 814 484 Patriarchatu
836 450 932 484 fuiffe
952 449 1086 493 quidem
1108 461 1192 485 rece-

298 513 389 547 ptam
411 526 423 543 ,
450 512 520 536 non
544 510 658 536 tamen
679 499 715 535 in
741 500 813 534 aliis
833 499 955 545 ubique
978 499 1189 546 regionibus.

298 553 346 591 Et
371 553 407 586 in
428 553 492 587 suis
517 553 607 596 super
621 550 851 594 Apostolicam
873 550 914 585 ad
941 550 1078 585 Galatas
1116 551 1191 594 Epi-

299 602 419 644 stolam
464 600 712 637 commentariis
734 600 843 635 scribit
863 602 998 636 Sanctus
1024 602 1192 644 Hierony-

301 665 396 689 mus:
423 652 592 686 Corinthios
607 659 692 686 notat
716 651 886 694 Apostolus,
913 653 995 694 quod
1004 658 1065 685 virt
1078 662 1191 686 comam

302 710 463 739 nutrlant.
492 707 551 736 Hoc
561 714 598 737 ex
616 709 707 746 parte
717 699 807 745 usque
818 700 904 735 hodie
911 710 1109 744 permanere,
1134 712 1193 733 non

298 754 392 798 potest
409 754 546 788 dubitare
556 758 606 797 qui
620 752 769 794 Acbajam
780 753 915 786 videm.
943 753 1055 798 Quem
1067 761 1192 786 morem

300 805 402 840 etiam
415 806 450 838 in
467 802 716 849 Mesopotamia:
727 801 906 837 Monachis
918 802 1124 845 permansrsse
1137 812 1194 836 no·

300 864 351 890 tat
375 856 409 890 in
424 854 566 890 Panario
591 855 725 888 Sanctus
738 849 966 896 Epiphanius,
990 850 1025 885 ἀ
1050 852 1085 887 in
1106 851 1193 886 libro

299 906 342 941 de
370 904 617 940 Monachorum
653 906 761 946 Opere
790 903 926 937 Sanctus
955 901 1164 948 Augustinus
1183 925 1193 935 .

302 957 398 1003 Qin
426 957 460 991 &
484 957 617 991 sanstus
643 952 784 998 Jacobus
806 952 949 988 Domini
974 953 1074 988 frater
1099 963 1192 987 nurn-

299 1017 398 1051 quam
411 1007 474 1040 fuit
487 1007 571 1041 ferro
583 1002 741 1039 detonsus
750 1029 759 1037 .
1014 1009 1024 1021 ·

351 1057 493 1091 Avitum
524 1064 650 1089 morem
679 1053 806 1099 Pagani
845 1052 1097 1098 pertinacissime
1119 1052 1194 1088 reti-

297 1115 442 1141 nuerunt
464 1131 471 1139 .
514 1105 650 1140 Etenim
672 1104 707 1139 in
726 1102 958 1148 quaestionibus
980 1105 1072 1148 supra
1099 1103 1193 1143 Levi-

298 1157 357 1191 tici
381 1155 500 1191 librum
526 1155 638 1190 scribit
658 1152 913 1189 Theodotetus:
941 1158 1035 1190 Moris
1059 1153 1097 1193 est
1110 1155 1195 1196 apud

299 1210 420 1242 Graecos
442 1212 544 1248 capita
572 1213 732 1247 puerorum
754 1215 812 1238 non
832 1205 988 1237 attondere
1014 1227 1026 1244 ‚
1049 1201 1106 1246 sed
1119 1202 1194 1245 fine-

298 1269 332 1291 re
364 1258 481 1298 capillos
497 1260 637 1298 promitti
663 1278 675 1295 ,
714 1255 749 1289 (θ’
792 1253 844 1287 bos
866 1253 966 1296 postea
999 1253 1193 1287 Daemonibus

297 1308 438 1359 dedicare
454 1331 462 1340 .
499 1306 543 1339 Et
564 1304 755 1339 Diodorum
785 1302 1022 1338 Alexandrinae
1046 1303 1193 1338 Ecclefiae

296 1357 532 1399 Presbyterum
553 1378 565 1394 ,
600 1353 691 1398 quod
721 1363 897 1396 puerorum
935 1352 1036 1387 cirros
1057 1352 1194 1394 liberius

296 1405 494 1442 detenderet
507 1427 518 1445 ,
543 1402 637 1437 fuifl'e
657 1402 676 1436 a
689 1402 881 1437 Gentilibus
899 1401 1115 1438 crudeliffime
1129 1414 1192 1437 tru-

297 1457 446 1491 cidatum
484 1452 618 1488 testatur
643 1452 843 1487 Ammianus
865 1452 1085 1488 Marcellinus
1112 1478 1120 1486 .
1148 1453 1192 1487 Et

295 1505 371 1541 raro
386 1506 471 1546 sese,
496 1513 612 1539 contra
636 1501 785 1536 fidelium
811 1501 1102 1537 Antiochenorum
1123 1513 1192 1536 mo÷

301 1567 373 1592 rem
396 1579 408 1595 ,
457 1551 587 1588 tonderi
618 1551 757 1587 affirmat
777 1551 877 1587 etiarn
910 1552 946 1586 in
966 1552 1192 1596 Misopogone

295 1606 448 1650 Julianus
462 1603 655 1649 Augustus,
683 1602 729 1636 Et
742 1601 856 1636 Persas
870 1626 881 1643 ,
907 1600 984 1641 cum
1007 1603 1192 1645 exploratu,-

298 1655 329 1690 ri
359 1666 456 1700 atque
481 1651 647 1697 incogniti
672 1653 830 1686 intrarent
843 1651 991 1686 Romani
1015 1651 1193 1695 Imperiifi-

300 1717 364 1740 nes
383 1729 394 1745 ‚
430 1711 528 1746 caput
553 1699 734 1736 totondisse
754 1700 865 1735 scribit
888 1700 1022 1736 Sanetus
1052 1701 1194 1744 Joannes

302 1753 591 1798 chrysostomus,
616 1761 653 1786 ut
688 1750 804 1794 nempe
815 1750 963 1786 Romani
985 1747 1191 1785 viderentur.

301 1805 350 1840 Et
362 1806 395 1837 in
409 1802 493 1838 libro
521 1802 563 1837 de
575 1800 719 1836 velandis
730 1800 930 1846 Virginibus
943 1800 1172 1836 Tertullianus
1185 1812 1193 1832 :

303 1857 448 1895 Saeculum
462 1878 473 1894 ‚
498 1853 635 1887 aemulum
647 1855 705 1885 Det
717 1876 729 1893 ,
754 1857 800 1885 ita
813 1855 931 1896 Virgini
950 1850 1045 1895 cesum
1056 1852 1194 1894 capillum

301 1907 404 1940 decori
416 1911 560 1939 mentitur
573 1928 584 1945 ,
609 1902 861 1947 quemadmodum
871 1904 907 1937 &
917 1910 1008 1944 puero
1013 1901 1192 1944 permiffum.

304 1955 395 1993 Vere
409 1956 475 1991 Dei
490 1950 643 1989 aeinul‘um
657 1967 667 1987 :
694 1953 783 1987 Nam
796 1952 886 1996 juxta
910 1951 976 1993 Dei
993 1950 1197 1994 Apostolum

307 2007 482 2053 permissus
498 2004 634 2047 capillus
644 2001 845 2047 Virginem,
870 2012 1005 2046 puerum
1028 2001 1119 2036 decet
1138 2012 1198 2036 caee

310 2059 365 2092 sus
379 2081 386 2089 .
414 2057 458 2090 Et
482 2055 560 2088 hinc
583 2056 759 2088 Saracenos
782 2050 843 2087 hac
855 2051 1026 2096 periphrasi
1048 2050 1197 2094 expressit

304 2105 474 2151 Propheta
514 2105 666 2148 Ieremias
686 2117 698 2135 .·
739 2101 854 2142 Attonfi
878 2099 956 2143 sunt
987 2106 1022 2132 tn
1052 2110 1164 2132 comam
1188 2099 1227 2133 ..²

306 2156 411 2204 Qiod
441 2164 557 2189 contra
591 2151 742 2185 omnium
765 2149 989 2184 Orientalium
1010 2159 1141 2190 morem.
1157 2157 1200 2182 at-

306 2206 483 2243 tenderent
510 2201 668 2237 caesariem
684 2223 691 2231 .
720 2198 814 2234 Hinc
838 2199 925 2234 item,
943 2199 979 2233 in
1003 2198 1130 2240 ludius,
1155 2198 1202 2232 di-

307 2256 432 2293 minuti
468 2251 584 2297 capitis
611 2276 622 2291 ,
668 2250 896 2285 damnationis
931 2273 943 2289 ‚
979 2258 1036 2283 aut
1071 2249 1202 2283 alterius

307 2305 503 2353 ignominiae
516 2302 731 2336 characterem
744 2299 867 2333 comati
880 2298 1029 2332 Gentiles
1050 2299 1081 2332 se
1096 2299 1181 2342 ipsos
1190 2323 1200 2338 ,

312 2360 389 2393 suos
403 2357 533 2393 servos,
562 2351 717 2394 capitales
741 2361 837 2389 reos,
862 2350 1005 2393 aliasque
1028 2348 1108 2391 viles
1132 2356 1202 2392 per-

313 2409 410 2445 sonas
436 2413 492 2439 aut
508 2400 723 2437 decalvabant
751 2410 808 2434 aut
833 2398 1060 2434 detondebant
1087 2424 1096 2432 .
1131 2399 1202 2433 No-

315 2459 401 2494 ssros
412 2455 451 2490 ad
461 2453 594 2489 metalla
605 2451 779 2485 damnatos
793 2450 1003 2485 Confeffores
1019 2461 1057 2484 ac
1071 2449 1198 2492 Marty-

313 2520 366 2544 res
379 2508 564 2551 frequenter
577 2502 624 2537 ita
635 2503 812 2535 trastarunt
827 2526 834 2532 .
862 2500 976 2534 Plures
996 2499 1086 2534 enim
1109 2497 1204 2533 habe-

317 2569 391 2595 mus
402 2554 555 2600 epistolas
568 2578 579 2594 ‚
606 2550 722 2596 quibus
735 2551 870 2585 Sanctus
882 2549 1092 2594 Cyprianus,
1101 2549 1133 2584 ἂ
1145 2549 1205 2585 Pa-

318 2618 383 2644 tres
395 2607 452 2641 alii
464 2606 547 2649 ipsos
567 2603 608 2636 ad
622 2602 781 2646 patienter
793 2600 1007 2634 sufferendam
1029 2599 1203 2634 semi-tonfi

322 2658 439 2702 capitis
453 2654 676 2701 ignominiam
690 2651 817 2685 strenue
829 2649 1020 2692 hortantur.
1049 2651 1133 2686 Eam
1147 2649 1208 2693 pri<

324 2719 399 2744 mus
423 2707 515 2743 fuisse
537 2705 641 2749 passus
664 2702 786 2736 dicitur
798 2701 931 2741 Sans‘tus
943 2698 1056 2741 Petrus
1068 2699 1208 2744 Aposto-

326 2761 377 2793 lus
391 2782 401 2798 ‚
427 2766 523 2800 atque
534 2756 577 2789 ita
591 2754 692 2797 ipsam
706 2754 769 2786 effe
778 2761 879 2786 unam
892 2761 934 2785 ex
946 2751 1044 2784 causis
1062 2750 1096 2784 ὃς
1109 2749 1208 2796 origi-

328 2808 426 2843 nibus
437 2805 608 2839 Clericalis
626 2803 764 2836 tonsuras
776 2825 783 2833 .

390 2854 540 2890 Permiffi
566 2852 676 2895 capilli
711 2862 839 2885 morem
865 2849 1117 2886 constantissime
1138 2850 1211 2886 reti-

331 2914 477 2943 nuerunt
497 2904 597 2938 etiam
619 2900 799 2934 Christiani
822 2901 1019 2935 Francorum
1039 2900 1211 2941 ProcereS,

334 2969 373 2992 ac
409 2953 581 3000 praesertim
605 2952 712 2995 Reges
734 2978 741 2985 .
780 2950 914 2985 Etenim
944 2951 984 2985 de
1016 2951 1213 2985 Clodomiro

334 3007 430 3051 Rege
467 3015 522 3049 per
554 3001 810 3046 Burgundiones
840 3000 950 3035 occiso
986 2999 1096 3034 scribit
1126 3000 1216 3046 Aga·

336 3056 424 3091 thias
446 3053 667 3096 sinyrnensis.-
695 3054 743 3084 Εο
762 3053 884 3085 cadente
899 3074 911 3091 ,
938 3062 1007 3084 mox
1032 3052 1215 3094 Burgundio-

339 3117 392 3140 nes
406 3130 417 3145 ‚
443 3100 654 3144 animadversa
663 3113 743 3135 coma
748 3100 925 3143 profusiore,
951 3112 1018 3143 quae
1032 3102 1079 3134 t'llt'
1102 3102 1146 3133 ad
1156 3110 1216 3135 tet·

337 3167 408 3201 gum
417 3152 650 3196 protendebatur
665 3176 676 3191 ,
698 3150 849 3195 senserunt
863 3150 981 3190 hostium
1002 3154 1116 3187 Ducem,
1131 3149 1165 3194 se
1177 3162 1219 3184 oc-

1246 397 1319 441 solis
1346 407 1380 431 ut
1395 398 1525 442 Regibus
1536 405 1752 442 permittatur.
1776 404 1865 436 Nam
1878 401 1995 446 subditi
2016 412 2133 443 circum·

1252 444 1326 489 tonsi
1328 445 1400 491 sunt
1412 458 1512 483 omnes
1520 474 1533 491 ,
1559 462 1610 485 nec
1619 453 1764 493 prolixior
1784 451 1834 486 bts
1847 464 1930 488 coma
1948 457 2111 491 conceditur
2123 482 2132 490 .

1254 496 1360 544 Qod
1380 499 1486 542 ipsum
1507 501 1605 535 tradit
1617 503 1754 536 Sanetus
1764 503 1947 549 Gregorius
1955 504 2133 541 Turonen·
2155 515 2185 545 L.
2199 521 2289 549 tac-9-

1251 549 1289 581 fis
1305 547 1503 593 Episcopus,
1527 551 1664 586 afferens
1676 551 1812 588 Francis
1833 554 1896 589 este
1908 556 2017 601 Reges
2036 555 2136 591 crini-

1251 606 1302 631 tos
1314 623 1320 630 .
1349 597 1394 632 Et
1406 598 1485 634 hinc
1498 600 1583 646 apud
1596 602 1701 647 ipsum
1711 601 1755 637 de
1764 604 1939 640 Clodoveo
1949 606 2132 642 childerici

1253 648 1356 693 Regis
1369 649 1441 684 filio
1452 673 1466 692 ,
1491 650 1527 684 in
1549 651 1742 688 Matronam
1755 653 1879 689 flumen
1889 656 2057 699 demerso,
2083 656 2133 692 di·

1252 698 1299 732 cit
1310 698 1414 734 homo
1426 698 1572 745 plebejus
1582 724 1594 742 ,
1604 703 1762 738 fortuitus
1774 703 1863 738 illius
1872 706 2029 748 piscator:
2054 708 2132 741 cum
2154 710 2290 741 L·8.c.10.

1253 754 1418 792 ignorarem
1438 749 1576 794 quisnam
1587 753 1653 797 effet
1666 778 1677 795 ,
1702 756 1722 787 ἃ
1748 755 1872 797 prolixa
1880 754 2001 800 caefizrte
2010 762 2132 802 cognovi

1251 799 1302 842 ff·
1326 801 1508 841 Clodoveum
1520 828 1528 836 .
1555 802 1660 850 Qod
1683 804 1800 848 nempe
1827 806 1888 839 soli
1915 805 2014 851 Regii
2040 806 2132 852 pueri

1252 849 1416 896 gestarent
1426 852 1584 888 caesariem
1594 879 1602 886 .
1617 853 1728 889 Etiam
1737 855 1778 890 de
1789 855 2011 892 Gundebaldo
2022 856 2133 892 adole·
2146 886 2148 889 .

1252 897 1362 940 scente
1371 923 1383 941 ,
1407 912 1445 936 ac
1455 902 1523 947 ejus
1534 914 1625 948 patre
1643 904 1737 949 Rege
1748 905 1900 945 Clotario
1911 932 1922 948 ,
1948 907 2053 951 ipsum
2064 907 2135 951 sup·

1253 951 1435 994 pofititium
1446 953 1566 988 afferen
1572 965 1604 991 te
1617 978 1628 995 ,
1643 994 1645 996 ¹
1655 953 1764 989 scribit
1773 954 1924 991 laudatus
1934 956 2133 1002 Gregorius:

1251 998 1320 1044 Viso
1342 1001 1540 1045 Gundebala'o
1561 1028 1572 1045 ,
1608 1003 1762 1043 clotarius
1779 1007 1863 1047 juffit
1885 1008 2002 1041 tandm
2021 1018 2135 1042 comam

1250 1056 1358 1093 capitis
1381 1054 1468 1094 ejus,
1494 1055 1617 1094 dicens,
1643 1061 1731 1091 Hunc
1739 1067 1789 1100 ego
1800 1067 1857 1089 non
1867 1062 2018 1100 generavi
2030 1083 2039 1091 .
2068 1057 2136 1092 Cae·

1253 1101 1367 1142 sariem
1391 1102 1485 1135 fuisse
1496 1103 1642 1148 Regium
1662 1116 1892 1141 ornamentum
1902 1108 2042 1148 affirmat
2054 1107 2136 1142 item

1253 1151 1287 1188 in
1309 1149 1431 1195 Magni
1452 1149 1565 1185 Caroli
1591 1153 1658 1188 vita
1685 1155 1886 1201 Eginardus.
1915 1157 1991 1192 Rex
2017 1156 2136 1191 clarior

1252 1199 1299 1235 est
1310 1223 1322 1241 ,
1347 1200 1445 1242 quam
1468 1210 1504 1234 ut
1525 1200 1762 1239 demonstretur
1775 1229 1786 1238 .
1812 1207 1891 1249 Ejus
1902 1209 2066 1242 auctorem
2079 1206 2138 1241 alii

1254 1248 1525 1287 Pharamondum
1547 1252 1652 1296 ipsum
1666 1275 1679 1293 ‚
1704 1254 1760 1286 alii
1785 1255 1961 1290 asseverant
1971 1256 2064 1292 fuisse
2073 1256 2138 1291 Re·

1253 1311 1331 1345 gem
1345 1299 1548 1338 Clodionem
1558 1327 1565 1334 .

1305 1348 1407 1398 Quod
1419 1360 1528 1388 tamen
1543 1352 1603 1391 soli
1615 1352 1723 1398 Reges
1734 1352 1896 1400 gestarent
1905 1364 2139 1391 ornamentum

1254 1400 1367 1441 istud,
1391 1399 1556 1447 Agathias
1584 1404 1736 1442 omnino.
1756 1414 1840 1443 errat
1867 1430 1877 1439 .
1903 1406 2040 1441 Etenim
2066 1416 2139 1443 non

1256 1451 1318 1486 soli
1342 1449 1567 1493 Theodorico¹
1586 1453 1697 1499 Regi,
1723 1455 1778 1489 sed
1804 1456 1903 1491 etiam
1929 1456 1997 1500 ejus
2020 1454 2139 1490 domus

1266 1499 1390 1543 Majoti
1402 1500 1553 1546 Eborino
1563 1504 1657 1539 fuisse
1665 1505 1839 1540 detonsam
1849 1507 2006 1541 caesarietn
2017 1530 2029 1548 ,
2040 1515 2141 1550 atque

1251 1550 1295 1587 ita
1321 1561 1497 1596 utrumque
1524 1554 1723 1598 recipienda:
1749 1554 1993 1602 suaedignitatis
2017 1557 2140 1592 fastum

1251 1597 1459 1641 inhabilem,
1484 1603 1594 1642 Sancti
1620 1604 1824 1648 Leodegarii
1851 1605 2134 1651 Augustodunen·

1253 1650 1298 1685 fis.
1318 1649 1474 1695 Episcopi
1496 1650 1560 1686 vita
1573 1674 1590 1691 „
1608 1652 1729 1696 aliique
1738 1653 1942 1689 Francorum
1957 1654 2136 1699 Scriptores

1253 1699 1387 1741 antiqui
1399 1700 1556 1737 testantur
1567 1725 1575 1734 .
1601 1701 1648 1736 Et
1656 1702 1698 1736 de
1709 1702 1920 1748 Dronulpho
1931 1729 1942 1746 ‚
1954 1704 2139 1749 Regiorum

1253 1748 1401 1783 filiorum
1424 1749 1600 1791 Praefesto,
1629 1751 1740 1786 scribit
1761 1752 1912 1789 laudatus
1938 1754 2139 1797 Gregorius:

1252 1797 1466 1836 childebertus
1490 1802 1557 1835 Rex
1584 1801 1799 1844 Droc‘lulobum
1811 1827 1822 1843 ,
1843 1802 1940 1844 incisis
1966 1803 2083 1846 capillis
2103 1803 2140 1838 θ
2159 1824 2222 1861 L·9·
2237 1826 2312 1860 038-

1254 1848 1379 1882 auribus
1396 1873 1409 1890 ,
1434 1851 1480 1883 ad
1487 1855 1610 1884 vlneam
1631 1853 1823 1886 excolendam
1834 1854 2001 1897 delegavit.
2028 1853 2140 1888 Etiam

1254 1897 1489 1935 Thaffilonem
1515 1900 1659 1937 Bavariae
1679 1902 1810 1937 Ducem
1829 1903 1848 1937 a
1869 1904 1994 1938 Carolo
2009 1903 2140 1948 Magno

1254 1948 1347 1982 fuisse
1369 1951 1696 1990 caesarieimulstatum
1711 1963 1833 1986 norunt
1843 1954 2142 1988 omneseFrancica-

1253 2009 1330 2037 rum.
1348 2010 1454 2036 rerum
1478 1999 1593 2044 periti.
1622 2000 1725 2046 Quod
1737 2001 1864 2044 capillis
1882 2003 1986 2036 vitam
1997 2002 2141 2037 redeme-
2159 2015 2191 2043 Λ,
2207 2014 2276 2048 733,

1255 2048 1296 2083 rit
1304 2048 1460 2088 ,testatur
1472 2047 1710 2092 inAnnalibus
1722 2050 1926 2095 Eginardus.
1940 2052 1984 2086 Et
1998 2052 2017 2086 a
2028 2051 2141 2091 Ludo-

1255 2098 1320 2131 vici
1333 2097 1394 2143 pii
1401 2099 1480 2138 filiis
1490 2110 1557 2132 non
1581 2099 1688 2134 solum
1701 2100 1829 2136 Patrem
1841 2103 1875 2136 &
1889 2103 2141 2145 NovercamJu-

1256 2144 1382 2183 ditham
1400 2169 1413 2187 ‚
1436 2146 1497 2180 sed
1517 2147 1619 2182 etiam
1640 2147 1737 2191 hujus
1760 2150 1871 2184 fratres
1881 2152 2137 2187 Conrardum&

1258 2195 1479 2241 Rudolphum
1502 2196 1597 2232 fuiffe
1613 2197 1767 2239 detonsos
1778 2223 1790 2239 ,
1816 2198 2010 2244 habesapud
2024 2199 2140 2235 Anna-

1262 2247 1371 2282 listam
1383 2246 1620 2293 Astrologum,
1646 2261 1684 2283 ac
1695 2248 1888 2285 Marianum
1903 2252 2057 2286 Scotum..
2085 2250 2141 2285 De
2159 2244 2194 2276 Α·
2210 2247 2275 2280 ⁸3¹·

1259 2296 1409 2331 restituto
1421 2297 1615 2336 Ludovico,
1640 2299 1673 2333 &
1687 2299 1722 2332 in
1746 2299 1851 2342 ipsum
1862 2300 2140 2344 conspiratoribus

1261 2347 1317 2381 ille
1328 2345 1437 2381 addit:
1464 2351 1629 2389 Imperator
1652 2351 1756 2381 Laieos
1772 2356 1918 2393 praeceptt
1928 2352 1997 2384 locis
2007 2357 2141 2394 opportu-

1262 2403 1311 2431 nis
1331 2398 1503 2439 attonderi,
1528 2399 1655 2432 clericos
1680 2401 1750 2432 vero
1772 2405 1806 2433 tn
1826 2401 2066 2436 convenientibus
2078 2403 2143 2434 Mo·

1264 2446 1401 2489 nasterlte
1410 2447 1562 2488 custoditi.
1573 2448 1630 2483 Isti
1643 2448 1736 2488 Laici
1746 2459 1838 2485 erant
1850 2451 1930 2486 varii
1940 2450 2143 2486 Francorum

1265 2498 1437 2532 Proceres..
1467 2497 1511 2531 Et
1523 2497 1755 2535 Childebertus
1764 2509 1861 2544 atque
1871 2501 2036 2536 Clotarius
2046 2501 2142 2535 Fran·

1265 2559 1380 2583 corum
1391 2548 1501 2593 Reges
1518 2571 1529 2587 ,
1553 2547 1638 2582 duos
1649 2559 1786 2592 nepotes
1796 2551 1871 2585 suos
1881 2551 2002 2595 Regno
2012 2552 2142 2594 ineptos

1265 2597 1446 2637 reddituri,
1472 2597 1513 2631 de
1538 2596 1640 2631 modo
1664 2599 1946 2643 consultantapud
1973 2598 2142 2637 laudatum

1267 2647 1467 2692 Gregorium
1494 2669 1505 2686 ,
1541 2646 1750 2692 ipsorumque
1775 2648 1854 2683 aviae
1878 2673 1891 2689 ,
1926 2650 1988 2683 suae
2011 2648 2105 2684 matri
2130 2673 2143 2690 ,

1268 2699 1405 2743 Reginae
1426 2695 1593 2731 Crothildi
1614 2696 1695 2732 dant
1714 2695 1802 2735 hanc
1821 2700 2010 2743 optionem:
2037 2699 2143 2733 Utrum

1269 2746 1363 2791 incisa
1375 2745 1494 2791 caesarie
1502 2755 1537 2780 ut
1549 2747 1662 2790 reliqua
1666 2748 1753 2789 plebs
1764 2747 1944 2790 habeantur,
1955 2761 1997 2782 an
2008 2751 2086 2784 certe*
2095 2748 2143 2782 his

1271 2797 1438 2841 intersedit.
1459 2802 1593 2842 Regnum
1605 2801 1749 2831 Germani
1770 2799 1857 2840 nostri
1866 2805 1946 2833 inter
1959 2796 2144 2843 nosmetipsos

1260 2846 1444 2892 *aequalitate
1463 2847 1568 2881 habita
1589 2848 1766 2881 dividatur.
1799 2849 1908 2885 Verba
1919 2851 1978 2884 ista
1990 2875 2000 2890 ,
2028 2854 2067 2883 Ut
2077 2850 2146 2883 relt-
2164 2856 2193 2885 L.
2199 2863 2224 2893 3.
2242 2857 2297 2886 08.

1273 2910 1332 2942 qua
1348 2898 1433 2941 plebs
1445 2923 1456 2940 ,
1481 2896 1680 2941 demonstra-t
1700 2899 1865 2940 caesariem
1885 2899 1945 2938 soli
1958 2896 2146 2944 plebisuiffc

1272 2949 1495 2983 interdictam..

1324 2999 1420 3034 Istius
1431 2996 1594 3043 Barbariei
1609 2996 1797 3033 administer
1806 3000 1869 3034 fuit
1880 3000 1990 3034 nescio
2001 2999 2075 3045 quis
2086 2996 2148 3033 Ar-

1274 3050 1411 3090 cadius,
1435 3048 1531 3083 altera
1549 3050 1759 3093 evaginatum
1781 3049 1947 3094 gladium,
1972 3050 2071 3085 altera
2083 3060 2148 3083 ma·

1276 3111 1321 3134 nu
1353 3109 1483 3145 portans
1518 3098 1676 3142 forcipem
1706 3123 1717 3140 ‚
1753 3101 1986 3143 responditque
2022 3101 2147 3144 praefata

1276 3148 1475 3187 Crothildis:
1501 3149 1600 3182 Satius
1622 3148 1696 3183 mibi
1709 3150 1748 3190 est
1758 3173 1769 3189 ‚
1789 3148 1866 3191 fiad
1881 3154 2014 3192 Regnum
2026 3162 2084 3184 non
2095 3153 2150 3182 erl·

2157 978 2215 1007 L.6.
2227 985 2308 1015 024·

343 3206 438 3248 cidisse
450 3230 457 3237 .
484 3207 589 3245 Neque
601 3201 745 3241 enimfas
756 3209 821 3234 erat
834 3205 1012 3234 Francorum
1034 3205 1220 3243 Imperatori·
1271 3209 1404 3243 guntur,
1429 3205 1554 3233 mortuos
1574 3211 1619 3231 eos
1630 3201 1735 3240 videre
1767 3212 1856 3243 quam
1875 3197 1971 3240 tonsos
1985 3226 1993 3233 .
2019 3199 2152 3234 Tonsu-

344 3256 397 3289 hus
420 3265 532 3287 comam
554 3253 675 3295 ¹tondere
693 3275 703 3290 ‚
724 3249 782 3294 sed
802 3253 823 3283 ἂ
840 3259 930 3292 puero
951 3250 1058 3293 intonsi
1074 3259 1196 3284 manent
1209 3274 1220 3290 ,

1277 3261 1309 3283 ra
1333 3249 1450 3293 quippe
1474 3248 1627 3283 reddebat
1653 3250 1761 3294 Regni
1788 3251 1972 3292 incapacem
2000 3275 2007 3282 .
2044 3248 2153 3284 Etiam

346 3316 436 3347 atque
457 3305 532 3336 adeo
552 3312 584 3335 ut
604 3302 625 3333 ἃ
637 3308 716 3344 tergo
734 3299 780 3332 his
794 3300 925 3340 defluant
948 3307 1059 3334 crines.
1089 3306 1176 3335 Nam
1200 3302 1220 3332 ἆ
1278 3298 1317 3332 de
1330 3297 1511 3334 Godefrido
1524 3298 1746 3344 Lotharingiae
1757 3301 1850 3333 Duce
1862 3323 1873 3339 ‚
1900 3299 1933 3332 in
1947 3298 2154 3335 conrardum

339 3355 445 3399 fronte
457 3352 649 3395 discriminati
657 3359 811 3393 utcumque
814 3351 963 3391 feruntur,
992 3356 1058 3385 Nec
1064 3350 1141 3395 sane*
1150 3353 1222 3382 Tur-

346 3416 447 3441 carum
458 3415 534 3438 more
548 3401 804 3444 Barbarorumquc
813 3406 926 3444 impexi
939 3403 972 3435 (τ
973 3399 1116 3444 squallidi
1127 3425 1138 3442 ‚
1159 3398 1221 3443 sor-

1281 3348 1456 3383 secundum
1480 3348 1709 3391 imperatorem
1728 3349 1902 3383 rebellante
1929 3349 2037 3387 scribit
2058 3349 2156 3387 Lam-

1282 3399 1391 3435 bertus
1427 3396 1733 3445 Schafnaburgenfis
1767 3411 1779 3431 .·
1806 3399 1894 3440 -Post
1929 3400 2073 3433 modicum
2103 3397 2158 3439 fa·

2070 3446 2111 3480 ἂι,
2175 3426 2211 3454 Α.
2227 3423 2308 3456 1046.
