2366 3756
876 121 1408 168 ·D1c·rA1·us.

256 207 397 244 blandum
404 206 654 251 putaverunteffe
664 208 827 248 iudicium,
851 214 886 239 ut
901 207 939 239 de
960 205 1133 239 occidenta-

254 260 336 294 tibus
353 257 518 301 partibus,
543 257 820 299 constantinopolim
844 257 1025 291 evocandum
1045 262 1135 297 puta-

257 318 343 343 rent.
371 311 403 341 Si
421 310 495 351 quid
511 314 565 342 unt
585 308 652 342 huic
668 306 874 351 reservatum,
901 314 1011 347 quanto
1036 310 1134 348 magis

252 358 393 403 pluribus
413 357 624 402 reservandum
646 357 705 398 est?
731 361 798 389 Nos
821 363 921 390 autem
938 358 958 388 ἃ
981 355 1089 395 beatiss
1089 366 1135 387 mo

256 412 398 451 Principe
409 407 514 450 fratre
535 418 594 442 tuae
606 411 733 441 Pietatis
743 408 910 447 admoniti,
937 415 970 439 ut
995 415 1056 439 tuae
1069 406 1136 439 cle-

257 464 380 494 mentia
383 457 578 502 scriberemus
588 463 728 501 Imperio,
756 456 934 498 pollulamus
956 466 990 489 ut
1011 454 1064 489 ubi
1075 465 1137 488 una

255 514 420 543 emmunio
430 508 468 550 est
482 533 493 549 ,
518 519 666 542 commune
680 508 753 541 velit
763 508 815 550 effi:
828 507 977 548 ,iudicium
989 531 1000 547 ,
1011 516 1137 540 xconeor-

260 561 438 602 dantemque
445 557 612 602 consensum
621 584 629 591 .

310 610 453 653 Ioannes
473 608 641 652 Launojus
664 616 757 652 urget
778 607 866 641 varia
892 631 899 640 .

257 658 357 694 verba
366 658 408 692 de
420 657 592 694 Maximo:
620 658 667 690 Ad
686 657 737 690 hoc
743 663 879 699 partium
890 663 973 691 venit
988 681 1003 697 ,.
1024 665 1135 704 μεσπι

257 708 325 753 sam
347 713 379 741 in
398 709 504 748 synodo
526 718 625 752 ageret
642 707 730 751 suam
750 732 756 739 .
787 707 897 752 Urget
918 705 1005 751 quod
1028 706 1137 746 Maxi*

258 769 334 793 mus
344 770 415 793 non
424 769 534 793 coram
546 757 737 802 Apostolica
750 757 830 790 Sede
841 781 852 797 ,
880 758 933 791 sed
947 767 1057 791 coram
1080 756 1139 798 Sy-

256 808 352 843 nodo
374 808 515 844 voluerit
536 810 665 842 causam
685 818 778 852 agere
803 831 814 847 ‚
839 807 873 841 &
892 806 1041 851 adjungit
1063 817 1071 838 :
1099 809 1138 837 At

259 860 389 899 synodus
409 857 448 897 est
468 859 602 899 plurium
624 856 851 900 Episcoporum.
878 856 1077 899 Respondeo
1090 866 1139 888 ur-

258 907 370 954 genda
389 907 451 949 effe
476 908 511 940 &
533 905 600 941 haec
620 907 735 942 verba:
763 908 856 950 ‚Quod
864 906 979 948 etiamst
995 905 1138 938 indit'lum

259 958 423 991 Concilium
458 967 516 990 non
545 957 648 1000 fusffet
664 980 675 997 ,
707 960 781 998 jure
805 957 839 989 6·
873 967 951 989 more
988 956 1139 997 Majorum

258 1007 375 1050 ‘utique
394 1008 501 1042 facere
526 1006 678 1049 potuisset
697 1031 704 1038 .
746 1006 954 1040 OEcumenica
980 1029 991 1045 ,
1026 1003 1139 1047 utpote

260 1063 353 1092 totius
363 1057 441 1091 orbis
452 1055 606 1099 Episcopis
618 1054 793 1099 praescripta
804 1080 815 1096 ,
841 1054 983 1090 debebat
1005 1055 1068 1088 esse
1082 1053 1136 1088 ista

258 1107 415 1150 synodus
436 1131 448 1147 ,
482 1107 623 1150 ideoque
645 1106 685 1139 ad
708 1107 809 1149 ipsam
835 1105 1010 1138 devolvere
1049 1105 1137 1138 suam

258 1159 391 1192 causam
412 1158 592 1201 speraverat
614 1155 781 1189 Maximus
804 1167 811 1187 :
839 1154 930 1188 Narn'
954 1155 987 1188 &
1014 1152 1069 1187 hic
1091 1153 1136 1187 est

258 1218 333 1242 mos
345 1207 530 1250 Majorutn.
557 1205 683 1242 Verum
706 1216 773 1239 non
797 1215 1005 1247 comparuere
1023 1203 1158 1249 Orien·

259 1258 342 1295 tales
353 1257 528 1300 Episcopi,
556 1256 698 1298 ideoque
708 1266 784 1289 cum
808 1254 883 1290 solis
907 1252 971 1288 fere
982 1253 1071 1288 Italis
1082 1250 1157 1296 Sy·

258 1306 387 1342 nodum
406 1307 476 1351 egit
496 1305 629 1339 Sannaus
651 1306 833 1345 Damasus,
860 1305 894 1338 &
915 1305 961 1339 ita
983 1303 1023 1338 ad
1049 1304 1137 1338 illam

257 1357 363 1392 solam
383 1380 396 1398 ,
421 1354 568 1400 adeoque
595 1356 629 1390 δε
651 1353 692 1389 ad
714 1356 816 1389 solam
841 1353 1068 1397 Apostolicam
1091 1354 1141 1387 Se-

258 1407 335 1443 dem
345 1408 477 1441 coactus
486 1407 550 1440 fuit
562 1404 731 1439 Maximus
755 1408 840 1439 suam
852 1406 981 1439 causam
1004 1403 1127 1448 appella

258 1464 312 1491 re.
341 1457 386 1490 Et
405 1456 506 1490 recte.
532 1456 622 1490 Nam
646 1455 712 1488 haec
734 1455 910 1499 appellatio
944 1454 989 1488 est
1000 1452 1141 1489 omnino

934 605 1049 651 Primo
1070 604 1137 639 haec

257 1506 431 1550 Majorum
446 1505 502 1549 'jus
526 1506 561 1539 ὃς
582 1515 655 1539 mos
676 1527 687 1544 ‚
723 1507 870 1539 firmatus
906 1506 940 1540 δε
965 1505 1142 1537 innovatus

257 1568 317 1601 per
336 1556 492 1601 Canones
514 1554 738 1595 Sardicenses,
764 1556 798 1589 &
820 1553 1040 1590 Orientalium
1066 1552 1129 1594 Epi

256 1607 431 1651 scoporum
457 1605 692 1648 appellationes
701 1604 742 1638 ad
758 1604 944 1647 generalem
967 1602 1140 1644 Synodum

255 1654 446 1690 non-fuisse
475 1653 665 1689 constrictas
688 1653 856 1695 profitetur
879 1651 976 1686 etiam
1000 1651 1140 1694 Ioannes

256 1702 446 1747 Launojus:
475 1701 540 1737 Eas
560 1701 756 1746 constringit
777 1703 819 1737 ad
843 1701 944 1741 solam
966 1701 1139 1747 Synodum

255 1753 472 1790 Occidentis.
771 1782 774 1784 a

304 1804 430 1840 probat
451 1817 492 1839 ex
515 1804 604 1840 hisce
627 1806 749 1840 verbis:
777 1804 952 1847 Athanasius
981 1806 1140 1839 &Petrus

225 1858 241 1888 ἰ
258 1856 475 1889 Alexandrinae
488 1855 622 1898 Ecclefiae
633 1855 772 1899 Ep'isbopi
783 1881 793 1895 ,
818 1858 862 1889 ad
873 1854 1015 1896 ‘Ecclefiae
1031 1858 1135 1887 Roma-

255 1917 328 1946 nae,
353 1906 478 1946 Italiae,
503 1907 538 1939 o·
561 1912 647 1939 totius
661 1908 826 1940 Occidentis
852 1907 1044 1949 confugerunt
1056 1905 1140 1944 judi·

256 1961 355 1989 cium.
382 1954 497 2000 Ur'get
517 1966 573 1989 eos
596 1957 725 1990 non-ad
741 1957 839 1990 solius
853 1958 1007 1990 Romanae
1030 1953 1137 1988 Eccle-

253 2006 304 2039 fiae
321 2013 386 2040 'aut
397 2003 597 2048 Apostolicae
610 2006 724 2046 Sedis,
751 2007 806 2040 sed
828 2006 1011 2050 confugisse
1032 2005 1072 2038 ad
1094 2004 1139 2045 ju-

253 2053 380 2090 dicium
391 2055 493 2089 totius
504 2055 718 2090 Occidentis.
744 2056 945 2099 Respondeo
962 2055 1057 2089 verba
1080 2053 1139 2086 ista

254 2103 451 2149 explicanda
474 2116 529 2148 per
549 2104 614 2139 haec
624 2106 812 2147 sequentia:
836 2109 984 2136 Romanae
1004 2100 1139 2141 Ecclefiae

255 2155 427 2194 Antistius,
447 2153 701 2195 finitimorumque
726 2153 916 2186 &Italorum
928 2150 1140 2193 Epist-oporam

255 2204 368 2241 debent
381 2200 482 2245 subire
495 2203 644 2242 judicium
666 2227 674 2235 .
714 2201 868 2246 Uterque
889 2212 1064 2236 contextus
1096 2201 1129 2234 al

255 2253 345 2286 ludit
363 2252 404 2286 ad
418 2251 642 2286 sardicensem
665 2251 836 2285 Canonem
849 2277 859 2292 ,
884 2252 941 2294 qui
964 2250 1140 2295 appellatas

254 2301 497 2346 Episcoporum
516 2301 762 2344 >causasajusrta-
780 2301 1047 2344 sapientissimum
1072 2301 1138 2335 Ro-

255 2351 530 2394 mani-Episcopi
552 2351 732 2385 arbitrium,
750 2352 910 2385 retraetari
947 2352 1081 2390 sanxit,
1105 2350 1139 2383 &

257 2411 337 2444 quas
354 2399 508 2435 (laudatus
533 2402 712 2445 Episcopus
721 2402 920 2444 quandoque
940 2401 975 2434 in
989 2400 1054 2436 sola
1067 2400 1125 2434 fini

256 2452 416 2487 timorum
439 2475 451 2491 ,
483 2450 680 2495 quandoque
706 2452 740 2484 in
778 2453 931 2485 omnium
958 2452 1139 2490 Italorum,

256 2501 462 2545 quandoque*
475 2501 510 2534 in
522 2501 617 2544 'plena
643 2502 689 2534 sui
702 2499 943 2542 patriarchatus
955 2525 966 2541 ,
993 2501 1141 2544 quando-

254 2562 322 2595 que
335 2553 371 2584 in
382 2551 596 2593 aliaSynodo
616 2552 739 2585 censuit
750 2551 982 2585 retractandas.
1005 2551 1141 2584 *Disiun-

256 2601 381 2634 ffivum
392 2601 520 2634 sensum
532 2599 627 2634 habet
636 2601 792 2641 addusius
800 2612 934 2645 uterque
951 2611 1140 2640 contextus,

256 2649 576 2691 neuter-Romanurn
591 2649 789 2693 Episcopum
800 2652 839 2686 ad
856 2650 944 2684 hunc
973 2652 1024 2685 vel
1041 2652 1140 2685 istum

257 2701 453 2735 retractandi
478 2700 617 2734 modum
640 2701 804 2745 restningit
827 2726 835 2733 .
862 2702 1047 2735 Nec'uil'us
1083 2713 1141 2735 un·

259 2761 359 2794 quam
370 2749 536 2793 appellans
548 2751 727 2794 Episcopus
739 2752 932 2794 praesumpsit
958 2760 1013 2785 aut
1037 2751 1140 2784 valuit

258 2800 478 2845 restringere.
517 2799 561 2833 Et
583 2801 687 2834 totius
708 2802 900 2836 Occidentis
922 2827 932 2842 ,
959 2801 1139 2841 Italorum,

255 2860 329 2885 eut*
338 2851 491 2884 solorum
506 2848 725 2886 finitimorum
737 2852 976 2895 Episcoporum
987 2851 1140 2895 Synodus

256 2911 330 2936 non
342 2899 519 2934 suntaliud
532 2909 630 2943 quam
642 2900 890 2941 Patriarchalis‚
917 2902 1140 2940 primatialis,

255 2950 587 2993 autvMetropoiitana
606 2948 755 2989 *Romani
781 2953 933 2996 Episcopi
955 2952 1138 2990 Cathedra‚

258 3000 409 3043 adeoque
430 3010 547 3034 omnes
569 2999 610 3034 ad
631 2999 868 3045 istas-synodos
894 3003 983 3036 fast-z
1000 3001 1140 3046 appella

256 3051 367 3084 tiones
378 3048 519 3083 omnino
533 3051 616 3084 fiunt
634 3048 675 3083 ad
691 3051 806 3087 Sedem
821 3052 1072 3096 Apostolicam,
1101 3063 1138 3085 ac

255 3101 328 3145 ejus
348 3099 564 3133 Antistitem.

309 3151 459 3194 Joannes
472 3147 642 3190 Launojus
660 3161 771 3194 urget
782 3152 896 3190 &haec
926 3153 1038 3188 verba:
1066 3160 1139 3188 Non

252 3203 494 3246 praerogativam
510 3201 713 3234 vindicamus
720 3209 918 3244 examinis,
940 3203 999 3247 sed
1028 3204 1137 3250 consor

256 3258 455 3286 οιίιηοοηωαη
480 3250 584 3283 debuit
604 3250 659 3291 effej
676 3259 835 3285 communis
861 3253 997 3288 arbitrii.
1027 3255 1137 3300 Urget

256 3313 328 3337 non
348 3301 714 3343 diciefiPraerogativam.
728 3308 877 3336 examini:
899 3307 984 3347 apud
1006 3305 1137 3347 Apostoli·

255 3363 323 3386 cam
334 3352 435 3385 sedem
446 3351 608 3384 dumtaxat
619 3350 831 3386 vindicamus
854 3353 931 3388 Nec
955 3358 1036 3389 item
1053 3356 1137 3389 dici:

259 3403 348 3444 apud
372 3401 485 3436 sedem
499 3400 696 3446 apostolicam·
710 3402 875 3437 dumtaxat
899 3405 1062 3440 arbitrium
1088 3405 1139 3450 effe

336 3449 462 3489 ‚Christ
468 3453 546 3493 Lupi
555 3455 640 3493 oper
650 3451 727 3483 Tom
731 3455 763 3483 V.

1907 134 2007 186 267

1197 203 1315 239 debuit.
1342 203 1541 250 Respondeo
1552 204 1732 249 Epistolam
1746 204 1837 251 loqui
1848 216 1888 241 ex
1899 207 1991 243 sexto
2010 207 2075 244 Ni-

1197 267 1284 290 caeno
1297 255 1460 294 Canope,
1484 267 1525 290 ex
1538 266 1606 297 quo
1631 255 1666 289 &
1679 256 1719 290 ad
1738 257 1890 292 Sanctum
1911 259 2073 302 Joannem

1197 304 1471 348 Chrysostomum
1505 304 1706 350 Episcopum
1732 307 2076 352 Constantinopolita-

1198 366 1276 389 num
1287 355 1439 399 rescripsit
1450 357 1616 389 accusatus
1627 367 1682 399 per
1694 357 1806 392 fratres
1830 358 1950 403 longos
1960 356 2076 393 Theo-

1198 404 1306 448 philus
1326 404 1534 440 Alexandriae
1559 404 1744 441 patriarcha
1773 419 1780 439 :
1810 407 1943 441 Arbitror
1969 418 1999 442 te
2018 418 2075 442 non

1197 460 1350 498 ignorare,
1378 457 1455 499 quid
1457 459 1641 497 praecipiastt
1662 460 1783 490 Nicaeni
1795 459 1915 492 Concilii
1926 463 2077 499 canones,-

1192 504 1360 548 sancientes
1373 505 1552 548 Epist-opum
1561 515 1619 539 non
1636 505 1775 545 judicare
1784 506 1901 549 causam
1923 514 1998 541 citra
2020 518 2077 542 ter-

1198 560 1293 588 minos
1306 554 1375 598 ficos
1389 580 1396 588 .
1421 557 1453 588 Si
1477 562 1575 588 autem
1597 559 1714 598 ignoras
1727 579 1737 596 ,
1764 555 1857 599 disce.
1899 562 1945 592 Et
1965 559 2075 592 libellos

1198 613 1301 638 contra
1321 617 1368 638 me
1383 604 1531 648 suscipere
1552 604 1646 645 desine
1668 630 1674 637 .
1701 609 1789 639 Nam
1812 605 1866 649 etfi
1875 609 2009 648 judicari
2030 618 2076 641 me

1199 662 1270 696 opus
1287 653 1347 696 fit,
1373 655 1411 687 ab
1433 658 1586 698 AEgyptiis
1609 659 1730 697 magis,
1756 658 1846 699 quam
1870 658 1890 689 ἃ
1910 666 1939 690 te
1960 659 1996 690 id
2009 659 2077 700 fieri

1199 712 1332 746 oportet,
1360 710 1411 746 qui
1426 703 1620 749 septuaginta
1639 711 1766 747 quinque
1791 708 1904 741 dierum
1925 713 2029 741 itinere
2055 709 2076 739 ti

1200 753 1282 787 nobis
1299 753 1460 797 separatus
1482 766 1534 788 es.
1563 755 1606 788 Et
1632 765 1838 799 congregatae
1859 781 1870 797 ,
1895 758 1949 792 cui
1975 757 2077 791 didius

1201 803 1379 847 praefidebat
1401 803 1634 848 Theophilus,
1661 815 1698 839 ac
1726 804 1891 839 laudatum
1916 808 2079 849 Joannem

1199 855 1351 888 evocanti
1373 855 1413 889 ad
1462 866 1596 890 uercum
1622 852 1758 898 synodo
1770 856 1923 898 rescripsit
1947 854 2023 889 huic
2034 855 2081 888 fa·v

1201 915 1278 938 vens
1290 905 1444 946 Synodus
1488 905 1780 949 cnstantinopolita
1788 916 1827 938 na
1840 917 1847 937 :
1861 907 1934 938 Noli
1946 904 2080 945 Ecclesia

1200 959 1315 996 negotia
1321 953 1433 996 salven
1440 978 1451 994 ,
1477 957 1536 989 noli
1549 956 1726 996 confundere
1739 957 1869 989 ordinem
1882 981 1893 996 ,
1919 957 1952 989 (θ’
1965 967 2000 989 ne
2006 954 2084 998 scin-

1201 1004 1258 1035 das
1272 1004 1427 1044 Ecclesiam
1442 1030 1452 1045 ,
1475 1014 1596 1047 propter
1610 1017 1699 1049 quam
1713 1004 1848 1045 cbristus
1874 1004 2021 1048 descendit
2042 1004 2086 1036 ad

1199 1062 1317 1086 terras.
1345 1056 1438 1096 ‚Quid
1455 1053 1483 1094 fi
1504 1062 1666 1098 impatiens
1686 1056 1787 1100 Jblvis
1805 1061 1929 1090 Nicaeni
1958 1056 2083 1088 concilii

1203 1108 1341 1136 Canones
1354 1127 1364 1143 ,
1390 1104 1547 1146 causasque
1572 1112 1647 1136 citra
1673 1112 1812 1140 terminos
1826 1116 1890 1139 tuos
1917 1103 2083 1150 cognoscere

1201 1158 1251 1186 vis
1264 1178 1276 1194 ,
1301 1153 1363 1195 ipse
1375 1155 1421 1187 ad
1430 1166 1483 1187 nos
1495 1153 1592 1193 transt
1601 1161 1634 1186 tn
1646 1155 1717 1188 bene
1727 1156 1890 1193 institutam
1904 1160 1927 1188 C
1931 1162 2086 1193 ivitatem,

1202 1214 1292 1245 neque
1303 1202 1394 1242 instar·
1403 1208 1484 1236 Cain
1497 1205 1569 1238 Abel
1577 1207 1609 1235 in
1620 1214 1756 1246 campum
1762 1213 1905 1245 provoces
1920 1230 1928 1243 ,
1941 1215 1973 1238 ut
1986 1217 2037 1237 nos
2060 1213 2089 1236 te

1186 1254 1333 1336 ⁸primum
1344 1255 1521 1287 audiamus.
1551 1254 1691 1289 Exstant
1714 1254 1781 1288 haec
1804 1255 1889 1297 apud
1903 1255 2088 1288 Palladium

1186 1279 1525 1346 lHelenopolitanum
1550 1303 1749 1347 Episcopum
1779 1304 1810 1336 in
1840 1305 1985 1348 Dialogo
2012 1316 2088 1338 cum

1203 1351 1389 1387 Theodoro
1413 1350 1573 1389 Romanae
1590 1352 1738 1389 Ecclefiae
1763 1353 1918 1388 Diacono
1945 1354 2090 1395 delictis

1204 1403 1327 1437 laudati
1354 1403 1512 1446 Ioannis.
1540 1404 1668 1438 Nicaeni
1698 1404 1843 1439 Concilii
1883 1415 2028 1447 tempore
2055 1405 2091 1438 in

1205 1462 1269 1488 tres
1295 1453 1498 1487 patriarchas
1523 1466 1562 1488 ac
1590 1462 1653 1487 tres
1669 1452 1902 1496 autocephalos
1932 1455 2092 1489 Primates

1206 1514 1274 1535 erat
1285 1502 1453 1536 distributa
1466 1504 1617 1536 Ecciefiae
1628 1501 1848 1541 Hiemi-chia,
1873 1505 1907 1538 &
1919 1504 1959 1537 de
1971 1505 2043 1547 ipsis
2055 1516 2092 1538 ao

1189 1551 1361 1615 ¹peripsos
1386 1550 1544 1585 faciendis
1563 1552 1867 1586 consecrationibus
1892 1564 1991 1597 atque
2012 1552 2095 1595 judi-

1190 1627 1192 1644 ,
1206 1612 1266 1635 ciis
1277 1598 1374 1634 edicit
1387 1601 1497 1636 sextus
1511 1601 1654 1637 Canon:
1680 1603 1747 1636 suls
1759 1602 2095 1647 Privilegiaserventur

1190 1649 1356 1696 Ecclefiis.
1387 1650 1586 1696 Unicuique
1605 1653 1708 1688 sancit
1728 1649 1851 1687 servari
1878 1654 1993 1696 judicii
2016 1665 2097 1697 -prae

1189 1697 1413 1770 'rogativam,
1441 1702 1582 1746 ideoque
1609 1713 1669 1737 nec
1684 1701 1950 1737 Alexandrinum
1972 1703 2014 1737 ab
2026 1704 2097 1737 An

1209 1750 1388 1791 tiocheno,
1417 1763 1477 1786 nec
1489 1754 1667 1788 Ponticum
1681 1753 1722 1787 ab
1734 1750 1902 1794 Asiatico,
1918 1765 1977 1788 nec
1983 1751 2097 1791 *Τ1πα4

1206 1813 1277 1837 cern
1301 1801 1342 1836 ab
1364 1802 1428 1836 hoc
1456 1805 1505 1837 vel
1522 1804 1606 1843 illo,
1633 1814 1690 1837 aut
1712 1804 1783 1838 vice
1807 1806 1927 1844 versa
1946 1805 1979 1838 in
1993 1804 2096 1847 prima

1208 1852 1364 1887 instantia
1376 1852 1537 1895 judicari
1565 1829 1718 1888 Piuribus
1741 1853 1806 1887 haec
1829 1852 1990 1888 ostendi
1981 1867 2016 1887 in
2031 1854 2097 1888 lau-

1208 1902 1276 1936 dati
1289 1902 1440 1936 Canonis
1461 1904 1621 1939 Scholio.
1651 1904 1695 1937 Et
1718 1906 1856 1939 formam
1878 1902 1963 1939 hanc
1975 1906 2097 1940 Canon

1208 1964 1275 1986 non
1302 1952 1453 1986 induxit.
1481 1954 1587 1989 Lucet
1609 1966 1651 1989 ex
1665 1956 1772 1989 Sansti
1796 1955 1953 1998 Cypriani
1967 1955 2006 1989 ad
2020 1955 2099 1988 San·-

1207 2004 1293 2037 uum
1306 2002 1427 2046 Papam
1437 2003 1632 2039 Cornelium
1646 2014 1760 2040 contra
1774 2004 1964 2039 Felicissimi
1976 2004 2098 2039 Diaco-

1208 2053 1241 2085 ni
1254 2053 1431 2085 factionem
1445 2054 1584 2088 litteris:
1612 2059 1765 2089 statutum
1779 2054 1817 2095 est
1830 2056 1964 2088 omnibus
1991 2055 2099 2094 nobis,

1206 2102 1241 2134 <9⁸
1272 2112 1391 2142 aequum
1412 2100 1450 2139 est
1468 2110 1586 2142 panter
1611 2105 1786 2152 acjustum,
1812 2114 1848 2136 ut
1873 2102 2100 2148 nniuji-uiasque

1205 2149 1293 2192 causa
1317 2151 1379 2182 illic
1401 2152 1571 2192 audiatur,
1598 2152 1649 2184 ubi
1672 2156 1782 2185 crimen
1805 2156 1963 2195 admissum
1975 2155 2036 2194 est,
2063 2157 2099 2188 Θ

1202 2199 1325 2243 singulis
1342 2199 1514 2236 pastoribus
1522 2207 1621 2243 pdrtio
1627 2209 1728 2246 gregis
1747 2202 1785 2237 eff
1799 2201 1977 2244 adscripta,
2005 2215 2096 2245 quam

1205 2260 1289 2294 regat
1311 2247 1505 2292 unusquisque
1532 2253 1565 2285 er
1579 2252 1745 2295 gubernet,
1771 2259 1914 2286 rationem
1931 2253 1988 2296 sut
2012 2253 2098 2286 adius

1205 2302 1327 2333 Domino
1348 2301 1518 2334 redditurus
1543 2327 1550 2335 .
1591 2301 1694 2336 Hunc
1713 2302 1958 2345 Apostolicum
1985 2304 2096 2338 Cann-

1206 2361 1281 2384 nem
1295 2374 1306 2390 ,
1331 2350 1364 2384 &
1387 2361 1427 2384 ex
1442 2351 1513 2394 ipso
1536 2345 1645 2387 nlatarn
1659 2352 1931 2388 consuetudinem
1959 2353 2096 2389 Nicaena

1208 2399 1364 2443 Synodus
1384 2399 1562 2448 :dumtaxat
1599 2403 1839 2438 confirmavit.
1870 2403 1936 2437 Sub
1964 2404 2096 2437 Damasi

1206 2450 1407 2485 Pontificatu
1422 2451 1772 2497 costantinopolitana
1788 2453 1929 2487 Ecclesia
1952 2454 2096 2489 necdum

1204 2512 1269 2535 erat
1282 2501 1526 2543 patriarchalis,
1539 2504 1644 2538 immo
1657 2515 1717 2538 nec
1732 2503 1998 2547 Metropolitana:
2018 2505 2097 2539 Erat

1204 2551 1240 2586 in
1262 2550 1398 2594 Europae
1410 2551 1584 2588 Provincia
1611 2566 1649 2588 ac
1673 2553 1839 2588 Thracica
1862 2555 2000 2588 Dioecefi
2028 2555 2097 2588 fim-

1205 2601 1286 2656 plex
1295 2601 1353 2635 sub
1364 2601 1569 2637 Heracleens
1599 2605 1779 2647 Metropoli
1793 2604 1976 2644 Parochia,
1999 2613 2097 2648 atque

1205 2651 1247 2684 ita
1260 2650 1326 2694 ejus
1338 2651 1516 2696 Episcopus
1529 2664 1594 2688 non
1619 2654 1638 2688 ὲ
1655 2655 1813 2690 Romano
1825 2654 2013 2694 Pontifice,
2040 2654 2095 2689 sed

1204 2700 1257 2747 ab}
1285 2701 1512 2737 Heracleensis
1550 2705 1773 2748 Metropolitae
1813 2715 1911 2750 atque
1938 2704 2095 2738 Primatis

1204 2730 1404 2786 provinciali
1431 2763 1486 2786 aut
1511 2753 1706 2789 Dioecesana
1733 2780 1744 2796 ,
1782 2756 1833 2788 vel
1873 2751 1936 2788 alia
1976 2753 2095 2798 majori

1203 2801 1351 2837 Orientis
1361 2802 1500 2845 synodo
1522 2803 1682 2839 debebat·
1673 2817 1706 2838 in
1722 2805 1826 2848 prima
1846 2804 1998 2838 instantia
2012 2803 2096 2848 judi-

1202 2853 1286 2887 cari.
1315 2852 1370 2886 An
1385 2854 1521 2896 primam
1534 2853 1657 2898 ubique
1674 2854 1865 2889 instantiam
1887 2854 2030 2897 potuerit
2052 2864 2094 2887 ex

1203 2903 1305 2937 cautis
1316 2904 1470 2937 assumere
1480 2902 1637 2938 Pontifex
1650 2930 1660 2946 ,
1674 2906 1719 2939 est
1732 2906 1795 2939 alia
1807 2905 1959 2949 quaestio:
1990 2902 2094 2953 Qidr-

1200 2954 1280 2997 quid
1292 2954 1353 2994 fit,
1379 2953 1489 2996 paffim
1503 2965 1571 2988 non
1584 2955 1726 2989 solebat.
1754 2953 1889 2988 Ethinc
1914 2954 1956 2988 de
1980 2954 2094 2998 degra-

1201 3005 1278 3039 dato
1289 3015 1344 3047 per
1356 3004 1766 3047 constantinopolitanam
1788 3004 1961 3047 synodum
1979 3004 2094 3038 Maxi-

1203 3066 1258 3088 mo
1287 3054 1422 3097 Cynico
1457 3054 1541 3088 dixit
1569 3054 1720 3088 Romana
1749 3053 1892 3088 Damasi·
1916 3054 2089 3097 Synodus:

1201 3108 1273 3136 Non
1282 3110 1520 3147 pra-rogativam
1537 3106 1735 3138 ‘vindicamus
1747 3110 1917 3138 examinis.
1945 3105 1989 3137 Et
2001 3103 2092 3136 addi-

1201 3154 1269 3187 dit:
1297 3154 1356 3187 sed
1373 3152 1544 3196 consortium
1566 3163 1666 3188 tamen
1691 3155 1794 3189 debuit
1808 3155 1859 3199 esse
1873 3159 2030 3187 communis
2041 3164 2091 3185 an-

1202 3204 1302 3236 burn.
1330 3203 1463 3247 Utique
1476 3217 1532 3247 per
1543 3206 1746 3240 relationem.
1774 3203 1916 3239 Maximi
1929 3202 2089 3248 degrada-

1201 3264 1327 3287 tionem
1338 3255 1463 3298 ,quod
1476 3255 1621 3289 Romam
1647 3256 1748 3290 relata
1768 3266 1835 3288 non
1851 3254 1955 3288 fuiffet
1968 3276 1979 3292 ,
2007 3252 2090 3287 affii-

1203 3313 1267 3338 mat
1280 3303 1402 3337 irritam
1416 3306 1448 3338 &
1462 3305 1587 3339 nullam
1602 3331 1612 3346 ,
1640 3305 1897 3349 ideoqueipsum
1910 3304 1945 3337 in
1957 3312 2090 3345 accepto

1204 3365 1257 3397 per
1278 3353 1473 3390 Catholicos
1499 3354 1673 3390 Antistites
1698 3355 1895 3399 Episcopatu
1930 3351 2089 3401 usquead

1203 3404 1358 3438 maturius
1378 3416 1517 3439 examen
1545 3406 1609 3439 effe
1631 3407 1848 3439 firmandum.
1878 3402 1977 3447 Qiod
2002 3402 2090 3436 enim

1641 3455 1682 3492 ,Z
1732 3464 1754 3489 2
1955 3451 2042 3487 solus

2106 1287 2207 1325 Cap-7-
2220 1289 2246 1316 8.
