2366 3756
79 1079 168 1157 ὲιῑὺῗ,
179 1091 203 1153 i:
217 1136 240 1154 ι,
254 1120 325 1144 tant
335 1136 344 1152 ‚
370 1113 454 1154 quod
466 1112 593 1144 Praelati
606 1113 760 1145 Prioratus
774 1137 784 1151 ,
810 1111 954 1153 Ecclefias
964 1136 974 1152 ,
1009 1113 1141 1144 Admini-

83 2049 92 2056 ·
115 2037 130 2070 ἐ
153 2047 218 2075 ¹99-

478 180 1013 223 CoNciLxuM
1085 178 1845 222 Beunvenrauum.

254 261 347 298 dunt.
377 263 513 304 ,Quantae
522 265 613 306 igitur
634 266 800 303 impietatis
823 261 872 292 ille
891 258 1054 291 credendus
1075 255 1113 297 eft
1126 282 1136 298 ‚

241 341 244 345 .
256 319 307 356 qui
320 311 365 344 ad
373 311 424 345 hoc
433 311 549 345 laborat
560 335 571 351 ,
597 312 640 345 ad
650 311 701 344 boc
713 316 804 344 ettam
810 307 995 351 propositioni
1003 306 1067 351 suae
1092 314 1139 341 vi-

252 374 304 397 res
315 370 479 406 exaggerat
489 384 499 401 ‚
523 371 558 395 ut
565 369 621 404 per
632 365 809 394 tricennium
815 358 848 402 se
870 357 1050 403 recognoscat
1078 362 1140 392 Deo
1158 367 1160 404 ³.

256 414 403 452 iniuriam
414 412 556 456 intulisse,
580 422 670 454 quam
682 419 780 443 tamen
803 409 907 443 exac‘lo
929 414 1071 442 tricennio
1094 420 1160 442 re-.

79 460 141 494 Tit·
163 470 189 500 ς·
215 463 332 496 cinuat
349 463 509 496 emendare
531 487 538 493 .
567 461 680 495 Exstat
700 458 854 494 Edistum
879 459 913 493 in
934 467 1049 503 quarto
1072 459 1141 493 Go-
1159 449 1161 519 Ἰ

255 511 417 548 thicarum
439 513 551 557 legum
577 511 682 545 libro.
711 509 839 544 Eodem
864 509 933 552 jure
945 510 1059 553 nequit
1072 508 1141 543 Ab-

256 563 312 598 bas
333 562 487 597 cellarum
497 561 565 604 jura
576 559 791 605 praescribere,
817 560 958 604 ideoque
972 559 1140 594 laudatum

252 613 453 647 Chronicon
483 609 570 645 dixit
610 610 694 645 istud
725 611 916 645 Manerium
949 611 1043 644 fuisse
1071 621 1140 644 non

255 663 426 706 poffeffum
436 660 455 694 ὲ
469 661 607 695 Roberti
619 660 850 696 successoribus
865 684 875 701 ,
890 660 941 694 sed
953 659 1121 694 detentum
1135 683 1142 691 .

255 713 300 746 Et
320 712 411 746 addit
434 711 476 746 de
498 712 654 756 vigesimo
676 711 774 746 tertio
797 710 926 745 Abbate
938 710 1057 745 Petro:
1085 711 1142 742 Pe-

253 772 321 795 trus
342 763 380 795 de
396 761 482 803 fallo
504 768 614 803 accepit
631 772 736 795 aurum
755 764 790 795 et
811 770 968 805 argentum
980 785 990 801 ,
1016 771 1084 803 quae
1100 761 1143 792 sa·-

255 824 323 845 mon
341 811 531 854 praedeceffbr
552 810 641 853 ipfius
661 812 786 845 dederat
800 814 953 845 Prioratui
965 814 1002 844 de
1016 813 1141 852 Sparno-

255 874 308 895 ne.
336 861 449 900 Dicit,
469 864 515 895 De
531 860 638 902 saffo:
665 859 767 909 Qdd
790 861 909 905 nempe
920 862 1033 895 Petrus
1043 860 1142 902 deju-

254 924 289 946 τε
312 911 344 944 id
366 922 434 945 non
458 911 631 954 potuisset.
658 910 756 945 Vixit
781 910 836 946 hic
858 912 916 946 sub
938 911 1142 945 Pontificatu

255 961 439 995 Clementis
460 961 568 1002 quinti
591 985 603 1001 ,
640 959 779 1005 ideoque
815 960 986 995 adversum
1023 960 1143 995 similes

254 1021 335 1044 tunc
356 1011 533 1056 grassantes
561 1009 731 1045 Abbatutn
751 1013 895 1046 excessus
918 1011 1031 1044 statuit
1043 1010 1143 1044 Vien-

256 1062 354 1095 nense
378 1060 575 1096 Concilium
597 1074 608 1093 .-
635 1060 797 1105 Dtoecesam'
817 1063 896 1095 nullo
916 1063 1000 1095 modo
1021 1067 1143 1103 permit-

248 1161 410 1202 strattones
423 1186 434 1202 ,
459 1170 515 1194 aut
525 1160 660 1202 beneftia
679 1160 850 1204 hujusmodi
872 1163 1020 1204 applicent
1041 1160 1140 1203 mensis

254 1210 318 1254 suls
334 1235 345 1251 ‚
367 1210 551 1254 penfionesve
562 1223 656 1245 novas
670 1218 713 1246 eis
733 1218 890 1254 imponant
906 1237 916 1253 ‚
942 1222 994 1245 aut
1019 1222 1137 1246 veteres

258 1270 386 1304 augeant
399 1285 410 1301 ,
435 1259 500 1302 five
510 1260 577 1303 ipsis
589 1263 626 1295 de
637 1273 713 1296 novo
732 1262 872 1305 impositae
896 1262 949 1305 seu
974 1262 1069 1295 auc‘iae
1084 1260 1142 1305 sol-

249 1321 368 1343 -vantur
383 1335 389 1342 .
418 1311 490 1344 Nec
505 1321 627 1345 novum
642 1310 706 1346 hoc
718 1312 768 1356 jus
784 1314 848 1347 est:
881 1313 954 1346 Effe
967 1314 1140 1347 dumtaxat

255 1360 721 1402 veterisjurisinnovationem
734 1386 746 1403 ,
773 1362 868 1405 poffit
890 1362 986 1396 facile*
1005 1363 1142 1396 demon-

255 1409 345 1444 strari
368 1435 374 1442 .
402 1410 505 1444 Porro
529 1411 637 1454 penfio
658 1410 704 1445 est
728 1413 904 1455 antiquum
931 1412 965 1446 ὅ(
989 1411 1142 1456 generale

256 1459 639 1502 subjectionisdebitum.
667 1461 807 1495 Hinc&
829 1473 945 1496 ornnes
968 1461 1142 1496 parochia-

255 1510 302 1542 les
316 1509 464 1542 Ecclesiae
476 1509 643 1551 Episcopo
654 1511 713 1544 suo
725 1509 849 1542 debent
860 1510 1140 1549 Cathedraticum,

255 1559 309 1590 seu
322 1556 479 1590 honorem
497 1554 669 1591 Cathedrae
680 1583 688 1590 .
716 1557 760 1592 Et
770 1558 884 1591 omnia
897 1568 1048 1598 exempta
1062 1557 1141 1590 Μο-

254 1607 392 1640 nasseria
405 1618 503 1649 atque
516 1607 665 1640 Ecclefiae
676 1607 777 1642 etiam
801 1607 959 1640 Romano
980 1606 1139 1640 Pontifici

254 1666 311 1690 aut
324 1657 414 1691 alteri
426 1655 621 1690 Patriarchae
633 1656 760 1700 aliquid
774 1667 922 1691 annuum
934 1658 1057 1700 semper
1067 1668 1139 1700 prae-

254 1706 421 1740 stiterunt·
448 1706 607 1754 Qaedam
620 1706 720 1741 Cellae
730 1706 892 1741 debebant
906 1719 947 1741 ex
961 1708 1028 1740 alio
1040 1708 1141 1741 etiarn

254 1757 375 1798 titu103
397 1758 506 1791 vario.
554 1757 642 1791 Nam
665 1756 756 1801 quod
779 1758 887 1791 Sancti
910 1756 1026 1799 Judoci
1049 1757 1142 1791 Cella

255 1807 443 1840 ferrariensi
457 1805 610 1841 Abbatiae
620 1806 749 1842 deberet
761 1809 873 1841 omnia
884 1808 938 1841 sua
962 1807 1118 1851 superflua
1132 1832 1143 1849 ‚

254 1856 348 1900 supra
359 1856 543 1891 audivimus
553 1856 570 1889 a
583 1858 702 1892 Sansto
715 1858 811 1901 Lupo
823 1881 830 1889 ·

305 1907 484 1941 Rationem
499 1930 509 1946 ‚
534 1918 602 1950 quae
620 1907 789 1943 Cellarurn
811 1918 987 1951 proventus
1009 1915 1078 1942 non
1091 1917 1143 1951 pa·

255 1956 500 1991 riaturderivari
512 1956 601 1998 alio,
627 1957 776 1993 edicitin
804 1959 920 1993 litteris
942 1958 982 1993 ad
1006 1957 1143 1993 Guiliel·

254 2017 348 2040 mum
360 2005 555 2055 Remensem
569 2005 864 2052 Archiepiscopum
873 2007 1056 2052 Stephanus
1069 2009 1143 2052 Epi-

255 2056 370 2101 scopus
382 2056 619 2092 Tornacenfis:
650 2059 746 2099 Acceffi
756 2061 801 2092 ad
810 2058 965 2101 Ecclesiam
983 2060 1020 2093 de
1031 2059 1144 2092 Brede-

254 2113 328 2146 nai,
353 2107 521 2142 &occurrit
539 2113 642 2149 prima
656 2108 740 2149 facie
758 2110 875 2151 grande
896 2110 1072 2142 miraculum
1095 2120 1142 2141 no·

256 2157 301 2190 bis
314 2181 323 2197 ‚
351 2157 428 2194 triste
446 2156 643 2198 spec‘laculum
665 2158 766 2195 noslrIs
789 2181 799 2195 ‚
838 2158 991 2189 ridiculum
1015 2159 1143 2189 alienis.

259 2206 454 2236 Didicimusa
466 2211 595 2244 vicinis,
625 2206 749 2246 quodin
760 2204 886 2245 Ecclesia
906 2202 1014 2246 solebat
1038 2208 1145 2238 Mona·

253 2254 344 2294 stitus
355 2252 501 2295 Ordosub
510 2255 691 2287 duodenario
704 2253 843 2295 fratrum
862 2266 982 2287 numero
1007 2257 1145 2288 Conven-

257 2303 380 2335 tua'liter
390 2302 563 2344 observari,
592 2307 739 2336 Divinum
750 2305 924 2347 regulariter
946 2304 1086 2336 celebrari
1099 2304 1141 2346 of-

255 2352 373 2395 ficium:
405 2355 557 2393 Pauperes
568 2353 760 2392 alimoniam,
791 2356 948 2396 Peregrini
957 2352 1115 2396 hospitium
1133 2379 1143 2395 ‚

255 2401 392 2445 solatium
414 2401 526 2444 infirmi
547 2403 761 2444 reportabant.
789 2406 835 2435 Et
847 2415 907 2436 ecce
917 2410 950 2435 ln
960 2409 1144 2436 contrarium

259 2451 425 2495 versasunt
435 2457 549 2484 omnia.
580 2455 693 2485 Diruta
709 2451 782 2495 sunt
809 2454 956 2495 edificia,
977 2453 1065 2495 silent
1084 2454 1145 2495 ⁰ffi·

257 2509 305 2534 cia
325 2503 440 2535 Divina
458 2527 468 2542 ,
490 2502 561 2535 dum
585 2514 642 2536 non
657 2501 697 2544 sit
718 2503 761 2535 ibi
783 2505 835 2536 vel
853 2515 928 2536 unus
956 2503 1142 2545 Monachus,

256 2557 306 2592 qui
325 2551 450 2585 celebret
471 2563 524 2585 ea.
546 2552 698 2586 Redadius
719 2552 757 2592 est
780 2552 856 2586 locus
880 2559 913 2585 in
932 2552 1143 2595 solitudinem,

250 2601 359 2642 sallus
372 2600 445 2642 ficut
464 2601 668 2635 umbraculum
692 2609 725 2635 in
736 2608 847 2644 vinea,
872 2602 982 2645 &ficut
993 2610 1143 2647 tugurIum

257 2656 290 2683 in
312 2659 517 2684 cucumerario.
542 2650 720 2695 Pofftffiones
742 2655 853 2695 ampla
875 2654 910 2686 (θ’
932 2654 1033 2687 uberes
1060 2658 1142 2688 Decl-

259 2713 338 2739 mae,
361 2702 464 2742 quibus
486 2701 642 2736 alebantur
665 2703 823 2744 Mmucbt,
851 2703 1141 2747 distrac‘laesuntsub

260 2750 413 2790 hypotheca
426 2777 435 2792 ‚
457 2753 584 2786 dominio
600 2761 777 2795 premuntur
788 2755 899 2787 alienos
930 2758 1140 2789 Verumtamen

260 2801 432 2838 Presbytero
452 2804 593 2846 commiffa
613 2803 649 2843 est
671 2805 725 2838 illa
749 2803 859 2847 misera
880 2805 1069 2838 &ancillata
1080 2808 1140 2838 Ec-

259 2849 355 2891 clesia,
378 2863 442 2883 cum
466 2851 506 2884 ibi
531 2852 644 2885 deberet
671 2857 760 2887 Prior
777 2855 851 2897 esse,
889 2856 923 2888 &
947 2855 1015 2887 aliis
1037 2859 1138 2888 Mona-

257 2899 318 2933 clm
338 2902 458 2944 praecffe
478 2927 484 2933 .
523 2903 673 2946 Plangunt
693 2906 726 2938 ἀπ’
747 2906 846 2938 dolent
873 2904 1070 2946 parochiam,
1101 2907 1138 2938 a'e

258 2961 380 2991 quorum
402 2953 508 2991 donis,
532 2954 567 2986 ὀ·
587 2955 822 2997 praedecessorum
841 2955 1057 2996 oblationibus,
1080 2960 1135 2988 Ec-

258 3000 340 3040 clefia
363 3002 415 3033 illa
437 3003 542 3034 dotata
559 3001 624 3043 fuis
647 3005 680 3036 et
701 3007 826 3038 ditata.
850 3006 1004 3049 Plangunt
1025 3007 1059 3039 (ἓν
1081 3008 1137 3039 cla-

257 3059 344 3082 mant
369 3055 401 3082 in
421 3051 540 3083 auribus
562 3054 683 3085 Domini
701 3055 848 3088 sabbaoth
862 3080 871 3095 ‚
902 3057 936 3089 Θ
959 3058 1096 3089 ultionem
1115 3060 1135 3089 a

256 3103 320 3133 Deo
339 3101 372 3133 <5
382 3100 579 3134 correffloncm
591 3107 778 3144 expetunt&
790 3105 965 3149 exspel'lant
979 3131 985 3137 .
1007 3111 1080 3141 Haec
1091 3117 1125 3140 at

257 3151 413 3183 tendentes
428 3175 438 3190 ,
458 3152 493 3184 ef
516 3151 590 3184 calli
610 3154 706 3188 dolore
722 3157 820 3188 cordis
840 3155 1035 3199 intrinsecus,
1055 3155 1135 3199 confi-

256 3202 293 3233 lio
314 3201 508 3242 prudentium
531 3207 663 3235 virorum
676 3227 687 3243 ,
705 3209 757 3246 qul
767 3205 911 3249 nobiscum
923 3207 1071 3247 aderant,
1093 3209 1138 3240 ad

256 3255 463 3292 correptionem
486 3252 519 3285 (5
539 3251 738 3287 correctionem
757 3257 830 3290 Zelo
849 3258 959 3289 Domus
983 3260 1136 3291 Deicome-

257 3303 345 3334 dente
365 3314 417 3334 nos
437 3308 619 3346 accingemur
641 3327 651 3343 ,
677 3301 734 3345 sub
759 3307 912 3340 interdic‘lo
932 3308 1133 3342 concludentes

257 3351 341 3384 illam
366 3350 525 3394 desolatam
550 3354 583 3387 (5
615 3352 848 3392 lachrymabilem
874 3357 1034 3399 Ecclefiam
1053 3383 1064 3399 ‚
1101 3360 1135 3393 &

255 3400 442 3441 prohibentes
467 3414 504 3436 ne
535 3405 655 3436 Divina
679 3404 721 3436 ibi
740 3406 919 3440 celebrentur
941 3409 1034 3449 officia
1057 3433 1068 3449 ,
1101 3410 1133 3442 (θ’

257 3460 296 3483 rte
321 3450 501 3485 Parochiani
521 3454 660 3487 Decimus
681 3456 731 3487 vel
747 3455 908 3492 oblationes
928 3481 939 3499 ,
971 3468 1026 3492 aut
1060 3459 1133 3492 alios

355 3501 463 3543 Christ.
470 3505 548 3548 Lupi
559 3508 763 3548 oper.Tomii

1926 190 2016 236 ης

1206 261 1320 303 aliquos
1352 260 1541 293 Parocbiales
1558 267 1726 301 proventus
1749 262 1879 294 reddant
1899 284 1910 300 ,
1947 259 2084 304 quousque

1202 309 1352 352 consuetus
1378 309 1585 344 Monacborum
1597 321 1732 344 numerus
1745 312 1908 344 deducatur
1920 313 1965 343 ad
1971 313 2062 345 locum
2077 334 2088 351 ,

1202 361 1237 393 (σ
1250 364 1339 393 Prior
1355 361 1401 392 ibi
1412 360 1604 399 instituatur,
1626 366 1676 403 qui
1698 363 1767 395 aliis
1788 361 1908 403 praesse
1930 361 2033 395 debeat
2054 362 2088 395 (9‘

1200 410 1347 452 prodeffie.
1375 410 1430 444 An
1455 411 1547 442 istius
1560 411 1661 444 Cellae
1673 421 1848 453 proventus
1860 412 1980 450 fuerint
1992 411 2093 455 appli-

1205 461 1267 493 cati
1282 461 1396 494 mensae
1408 458 1577 493 Abbatiali
1589 481 1600 497 ‚
1625 471 1666 493 an
1681 460 1925 495 Monachorum
1940 461 2021 494 luxu
2033 470 2092 495 aut

1207 509 1329 542 incuria
1353 510 1494 552 profufi,
1521 508 1663 552 ignoro:
1691 509 1826 543 Interim
1847 520 1938 545 erant
1962 510 2091 555 dissipa-

1206 558 1247 591 ti.
1275 558 1370 593 Hinc
1393 558 1506 594 Abbas
1526 559 1714 602 processerat
1735 559 1825 601 juxta
1844 562 2011 604 antiquam
2024 586 2035 602 ,
2048 560 2091 594 ab

1208 608 1399 643 Alexandro
1422 609 1519 643 tertio
1540 609 1736 643 innovatam
1762 609 1796 642 in
1815 609 2020 644 Lateranenfi
2033 611 2091 654 Sy-

1208 659 1320 699 nodo,
1345 659 1381 692 &
1403 659 1509 702 postea
1531 658 1669 693 lucidius
1690 659 1730 692 ab
1746 659 1905 693 Honorio
1927 661 2026 694 tertio
2036 672 2090 695 εκ-

1208 709 1342 752 positam
1366 710 1398 743 in
1426 709 1541 744 litteris
1561 709 1600 744 ad
1626 708 1892 753 Burdigalensem
1905 708 2092 753 Archiepis-

1207 770 1326 802 copum
1340 783 1350 799 ,
1377 760 1418 793 de
1442 760 1664 803 depauperatis
1687 758 1792 792 Cellis
1815 759 1979 804 regulam:
2008 753 2220 829 Non-31³5}

2112 842 2169 870 tap.
2191 844 2219 867 a.

1208 809 1281 842 nulli
1309 809 1447 844 Monacbi
1472 817 1506 843 in
1543 809 1720 852 quibusdam
1760 810 1971 842 Prioritatibus
2008 809 2092 843 babi-

1207 868 1276 891 tant
1296 858 1443 903 solitarii.
1471 863 1678 898 Mandamus,
1697 859 1847 902 quatenus
1870 858 1999 901 ipsorum
2037 860 2093 894 Ab·

1207 910 1290 942 bates
1314 909 1367 952 seu
1396 914 1515 946 Priores
1553 909 1632 953 ipsos
1669 911 1711 942 ad
1749 906 1906 949 claustrum
1938 918 2093 948 revocent,

1201 958 1352 1000 facientes
1376 966 1407 993 in
1433 962 1501 1003 ipsis
1524 961 1657 1003 Ecclefiis
1695 959 1840 1003 deserviri
1873 968 1930 1001 per
1966 960 2094 993 Clericos

1202 1007 1499 1051 saculares.Verum
1514 1013 1590 1055 quia
1605 1011 1745 1046 Abbatis
1759 1010 1811 1045 vel
1822 1010 1947 1044 incuria
1962 1010 2012 1043 vel
2024 1021 2095 1044 ava-

1207 1061 1280 1093 ritia
1314 1060 1469 1103 depilarat
1504 1063 1633 1096 Cellam
1659 1085 1669 1101 ,
1707 1061 1890 1105 Stephanus
1914 1060 2095 1103 Episcopus

1209 1121 1275 1143 non
1305 1111 1490 1154 acquievit.-
1517 1112 1681 1146 Abbatem
1705 1123 1760 1156 per
1781 1113 1930 1146 censuras
1943 1111 2098 1144 Ecclefia·

1207 1159 1300 1194 sticas
1322 1161 1358 1195 &
1381 1162 1427 1195 sui
1451 1161 1676 1205 Metropolitae
1702 1162 1908 1196 assistentiam
1933 1161 2096 1204 compulit

1206 1211 1246 1244 ad
1270 1211 1480 1254 reparandam
1498 1213 1628 1247 Cellam
1640 1237 1651 1253 ,
1673 1211 1838 1245 reddenda
1854 1212 1967 1245 omnia
1984 1211 2071 1244 bona
2085 1233 2098 1249 ‚

1206 1261 1239 1295 &
1250 1260 1421 1296 duodenos
1435 1262 1468 1295 in
1488 1262 1556 1306 ipsa
1571 1259 1760 1297 Monachos
1774 1260 2000 1305 reponendos.
2022 1261 2096 1294 Fie-

1206 1323 1230 1344 ri
1254 1311 1295 1345 ab
1315 1313 1386 1355 ipso
1404 1312 1490 1354 juffit
1508 1337 1519 1352 ‚
1545 1312 1634 1357 quod
1659 1312 1700 1346 ab
1737 1312 1890 1346 Henrico
1928 1308 2099 1344 Laurisha-

1206 1361 1304 1394 mensi
1326 1361 1459 1395 Abbate
1491 1363 1613 1396 factum
1646 1363 1741 1395 refert
1769 1362 1915 1404 ejusdem
1939 1359 2100 1394 Coenobii

1206 1409 1401 1445 Chronicon
1425 1423 1432 1443 :

1200 1460 1262 1501 post
1285 1461 1397 1494 obitum
1414 1460 1467 1502 sui
1490 1463 1677 1495 Fundatoris
1703 1460 1833 1502 anselmi
1845 1485 1855 1500 ‚
1907 1459 2100 1503 Provisorum

1205 1514 1317 1540 incicria
1336 1511 1415 1549 pene
1436 1507 1621 1549 desolatam,
1658 1512 1775 1541 Divino
1799 1509 1936 1548 instint‘lu
1958 1532 1969 1546 ‚
2005 1511 2102 1542 denuo

1205 1554 1408 1598 resuscitavit,
1437 1558 1471 1590 &t
1491 1558 1658 1599 aliquantis
1681 1560 1744 1590 Deo
1762 1556 1969 1600 servantibus
1992 1558 2102 1592 ibidem

1205 1605 1349 1647 comilis,
1377 1606 1511 1648 aedificlls
1535 1609 1569 1640 (π
1583 1607 1811 1651 poffeffionibus,
1839 1609 1873 1641 ζ’]
1897 1606 2003 1650 quibus
2022 1616 2102 1649 pote⁴

1207 1664 1256 1687 rat
1279 1658 1394 1695 modis,
1416 1668 1472 1689 non
1486 1659 1643 1692 minimum
1655 1660 1836 1699 ampliavit.
1868 1658 1971 1704 Qod
1998 1659 2102 1700 ipsum

1207 1704 1376 1740 fecit&in
1402 1706 1474 1741 aliis
1498 1708 1621 1741 Celtis.
1651 1708 1819 1742 Cellarum
1842 1707 1929 1741 bona
1952 1709 2025 1741 sunt
2051 1709 2102 1742 ad-

1208 1756 1272 1789 fixa
1288 1757 1385 1797 loco,
1413 1757 1497 1790 &ad
1510 1759 1623 1801 populi
1637 1756 1795 1800 isthicjus
1807 1758 1988 1802 pertinent.
2011 1758 2104 1791 Fide-

1208 1805 1247 1838 lis
1269 1807 1407 1850 populus
1440 1819 1496 1841 aut
1518 1820 1559 1840 ex
1584 1808 1781 1842 Fundatoris
1819 1809 1969 1852 singulari
1994 1832 2003 1847 ‚
2045 1819 2102 1841 aut:

1208 1855 1344 1890 certeex
1369 1857 1488 1891 Matris
1519 1857 1669 1892 Ecclefiae
1688 1858 1832 1902 generali
1859 1858 2029 1890 voluntate
2053 1858 2102 1899 jus

1209 1903 1307 1939 habet
1319 1931 1328 1947 ,
1354 1917 1391 1940 ut
1414 1909 1446 1941 in
1463 1908 1525 1941 suae
1538 1907 1750 1943 habitationis
1762 1907 1838 1941 loco
1855 1909 1934 1941 fiant
1952 1907 2104 1941 solemni-

1209 1965 1257 1989 ter
1283 1955 1406 1990 Divina
1433 1959 1554 1993 Officia
1570 1983 1580 1998 ‚
1619 1958 1832 2001 eleemosynae
1858 1958 1893 1991 in
1925 1970 2103 2002 pauperes,

1209 2006 1337 2049 aliaque
1361 2008 1411 2050 pia
1425 2019 1524 2052 opera
1539 2009 1815 2043 Monasteriorum
1832 2034 1838 2040 .
1868 2009 1911 2042 Et
1923 2006 2102 2052 hincqudd

1209 2055 1323 2090 Abbas
1336 2057 1463 2091 Cellam
1478 2059 1708 2103 exstinguere,
1735 2061 1906 2094 transferre
1921 2084 1930 2099 ,
1958 2069 2012 2092 aut
2025 2059 2101 2092 alte-

1210 2107 1234 2138 ri
1259 2108 1352 2139 unire
1380 2119 1447 2140 non
1470 2110 1566 2151 poffit
1587 2110 1654 2143 fine
1677 2111 1790 2153 populi
1817 2110 1930 2150 venia,
1956 2110 1999 2142 est
2025 2119 2103 2142 con-

1209 2164 1280 2186 cors
1300 2155 1332 2186 &
1357 2156 1510 2188 constans
1530 2159 1689 2191 sententia
1700 2160 1903 2192 Doctorum.
1934 2159 2103 2201 Apostoli-

1209 2213 1246 2236 ca
1260 2226 1270 2242 ‚
1296 2213 1352 2236 aut
1367 2204 1479 2238 saltem
1494 2205 1696 2249 Episcopalis
1712 2208 1885 2240 aud-“toritas
1902 2231 1911 2245 ,
1938 2209 1968 2239 &
1981 2209 2101 2250 gravis-

1209 2252 1284 2284 fima
1306 2253 1398 2286 causa
1419 2254 1562 2287 omnino
1583 2255 1704 2289 debent
1726 2257 1851 2290 adesse.
1878 2256 1965 2289 Nam
1979 2258 2020 2290 ab
2032 2257 2102 2291 Ab·

1211 2301 1339 2335 batibus
1352 2301 1605 2343 Lobbienfibus,
1636 2305 1692 2348 qui
1706 2305 1815 2338 Cellas
1833 2307 1892 2339 suae
1902 2308 2019 2341 mensae
2031 2309 2102 2341 uni-

1209 2361 1324 2384 verunt
1338 2376 1349 2391 ,
1375 2352 1410 2384 ἀ
1421 2354 1547 2386 Divina
1558 2354 1592 2388 &
1606 2353 1748 2389 humana
1763 2356 1854 2389 fuisse
1867 2358 2001 2390 confusa
2026 2358 2101 2392 scri‘

1208 2401 1255 2435 bit
1270 2401 1463 2436 Chronicon
1477 2403 1659 2439 Monasseri
1677 2406 1922 2440 Gemblacenfis
1939 2429 1946 2437 .

1256 2451 1367 2494 Objici
1393 2450 1444 2486 his
1467 2454 1561 2497 poffit
1586 2455 1672 2499 apud
1687 2457 1812 2490 Lucam
1828 2456 2031 2491 Dacheriurn
2044 2469 2097 2492 ex-

1207 2501 1293 2535 stans
1320 2502 1465 2545 diploma
1488 2529 1498 2543 ,
1536 2516 1603 2548 quo
1625 2505 1819 2541 Benedictus
1843 2507 1955 2541 tertius
1980 2510 2099 2543 confir-

1207 2553 1307 2585 mavit
1334 2550 1419 2587 bona
1442 2555 1474 2587 &
1503 2554 1572 2596 jura
1587 2556 1790 2591 Corbeienfis
1802 2557 1996 2591 Monasterii
2017 2572 2023 2591 ς
2051 2559 2096 2592 Ab
2115 2573 2198 2603 som)
2228 2584 2248 2600 -,

1205 2602 1339 2634 omnibus
1353 2627 1363 2642 ‚
1389 2615 1454 2646 quae
1475 2605 1644 2648 Corbelenfi
1661 2607 1835 2646 Monasterio
1859 2608 1960 2642 oblata
1972 2609 2096 2652 velpos-

1199 2651 1272 2695 sessa
1277 2651 1392 2693 fuerint
1407 2659 1439 2686 in
1447 2662 1603 2697 pecuniis,
1630 2664 1713 2701 agris
1729 2683 1737 2697 ‚
1761 2660 1911 2699 praediis,
1941 2659 2094 2700 domibus,

1203 2703 1295 2735 Cellis
1309 2727 1320 2744 ,
1345 2705 1397 2740 vel
1418 2705 1551 2746 Ecclefits
1577 2730 1587 2745 ‚
1615 2708 1693 2740 nihil
1708 2706 1760 2746 fibi
1785 2706 1952 2749 praesumat
1975 2708 2095 2750 Episco-

1199 2760 1282 2794 pus,
1307 2763 1359 2787 aut
1371 2760 1544 2797 quicumque
1556 2756 1756 2795 Ministrorum
1769 2760 1852 2799 ejus.
1880 2757 1960 2792 Non
1986 2759 2092 2794 solum

1202 2804 1354 2846 pecunias
1376 2806 1409 2838 δε
1431 2817 1527 2849 agros
1547 2831 1557 2846 ‚
1585 2806 1637 2840 sed
1664 2808 1763 2841 etiam
1791 2807 1903 2841 Cellas
1928 2832 1938 2848 ‚
1978 2809 2092 2853 utique

1201 2865 1275 2887 cum
1303 2855 1365 2888 suis
1386 2854 1503 2894 bonis,
1529 2856 1666 2890 affirmat
1692 2857 1848 2901 pertinere
1860 2857 1899 2892 ad
1914 2858 2091 2902 principale

1202 2904 1456 2939 Monasterium.
1487 2906 1530 2940 Et
1558 2906 1600 2940 de
1618 2907 1856 2942 Gordanicenfi
1873 2931 1882 2947 ,
1910 2920 2008 2951 quam
2033 2910 2093 2944 Ec-

1199 2954 1299 2988 clefiae
1313 2956 1370 2988 suae
1382 2958 1398 2989 :i
1415 2957 1542 2990 Bosone
1556 2957 1650 3003 Rege
1665 2959 1772 2991 datam
1800 2958 1955 2992 afferebat
1978 2959 2091 2994 Arela-

1199 3004 1293 3039 tensis
1321 3004 1595 3050 Archiepiscopus
1610 3032 1619 3047 ,
1645 3008 1739 3041 Cella
1766 3008 1876 3041 statuit
1899 3009 1933 3042 in
1957 3006 2089 3043 Tholo-

1201 3056 1274 3088 sana
1296 3055 1433 3099 Synodo
1447 3057 1598 3090 Calixtus
1609 3057 1787 3092 secundus:
1816 3061 1964 3091 Fratrum
1985 3059 2089 3099 nostro-

1199 3115 1263 3137 rum
1270 3102 1422 3147 sententia
1443 3108 1613 3147 judicatum
1636 3108 1674 3148 esl
1689 3133 1699 3148 ‚
1726 3106 1978 3151 Arcbiepiscopum
2002 3109 2089 3142 debe-

1197 3166 1228 3188 re
1252 3153 1344 3197 scaper
1370 3158 1456 3190 Cella
1483 3157 1616 3197 revestiri
1641 3183 1648 3190 .
1689 3157 1793 3206 Qod
1833 3158 1949 3202 nempe
1977 3157 2084 3201 Regia

1199 3206 1334 3239 donatio
1360 3209 1473 3241 omnia
1499 3208 1600 3242 Cellae
1627 3207 1714 3242 bona
1741 3208 1773 3241 in
1804 3207 1998 3242 Arelatensis
2025 3209 2087 3241 Ec-

1198 3255 1294 3288 clesiae
1319 3258 1544 3300 proprietatem
1571 3258 1797 3293 transtulisset.
1826 3258 1868 3291 Et
1894 3258 1935 3291 de
1961 3259 2086 3301 praesen-

1200 3306 1222 3339 ti
1254 3305 1338 3339 inter
1363 3307 1520 3350 Ioannem
1549 3307 1717 3344 Abbatem
1743 3309 1778 3342 &
1806 3307 1980 3342 Albertum
2008 3308 2083 3341 Mo·

1202 3354 1339 3390 nachum
1365 3358 1422 3392 lite
1447 3359 1553 3393 edixit
1581 3360 1689 3393 nossra
1715 3359 1943 3393 Beneventana
1980 3357 2083 3398 Syno-

1199 3406 1280 3441 dus:
1302 3409 1428 3450 Judicio
1451 3415 1542 3442 totius
1566 3411 1671 3447 synodi
1691 3408 1729 3449 est
1740 3408 1913 3450 definitum,
1939 3405 2082 3446 Monaste-

1199 3463 1274 3491 rium
1296 3456 1374 3490 beati
1396 3460 1661 3495 Vincentiidcbere
1674 3455 2082 3502 perpetualiterinvestiride
2112 3488 2119 3492 ,

1647 3507 1678 3541 L
1729 3518 1753 3556 3
1960 3508 2032 3550 5⁴7¹?

1472 1416 1617 1445 Henricus
1656 1412 1775 1445 cellam
1813 1409 2078 1453 Nieuvvcnburgh
2089 1433 2101 1451 ,
2119 1407 2194 1440 Abb·
2212 1420 2257 1443 ἐπει
