2366 3756
111 993 162 1030 Ep.
175 1002 241 1030 225,

100 1754 178 1789 Abba
187 1768 201 1796 q
209 1769 234 1791 ς),

361 178 469 213 «126
541 165 951 210 ΝΙεοῑΑῐ
1020 162 1418 211 SECUNDI

291 253 413 287 Sannae
424 253 532 282 Mariae
544 247 648 290 cella,
674 246 862 289 omnibusque
883 245 948 289 fiais
970 249 1160 288 pertimntiis
1175 272 1184 282 .

291 304 389 347 ,Quod
396 299 556 341 &saelum
568 298 609 342 est
619 324 626 331 .

340 349 541 393 Respondeo
563 349 604 383 de
617 346 917 385 Ecclefiasticorum
933 346 1096 383 bonorum
1109 358 1182 392 pro-

288 400 424 443 prietate
444 400 508 435 esse
531 398 633 432 varias
655 398 831 435 sententias
857 423 863 431 .
891 399 1116 433 communior
1135 400 1181 435 as-

285 451 361 484 serit
388 451 490 492 ipsam
516 448 578 482 effe
605 459 704 491 penes
725 447 895 485 Christum
907 449 1119 489 Dominum,
1140 461 1180 483 ac

285 501 355 544 ejus
378 498 521 535 Vicariis
541 498 756 536 Ecclefiatum
772 499 986 536 Antistitibus
996 499 1060 538 effe
1072 499 1178 537 solam

285 549 603 584 administrationem
617 573 624 585 ,
665 549 709 582 Et
729 549 864 592 quidem
889 550 973 588 olim
995 549 1109 587 omnia
1129 559 1178 589 to-

284 600 350 634 tius
371 598 540 633 Parochiae
563 598 650 634 bona
671 598 919 635 administrabat
942 600 1029 635 solus
1044 600 1176 643 Episcoae

283 660 365 693 pus:
392 647 787 691 Clericis,.M0nachis,
814 650 1175 695 pauperibus‚fabricis

282 698 381 735 dabat
404 699 497 742 juxta
518 697 748 743 Apostolicam
767 700 933 746 Regulam
951 726 962 742 ,
991 711 1088 744 prout
1108 700 1174 738 cui-

277 760 344 795 que
364 760 448 792 opus
473 759 560 786 erat,
587 749 633 784 Et
657 760 737 787 tunc
747 750 789 785 de
813 751 971 791 omnibus
998 751 1066 789 illis
1076 750 1173 788 bonis

279 798 516 837 investiebatur
536 801 625 836 solus
646 801 846 845 Episcopus,
873 803 929 841 seu
955 801 1024 839 sola
1050 799 1173 835 Cathe2

278 849 383 887 dralis
405 849 571 891 Ecclesia,
596 852 630 889 δε
648 852 763 889 omnia
786 850 981 887 dicebantur
1009 851 1171 895 adipsum

275 901 334 935 seu
357 900 455 944 ipfius
476 903 570 936 usum
592 902 750 944 spestare.
777 901 822 935 Et
842 900 923 939 hinc
940 901 982 935 de
997 901 1169 945 Episcopis

277 949 363 984 reste
386 951 497 985 scribit
517 951 654 987 Sanstus
679 950 910 997 Augustinus:
937 956 1004 988 Nos
1017 951 1100 985 rebus
1111 955 1170 985 Ec-

275 999 366 1042 clest‘ae
378 1002 527 1036 dominari
537 1001 736 1040 existimamur
747 1027 759 1043 ‚
785 1013 838 1035 nos
849 1003 952 1046 opibus
957 1002 1045 1044 frui,
1072 1002 1168 1036 Hinc

274 1049 356 1086 item
379 1052 499 1087 fafium
532 1052 579 1086 est
598 1077 611 1094 ,
646 1052 738 1097 quod
772 1052 908 1094 quidam
930 1053 1166 1096 Hispaniarum

275 1100 430 1145 Episcopi
448 1102 642 1147 Pagenfium
667 1101 882 1141 Ecclesiarum
906 1103 994 1138 bona
1008 1104 1067 1138 suae
1077 1113 1168 1136 men-

271 1152 311 1185 sae
335 1163 391 1185 aut
414 1152 577 1191 cathedra:
599 1152 857 1196 appropriarint.
886 1153 1017 1189 Similes
1029 1153 1168 1196 Episco-

272 1213 391 1244 porum
418 1202 454 1238 in
476 1202 670 1241 Monachos
693 1203 818 1245 injutiae
844 1212 1025 1248 coegerunt
1045 1203 1165 1239 mutari

273 1252 440 1295 regulam:
466 1252 659 1297 Coegerunt
673 1253 953 1290 Monasteriorum
966 1254 1053 1291 bona
1065 1254 1166 1291 eximi

274 1301 317 1334 ab
330 1301 572 1345 Episcoporurn
589 1303 767 1346 potestate,
795 1304 829 1341 ὅς
849 1315 904 1347 per
925 1303 1091 1338 Abbatem
1102 1303 1165 1346 ple·-

269 1362 319 1383 no
340 1350 492 1385 &libero
518 1352 589 1393 jure
609 1352 787 1397 gubernari
808 1376 816 1384 .
857 1352 964 1386 Ροιτὸ
986 1353 1166 1396 principale

269 1400 510 1435 monasterium
530 1412 606 1434 cum
629 1400 785 1435 omnibus
808 1402 874 1440 suis,
885 1401 1043 1438 Cellisest
1059 1406 1164 1438 unum

267 1450 424 1493 Corpus:
452 1451 551 1485 Hinc
572 1451 688 1484 omnia
715 1452 854 1493 spestare
877 1452 1035 1488 dicuntur
1046 1452 1087 1486 ad
1101 1452 1164 1486 Ca-

270 1511 331 1543 put
347 1525 358 1540 ,
384 1511 440 1534 aut
463 1500 563 1534 etiam
585 1499 626 1533 ad
639 1499 824 1533 Abbatem.
854 1500 982 1533 Verum
1010 1501 1056 1534 est
1084 1501 1165 1544 liga,

271 1561 303 1584 ta
315 1549 468 1592 potestas:
497 1549 540 1583 Et
564 1548 806 1583 Monasserium
828 1549 862 1582 ὅ(
879 1549 980 1583 Cellae
990 1550 1079 1583 suam
1091 1561 1166 1593 pro·

272 1601 377 1643 priam
404 1599 591 1642 portiOnem
613 1596 736 1632 habent
759 1623 771 1638 ‚
809 1611 874 1643 qua
906 1600 989 1635 citra
1010 1599 1162 1642 injuriam

272 1661 342 1684 non
364 1650 485 1692 possint
525 1661 581 1694 per
607 1648 772 1688 Abbatcm
800 1650 940 1691 privari,
975 1650 1070 1696 Qin
1093 1648 1162 1683 imo

270 1699 313 1734 de
335 1700 487 1732 Henrico
509 1698 641 1735 Abbate
665 1697 776 1731 scribit
798 1698 1076 1735 Laurishamenfis
1087 1699 1163 1732 Mo·

272 1747 633 1783 nasteriiChronicon:
661 1750 751 1790 Erga
776 1748 971 1784 obedientias
994 1746 1162 1788 Monasteru

273 1801 308 1834 <5
325 1797 538 1841 Praepofituras
559 1799 660 1831 multa
673 1802 796 1833 Henrico
805 1797 973 1838 instatura,
1001 1800 1098 1831 multa
1103 1796 1160 1840 sol-

271 1850 394 1883 licitudo
406 1849 496 1891 fuit,
522 1858 554 1880 ut
579 1849 772 1891 &religionis
796 1849 920 1889 aliquod
942 1847 1162 1893 vestigiumser·

273 1909 402 1933 araretur
413 1924 423 1939 ,
449 1901 484 1933 &⁴
503 1910 601 1931 rerum
612 1899 845 1941 acposseffionum
866 1900 946 1932 nulla
952 1898 1040 1940 fieret
1052 1900 1159 1939 dilapi-

273 1953 378 1984 datio.
406 1950 492 1987 Unde
509 1949 592 1991 quod
610 1954 637 1982 ei
657 1949 678 1980 ἃ
699 1947 873 1991 quibusdam
894 1954 972 1983 vitio
984 1950 1077 1983 datur
1090 1973 1101 1989 ,
1126 1949 1160 1985 (J

275 2001 354 2034 banc
371 1999 466 2043 solam
486 2006 511 2033 ei
531 2008 631 2031 notam
640 2003 764 2034 inurunt
777 2022 788 2038 ,
813 1999 895 2041 quod
903 1997 1046 2042 quasdam
1058 2009 1160 2033 earum

275 2049 491 2094 dispensatoria³
511 2055 632 2085 remotis
653 2048 790 2092 personis
807 2057 863 2093 per
884 2048 915 2090 se,
936 2048 1159 2087 administrave-

270 2107 320 2135 rit
341 2125 351 2141 ,
390 2099 600 2136 noverinthoc
619 2111 685 2132 eum
708 2111 766 2141 non
785 2099 956 2131 ambitionis
977 2108 1030 2131 aut
1063 2103 1159 2139 turpis.

274 2153 349 2187 lucri
354 2150 452 2193 fecisse
459 2154 566 2192 gratia
575 2173 586 2188 ,
605 2147 664 2189 sed
669 2153 769 2189 potius
778 2146 987 2188 conservanda*
999 2147 1160 2189 Religionis

274 2206 387 2235 intuitu
400 2223 410 2238 ,
449 2193 483 2231 &⁴
521 2208 557 2230 ne
591 2199 611 2229 ἃ
628 2195 662 2239 se
681 2207 859 2238 quocumque
881 2197 966 2229 modo
987 2196 1139 2230 recolleHa
1152 2221 1162 2237 ,

274 2251 403 2290 alicujus
424 2249 631 2289 imprudentia
657 2245 914 2289 dispergerentur:
937 2249 1024 2289 ,Quia
1045 2245 1161 2288 subtra-

275 2301 331 2334 elis
352 2299 514 2342 necessaeriIs
539 2297 686 2339 religionis
698 2301 783 2339 vigor
792 2294 983 2338 subtrabitur
996 2320 1004 2328 .
1031 2297 1161 2328 Proinde·

269 2350 299 2393 fi
312 2357 378 2392 quis
400 2348 451 2384 hoc
470 2350 536 2389 ejus
560 2347 694 2387 exemplo
715 2351 823 2378 nititur
836 2370 846 2386 ‚
870 2350 975 2381 utatur
996 2347 1059 2386 qius
1073 2347 1161 2379 &in-

277 2400 408 2441 dustria.-
435 2400 521 2442 ,Qum
542 2397 584 2430 ibi
601 2395 684 2438 justa
703 2394 861 2439 ufitrpatur
885 2393 1088 2439 dispensatio,
1113 2395 1162 2429 ubi

277 2452 354 2485 bona
368 2450 408 2493 fit
427 2446 624 2494 compensatio.
646 2471 654 2479 .
693 2444 861 2496 Qasdam
882 2445 992 2480 Cellas
1015 2456 1086 2481 non
1108 2456 1163 2489 per

279 2501 409 2536 Priores
419 2510 474 2534 aut
485 2496 672 2544 Praepofitos
685 2521 696 2537 ‚
721 2496 775 2530 sed
802 2508 859 2543 per
880 2497 1088 2540 semetipsum
1111 2495 1163 2532 ad-

279 2551 475 2586 ministravit
495 2548 684 2587 Henricus,
710 2547 805 2581 fimul
831 2546 987 2583 Abbas&
1008 2546 1105 2581 variis
1128 2546 1163 2582 in

280 2602 385 2636 Cellis
395 2599 490 2635 Prior
500 2625 507 2632 .
537 2598 579 2634 Et
591 2596 701 2634 hocin
714 2597 785 2642 ipso
798 2596 933 2641 quidam
947 2596 1064 2631 meritc}
1076 2606 1167 2631 nota·

280 2662 376 2687 runt.
407 2650 462 2684 Est
482 2649 572 2685 enim
596 2649 648 2683 via
671 2646 712 2681 ad
736 2645 987 2682 confundendas
1011 2646 1168 2690 poffeffio·

282 2713 338 2737 nes
359 2712 495 2741 omnes,
525 2698 620 2735 acin
641 2697 820 2741 principale
834 2696 1073 2733 Monasterium
1086 2707 1169 2733 tran-

282 2751 483 2787 scribendas..
511 2751 586 2787 Nec
597 2748 690 2785 aliud
701 2748 741 2783 ad
754 2747 961 2793 purgandum
983 2747 1168 2782 Henricum

283 2801 446 2836 adducere
466 2799 576 2843 potuit
596 2799 651 2834 hic
675 2798 853 2842 Apologus
876 2821 889 2839 ,
927 2797 989 2833 nist
1018 2798 1106 2831 illius
1126 2797 1169 2832 ab

285 2851 377 2885 omni
389 2850 522 2885 avaritia
533 2849 694 2893 integram
709 2858 856 2885 mentem
867 2873 878 2889 ,
904 2848 1020 2891 iniquo
1031 2847 1169 2891 tempori

286 2899 497 2935 necessariam
517 2899 814 2943 dispensationem,
840 2898 874 2934 ὃς
889 2899 1010 2934 fastum
1022 2897 1055 2932 id
1079 2898 1171 2934 fuisse

289 2951 325 2986 in
338 2950 414 2984 solis
429 2948 535 2985 Cellis
546 2960 600 2992 per
612 2948 795 2985 Henricum
808 2947 989 2984 restauratis
1001 2972 1008 2979 .
1038 2947 1080 2981 Et
1093 2946 1171 2982 hinc

289 3000 487 3046 privilegio,
512 2999 603 3044 quod
627 2999 695 3042 ejus
716 2998 896 3035 Successori
916 2996 1099 3041 Sigehardo
1119 2997 1170 3032 de-

289 3051 364 3090 dit,
390 3048 580 3085 Alexander
604 3049 861 3084 tertiusinseruit
876 3047 966 3084 hunc
976 3047 1148 3083 articulum
1162 3061 1172 3081 .-

292 3097 506 3141 Praepostturas
528 3100 678 3131 Cellarum
712 3097 876 3139 vestrarum
910 3098 945 3131 &
979 3098 1171 3134 obedientias

292 3148 463 3192 monasterii
484 3147 603 3182 tamam
640 3148 794 3183 monacbis
821 3149 954 3191 Capituli
980 3148 1069 3190 vestri
1090 3173 1100 3189 ,
1121 3147 1172 3192 sa-

287 3199 443 3245 pientibus
454 3202 554 3237 viris,
575 3194 675 3242 salvis
690 3210 791 3233 earum
802 3199 889 3234 rebus
902 3222 913 3238 ,
933 3198 1092 3239 statuimus
1102 3210 1174 3234 com-

292 3250 478 3285 mittendas.
506 3246 615 3283 Cellas
637 3247 790 3291 deinceps
813 3260 883 3286 non
906 3259 961 3292 per
984 3249 1171 3290 Abbatem,

291 3300 348 3336 sed
387 3310 443 3343 per
480 3296 672 3332 Monachos
707 3298 793 3341 juffit
828 3298 1045 3334 administrari
1082 3299 1172 3342 juxta

293 3358 483 3394 perpetuam
507 3347 803 3389 consuetudinem,
827 3350 861 3384 δε
887 3361 936 3385 res
961 3351 1028 3386 suas
1050 3350 1120 3398 ipfis
1130 3351 1175 3387 es-

295 3402 326 3437 se
344 3400 464 3439 salvas,
603 3431 605 3435 Α

346 3450 454 3493 Qod
474 3450 580 3497 prima
600 3449 770 3488 Cellarum
781 3449 875 3498 origo
887 3451 947 3487 sint
960 3452 1173 3497 multiplicata

1492 163 2050 210 P0N111=1cls

1249 245 1468 281 Abbatiatum
1492 245 1607 289 praedia
1622 270 1633 286 ‚
1661 245 1694 278 in
1717 245 1791 288 ipfis
1811 258 1866 290 per
1885 246 2034 283 Abbates
2057 246 2131 282 aedi·

1248 299 1345 331 ficata
1369 295 1573 332 Parochialis
1595 296 1758 335 Ecclesia,
1784 295 1819 330 δε
1840 297 1890 331 ad
1909 298 2013 341 ipsam
2033 297 2130 332 fimul

1246 358 1324 383 cum
1341 347 1470 383 colonis
1489 347 1663 392 regendam
1684 348 1797 382 misius
1817 346 2013 385 &Qenobio
2038 348 2130 384 Pres-

1247 397 1364 441 byter,
1391 397 1438 431 est
1458 398 1558 434 etiam
1579 397 1723 435 omnino
1746 396 1884 433 falsunn
1909 398 2018 434 Nullo
2053 398 2129 435 niti-

1245 459 1298 485 tur
1318 448 1555 486 fundamento‚
1581 448 1775 495 Capitalitet
1794 446 2022 485 adversatur&
2031 459 2130 493 geue-

1245 498 1370 536 ralibus
1393 498 1542 536 Ecclefiae
1563 498 1780 538 Canonibus,
1806 498 1841 534 δε
1860 497 1996 543 Regulae
2017 500 2129 536 Satrai

1243 549 1411 587 Benedicti
1427 570 1435 580 .
1463 548 1597 588 Etenim
1619 549 1690 594 post
1703 549 1856 593 antiquas
1866 549 2127 586 Bavarorumle-

1241 610 1298 647 ges
1314 599 1419 635 exstat
1439 598 1620 638 Taffilonis
1643 599 1748 634 Ducis
1760 598 1938 633 Decretum
1951 624 1962 640 ‚
1988 599 2126 636 laudans

1240 650 1376 695 longam
1399 650 1639 695 Episcopotum
1647 650 1681 687 δε
1692 649 1865 685 Abbatum
1874 650 1916 684 de
1927 649 1993 686 hoe
2006 652 2127 694 puncto

1240 700 1430 744 synodalem
1451 701 1718 747 disceptationem
1741 724 1752 741 ,
1789 700 1824 733 ἃ.
1856 698 1947 738 hunc
1979 711 2020 734 ex
2057 700 2125 743 ipsa

1238 750 1413 785 Canonem
1435 761 1445 784 ε
1483 751 1614 787 abbates
1641 753 1733 786 nullis
1752 756 1914 792 quiverunt
1938 749 2124 792 comprobare

1236 801 1407 847 testimoniis
1418 825 1430 842 ‚
1455 811 1491 835 ut
1509 801 1665 836 Monachis
1689 799 1844 837 Parochlae
1865 801 2063 835 commendari
2073 801 2124 833 de·

1236 852 1359 893 herent,
1382 853 1439 886 vel
1454 852 1573 894 publica
1595 850 1800 896 Baptismatis
1821 849 1976 894 obsequia,
2001 849 2125 895 nififhr-

1234 903 1266 935 te*
1284 911 1341 945 pro
1358 904 1487 944 periculo
1510 908 1616 939 mortis
1634 927 1644 943 ,
1683 904 1718 938 (θ’
1741 900 1821 937 nibil
1840 912 1938 937 eorum
1963 902 2127 942 implerent

1232 953 1432 987 commorandi
1453 958 1585 997 negotio,
1609 961 1731 995 excepto
1749 952 1954 992 viciffitudinis
1976 951 2123 986 villarum

1229 1009 1423 1045 propriarum
1437 1002 1561 1047 singulis
1580 1008 1672 1036 annis
1693 999 1934 1036 obedientialibus
1958 1005 2037 1034 curis
2046 1011 2123 1033 com·

1234 1052 1325 1096 miffio
1347 1053 1387 1086 ab
1406 1053 1523 1089 Abbate
1539 1058 1665 1098 proprio
1676 1053 1776 1096 fuerit
1789 1054 1990 1087 determinata
2001 1075 2008 1082 .
2036 1051 2125 1087 Unde

1233 1104 1272 1137 ab
1293 1103 1441 1146 univerfis
1465 1102 1633 1138 abbatibus
1646 1102 1739 1149 falla
1759 1101 1917 1146 professio,
1943 1110 1977 1137 ut
1998 1101 2125 1136 minime

1233 1154 1333 1188 titulis
1351 1153 1548 1196 popularibus
1566 1152 1603 1195 se
1624 1159 1757 1197 Ingeret-e
1780 1151 1918 1186 deberent
1937 1177 1949 1193 ,
1979 1150 2038 1194 sed
2057 1149 2123 1185 baec

1232 1209 1354 1245 omnia,
1380 1209 1427 1237 cui
1446 1204 1598 1249 commiffit?
1618 1203 1720 1245 plebes
1734 1227 1744 1243 ‚
1766 1201 1822 1246 fich
1840 1201 1981 1245 potestate
2001 1199 2124 1243 Episco-

1205 1285 1208 1288 .
1228 1262 1335 1299 porum
1350 1260 1586 1296 permanerent,
1615 1251 1688 1293 ficut
1706 1253 1828 1286 Sandis
1850 1252 1968 1290 synodis
1989 1252 2042 1283 vel
2062 1253 2124 1285 De-

1231 1311 1321 1339 cretis
1337 1303 1499 1347 prlfi‘orum
1521 1306 1650 1339 Puerum
1682 1309 1829 1344 perarata
1863 1299 2031 1341 comprobat
2057 1309 2124 1334 con-

1227 1353 1367 1398 scriptio.
1393 1353 1498 1399 Qiod
1523 1353 1634 1388 multae
1659 1350 1872 1387 parochiales.
1894 1350 2047 1387 Ecclefiae
2057 1351 2126 1393 spe-

1232 1405 1319 1441 aeut
1341 1402 1382 1438 ad
1406 1401 1553 1439 Abbates
1568 1425 1580 1442 ‚
1600 1411 1677 1434 ⁴non
1700 1412 1742 1435 ex
1766 1400 1896 1436 illarum
1919 1411 1975 1443 per
1995 1399 2123 1436 hoscin-

1233 1453 1430 1493 struetione,
1455 1451 1511 1486 sed
1521 1463 1563 1485 ex
1582 1449 1699 1486 Caroli
1720 1450 1871 1487 Mattelli
1892 1449 2051 1489 violentia
2061 1449 2123 1486 du.-

1232 1503 1278 1537 cit
1300 1503 1484 1545 originem.
1512 1500 1582 1533 Hie
1604 1511 1673 1534 non
1697 1499 1805 1535 solum
1828 1498 2037 1533 Parochiales
2062 1498 2125 1533 Pa-

1231 1550 1379 1595 genfium
1399 1575 1410 1594 ,
1437 1547 1492 1585 sed
1513 1550 1615 1584 etiam
1637 1547 1831 1584 Abbatiales
1852 1548 1886 1581 ἀ
1909 1547 2122 1584 Cathedrales

1231 1601 1389 1639 Ecclefias
1415 1600 1482 1633 suis.
1502 1598 1669 1636 militibus<
1687 1597 1778 1632 dedit
1798 1598 1834 1631 in
1855 1597 2056 1641 stipendium,
2080 1609 2121 1632 ac

1231 1650 1445 1688 beneficium,
1470 1657 1568 1692 atque
1589 1648 1634 1684 itt&
1653 1649 1686 1686 &
1698 1648 2122 1693 saeculatem&regularem

1231 1701 1366 1736 Clerum
1389 1710 1536 1733 extrema
1558 1699 1710 1741 pauperie
1729 1698 1891 1745 compulit
1911 1698 1959 1732 *ad
1994 1697 2121 1741 aposta-

1230 1750 1309 1784 fiam
1329 1747 1487 1785 &vitam
1509 1747 1800 1784 licentiofiffimam
1821 1773 1829 1779 .
1869 1747 2011 1783 Istorum
2033 1747 2121 1783 mili-

1230 1809 1301 1836 tum
1320 1797 1461 1836 hzeredes,
1479 1798 1599 1840 partim
1610 1798 1738 1842 propria
1750 1796 1949 1834 conscie-ntia
1961 1820 1975 1839 2
1999 1795 2120 1841 partim

1229 1849 1343 1885 residui
1367 1848 1549 1895 Episcopi,
1574 1847 1695 1891 partim
1719 1846 1964 1880 succedentium
1985 1846 2119 1890 Regum

1231 1899 1333 1942 pietas
1368 1923 1380 1939 ‚
1417 1910 1456 1934 ac
1482 1898 1654 1943 praesertim
1681 1896 1789 1931 noster
1808 1896 1990 1940 Apostolus
2018 1897 2052 1933 &
2072 1907 2120 1930 re-

1230 1949 1388 1985 staurator
1412 1948 1606 1983 Bonifacius
1625 1947 1831 1983 deduxerunt
1867 1946 1909 1981 ad.
1945 1947 2118 1982 meliorem

1230 2009 1374 2033 mentem
1396 1999 1430 2031 ὃς
1450 1998 1635 2033 faciendam
1653 1996 1929 2032 restitutionem->2
1964 1995 2117 2043 Qidam

1230 2047 1400 2093 Episcopis
1421 2058 1478 2085 aut
1496 2047 1636 2084 saeculari
1659 2045 1759 2083 Clero
1781 2047 1960 2080 noluerunt
1974 2045 2117 2081 restitue-

1229 2110 1279 2132 re:
1309 2099 1484 2134 Dederunt
1496 2096 1699 2135 Abbatibus.
1728 2097 1773 2130 Et
1793 2095 1829 2130 hi
1843 2097 1917 2131 suos
1927 2093 2117 2131 Monachos

1229 2148 1296 2183 istis
1317 2148 1467 2182 Ecclesiis
1488 2147 1716 2188 imposuerunt
1739 2146 1911 2180 Rectores.
1935 2145 2061 2181 Verum
2074 2145 2117 2179 E-

1231 2198 1355 2240 piscopi
1378 2196 1623 2230 intercesserunt
1647 2208 1655 2227 :
1694 2195 1740 2230 Et
1763 2197 1812 2229 uti
1835 2196 1876 2229 in⁴
1902 2195 2033 2232 laudata
2060 2205 2117 2237 pet

1229 2247 1435 2281 Taffilonem
1458 2246 1588 2291 Ducem
1614 2245 1890 2291 Dingolingana,
1914 2246 1960 2280 ita
1980 2254 2118 2288 quoque

1229 2297 1263 2332 in
1287 2297 1353 2329 alia
1365 2296 1451 2328 varia
1462 2295 1741 2337 Syn0d0,causam
1751 2297 1940 2330 evicerunti
1964 2293 2115 2329 Abbates

1228 2345 1444 2380 obtinuerunt
1466 2355 1570 2379 unum
1583 2357 1592 2379 z,
1620 2343 1676 2379 Ut
1696 2344 1745 2377 sui
1765 2342 1931 2380 Monachi
1954 2344 2019 2379 suis
2044 2345 2118 2379 suo-

1229 2406 1302 2431 rum
1324 2395 1518 2438 praediorurn
1538 2393 1674 2430 familiis
1694 2394 1729 2427 in
1754 2395 1870 2436 mortis
1905 2394 2047 2431 articulo
2074 2405 2115 2428 ac

1228 2445 1386 2481 similibus
1404 2443 1557 2487 periculis.
1584 2443 1806 2479 ministrarent
1837 2443 2039 2488 Baptismum
2076 2454 2116 2478 ae

1227 2496 1291 2534 alia
1313 2494 1506 2529 neceffitatis
1529 2495 1754 2530 Sacramenta.
1782 2493 1827 2528 Et
1853 2494 1917 2530 hoc
1932 2505 2117 2531 noncom-

1226 2544 1377 2582 morandi
1406 2545 1567 2589 negotio,
1594 2545 1647 2577 sed
1674 2544 1754 2578 dum
1780 2544 1924 2579 semelin
1938 2554 2116 2585 annoprae-

1226 2597 1279 2633 dia
1300 2608 1339 2633 ac
1362 2595 1506 2639 ipsorum
1529 2593 1673 2629 familias
1691 2604 1731 2626 ex
1747 2592 1887 2626 Abbatis
1897 2592 2056 2627 mandato
2066 2594 2114 2626 vi-

1213 2647 1358 2683 ,fitarent
1378 2670 1386 2676 -
1412 2644 1521 2679 Sanffi
1546 2641 1714 2678 Benedicti
1738 2642 1868 2687 Regula
1886 2641 1969 2677 nihil
1991 2643 2114 2677 aversa-

1226 2708 1279 2732 tur
1298 2694 1423 2740 magis,
1449 2693 1547 2738 quam
1559 2694 1738 2729 solitarium
1750 2703 1840 2727 extra
1851 2690 2011 2727 Coenobii
2025 2694 2114 2736 septa

1228 2745 1436 2782 Monachum
1449 2768 1462 2785 ‚r
1487 2743 1628 2789 ideoque
1642 2743 1825 2779 nullatenus
1837 2744 1995 2786 permittit
2006 2743 2114 2787 ipsum

1229 2797 1264 2834 iu
1287 2796 1414 2841 praediis
1439 2806 1519 2832 cum
1542 2795 1737 2830 rusticorum
1765 2795 1929 2828 servorum
1949 2803 2007 2827 aut
2023 2793 2115 2828 colo·

1230 2858 1347 2883 norum
1370 2846 1496 2881 familia
1523 2843 1686 2879 habitare.
1724 2844 1827 2878 Datas
1854 2843 1911 2879 fibi
1938 2842 2115 2879 parochia-

1232 2897 1276 2933 les
1299 2896 1457 2932 Ecclefias
1491 2893 1637 2930 Abbates
1656 2895 1842 2938 frequenter
1873 2903 2044 2929 mutarunt
2075 2893 2113 2926 in

1231 2946 1338 2984 Cellas
1359 2958 1367 2981 :.
1392 2946 1436 2983 Et
1458 2956 1532 2979 cum
1553 2945 1615 2978 isto
1636 2955 1736 2979 onere
1759 2946 1945 2987 frequentet
1963 2944 1981 2978 ὲ
2002 2942 2113 2979 Laicis

1231 3007 1443 3041 acceperunt.
1471 2993 1600 3038 Nempe.
1622 2995 1761 3039 pingues
1781 2993 1938 3029 Ecclefias
1961 3019 1969 3027 .
1996 2994 2051 3026 Pii
2077 2994 2114 3026 fi-

1231 3046 1318 3083 deles
1340 3048 1518 3082 noluerunt
1531 3056 1572 3081 ex
1584 3044 1658 3088 ipfis
1669 3046 1804 3079 unicum
1819 3044 1975 3080 luxuriari
1986 3043 2114 3088 Pagen-

1232 3099 1297 3132 sem
1311 3097 1539 3139 Presbyterum
1552 3118 1562 3133 ,
1587 3095 1640 3130 sed
1651 3106 1786 3130 omnem
1799 3095 1926 3140 Pagum
1938 3095 2114 3131 voluerunt

1234 3147 1441 3185 honorari&
1461 3144 1546 3190 apud
1571 3145 1728 3181 Divinam
1751 3145 1957 3189 Majestatem
1982 3143 2114 3186 adjuva-

1233 3199 1259 3233 ri
1280 3197 1482 3242 quotidiano
1499 3195 1704 3232 Divinorum
1726 3197 1924 3231 officiorum
1936 3194 2115 3239 suffragio,

1233 3250 1266 3286 &
1286 3249 1349 3283 alia
1368 3250 1403 3282 in
1423 3245 1635 3282 Monasteriis
1655 3246 1810 3281 consueta
1822 3246 1956 3289 pietate.
1984 3243 2115 3278 Verum

1236 3310 1295 3336 nec
1316 3307 1397 3335 tune
1419 3296 1565 3333 exclusus
1586 3296 1650 3332 fuit
1682 3295 1885 3333 parochialis
1917 3292 2114 3339 Presbyter.

1236 3347 1397 3387 Monachi
1419 3346 1565 3384 latebant
1589 3349 1622 3383 in
1647 3348 1709 3384 suae
1729 3346 1826 3382 Geuae
1846 3343 1932 3388 apud
1954 3345 2067 3381 Deum
2079 3342 2115 3375 fi·

1238 3399 1338 3435 lentio
1362 3423 1373 3440 ,
1410 3399 1466 3432 ille
1501 3398 1589 3433 solus
1623 3399 1807 3433 animarum
1825 3407 1939 3432 cutam
1961 3394 2020 3429 sub
2041 3393 2116 3437 Epi·

1236 3452 1333 3497 scopo
1360 3447 1623 3485 administrabat.
1651 3445 1844 3486 Utebantut
1865 3446 1979 3483 eadem
1999 3444 2118 3528 1{Eccle-

1890 3507 1893 3509 ·
2012 3507 2063 3536 xa,
